4124 5880
533 420 588 531 78
904 426 989 507 nn
1038 422 1244 505 ussus
1292 424 1522 504 costis

476 590 537 688 tia
581 625 625 688 et
673 623 886 687 consensu
941 581 1153 683 Carolum
1204 574 1369 679 faciunt
1419 579 1696 699 certiorem,
1735 575 1955 728 simulque

474 734 577 832 alias
627 732 810 834 leviores
860 727 1044 827 rationes
1097 760 1399 866 proponunt,
1437 722 1599 865 quibus
1651 761 1829 867 accepta
1880 731 1955 833 in-

474 877 714 979 commoda
751 872 921 991 sanari,
959 911 1010 970 ac
1045 871 1093 971 in
1128 865 1328 970 futurum
1366 868 1594 1012 provideri
1645 906 1770 1010 posse
1820 871 1953 975 vide-

470 1058 629 1142 retur,
666 1019 806 1119 modo
843 1018 935 1156 ipse
987 1056 1042 1117 ne
1094 1050 1347 1156 gravaretur
1402 1010 1620 1113 diuturnis
1670 1011 1793 1115 bellis
1846 1056 1953 1119 mo-

473 1166 616 1285 dum,
656 1162 807 1304 quoad
843 1158 938 1260 fieri
986 1195 1129 1299 posset
1157 1233 1174 1285 ,
1206 1159 1474 1302 imponere,
1511 1196 1641 1300 seque
1691 1156 1807 1261 intra
1860 1165 1952 1266 Hi-

471 1308 646 1448 spaniae
685 1305 792 1407 fines
829 1303 1084 1404 continete.
1873 1407 1874 1411 Ν

543 1461 622 1553 ΙΧ.
700 1450 881 1553 Carolus
920 1483 1103 1566 autem,
1141 1445 1214 1546 cui
1251 1483 1390 1548 cetera
1427 1442 1582 1548 omnia
1627 1444 1814 1568 tenuia,
1849 1449 1949 1551 lon-‘

470 1635 562 1737 ga,
599 1630 641 1695 et
677 1594 891 1734 impedita
927 1632 1014 1692 esse
1050 1589 1347 1706 videbantur,
1381 1632 1474 1691 non
1528 1588 1612 1693 sibi
1664 1591 1836 1732 putavit
1889 1591 1949 1695 ab

471 1740 648 1879 incepto
690 1738 1029 1857 desistendum,
1071 1736 1145 1836 sed
1183 1739 1523 1876 exspectandum
1559 1734 1670 1876 quid
1716 1774 1949 1877 proceres,

470 1883 527 1982 de
563 1913 754 2023 quorum
791 1881 1016 1982 voluntate
1051 1879 1148 2019 plus
1195 1878 1278 1980 sibi
1322 1878 1649 2021 pollicebatur,
1686 1880 1944 1980 constituis-

469 2062 590 2134 sent;
625 2025 691 2124 his
728 2025 849 2128 enim
885 2023 970 2126 sibi
1005 2062 1177 2124 morem
1214 2023 1468 2165 gerentibus
1505 2062 1549 2124 et
1576 2017 1948 2165 suffragantibus,

467 2167 516 2269 in
550 2171 753 2269 eamdem
789 2167 1049 2272 sententiam
1085 2168 1283 2308 ipsorum
1318 2167 1575 2270 auctoritate
1612 2166 1846 2269 civitatum
1881 2169 1945 2268 le-

469 2349 596 2452 gatos
632 2313 792 2414 deduci
831 2353 955 2454 posse
992 2306 1289 2415 confidebat,
1322 2322 1512 2456 Legatos
1566 2313 1699 2454 igitur
1735 2310 1942 2453 quiesce-

468 2494 552 2573 re,
589 2495 670 2556 nec
706 2457 891 2597 amplius
929 2456 1095 2587 injussu
1131 2496 1210 2557 suo
1253 2456 1532 2557 consultandi
1581 2455 1721 2598 gratia
1771 2494 1945 2558 conve-

467 2597 562 2698 nire
597 2598 750 2729 jubet.
790 2602 862 2700 Ad
899 2637 1101 2740 proceres
1138 2635 1284 2703 autern
1321 2601 1586 2742 quotidiana
1621 2593 1714 2699 fere
1750 2638 1941 2703 consue-

469 2743 621 2842 tudine
658 2778 831 2844 coactos
869 2744 1097 2845 decretum
1128 2745 1452 2887 Episcoporum
1487 2742 1658 2864 mittit,
1694 2781 1948 2885 exspectans

394 2892 399 2901 ’
466 2881 633 2987 horum
670 2887 872 3029 exemplo
910 2925 954 2988 et
990 2889 1248 2988 auctoritate
1284 2928 1410 3030 posse
1450 2887 1700 2989 dubitantes
1738 2887 1937 3029 impelli.

467 3029 695 3129 Antistites
732 3032 897 3148 enim,
940 3068 991 3131 ut
1027 3068 1148 3134 erant
1198 3072 1350 3133 omnes
1387 3031 1535 3132 Caroli
1588 3026 1805 3130 beneficio
1857 3031 1942 3132 illis

466 3166 712 3273 honoribus
750 3210 792 3278 et
827 3172 1156 3275 Pontificatibus
1192 3176 1340 3290 aucti,
1371 3169 1743 3314 multifariamque
1779 3175 1936 3277 devin-

469 3313 564 3433 cti,
602 3313 718 3417 haud
753 3357 885 3460 aegre¹
929 3318 1175 3418 admodum
1227 3329 1317 3453 ejus
1353 3317 1572 3420 voluntati
1626 3320 1681 3418 de
1718 3324 1808 3416 Sita
1862 3317 1947 3419 tri-

470 3454 644 3560 buenda
679 3498 778 3561 sunt
815 3461 1045 3581 obsecuti,
1081 3463 1191 3562 dum
1227 3505 1275 3566 ea
1312 3498 1461 3564 tamen
1497 3462 1612 3562 intra
1648 3459 1867 3583 modum,
1901 3496 1948 3561 et

471 3604 528 3701 ad
565 3639 768 3747 tempus,
788 3605 1004 3745 certisque
1040 3605 1088 3706 in
1121 3603 1250 3706 rebus
1285 3606 1611 3748 imponeretur.
1650 3615 1946 3744 Quamquam

469 3745 681 3890 Episcopi
717 3750 772 3850 de
809 3791 852 3850 se
888 3752 1153 3871 dumtaxat,
1189 3751 1269 3892 qui
1304 3751 1456 3852 omnia
1492 3748 1658 3850 Carolo
1695 3747 1943 3870 deberent,

467 3886 586 4030 ipsos
624 3893 823 4032 polliceri
859 3929 903 3994 et
940 3894 989 3994 in
1028 3895 1242 3996 tributum
1278 3894 1522 3996 consentire
1558 3888 1809 4012 dicebant,
1850 3931 1948 3993 non

467 4035 523 4132 de
560 4037 711 4138 ceteris
747 4035 1051 4137 Sacerdotibus
1088 4073 1131 4137 et
1165 4038 1346 4139 Clericis
1382 4116 1396 4158 ,
1427 4076 1538 4179 quos
1575 4076 1600 4134 a
1636 4075 1679 4135 se
1718 4031 1944 4177 negabant

466 4176 537 4277 vel
572 4187 665 4310 jure
699 4180 771 4282 vel
806 4218 933 4281 more
979 4220 1103 4322 posse
1140 4182 1302 4285 invitos
1349 4180 1559 4323 compelli
1607 4179 1679 4281 vel
1715 4179 1931 4320 obligari.

468 4333 682 4424 Ceterum
718 4366 772 4426 eo
810 4363 995 4467 quoque
1030 4326 1210 4428 adducti
1245 4360 1346 4427 sunt
1380 4323 1618 4468 Episcopi,
1654 4323 1774 4463 quod
1797 4329 1949 4423 vSisara

467 4468 637 4567 cunctis
667 4469 899 4571 ordinibus
937 4461 1290 4591 conferentibus,
1322 4472 1517 4574 Clericos
1553 4463 1645 4569 fore
1680 4500 1819 4565 cetera
1856 4463 1946 4565 im-

467 4648 621 4712 munes
658 4612 840 4713 Carolus
890 4612 1220 4755 pollicebatur:
1262 4614 1427 4714 Clerici
1477 4612 1598 4715 eninr
1633 4610 1938 4751 Ecclesiaeque

466 4753 516 4856 in
552 4755 768 4898 Hispania
806 4767 900 4891 jam
938 4759 1109 4900 pridem
1145 4759 1192 4858 in
1223 4755 1488 4902 reipublicae
1523 4750 1856 4858 difficultatibus
1899 4787 1944 4852 et

1849 4910 1947 5001 Re-
