4034 5858
121 546 185 613 ⁴11.
216 538 300 609 288.
331 528 375 606 ln
410 536 480 622 ejtn
500 531 649 606 tentorio
682 539 803 606 Caesar

118 663 261 735 corpus
292 636 461 727 jentaculo
495 653 612 704 curat.
649 640 696 705 II.
721 636 803 704 288.

120 738 290 810 Consilio
315 734 458 806 invicem
488 734 739 806 communicato
768 759 806 805 a-

120 841 199 911 cies
217 838 386 917 instruere,
399 853 579 927 antequam
598 834 720 904 nebula
738 834 806 904 dis-

139 939 314 1016 cutiatur,
342 932 499 1022 jubetur.
524 938 568 1002 ΙΙ.
588 934 671 1002 288.
689 938 727 1002 ln
741 933 809 1004 ho,

137 1037 242 1107 stittm
257 1053 497 1129 conspectum,
511 1031 596 1127 qnid
612 1032 739 1102 consilii
754 1057 807 1103 ca-

124 1135 253 1232 piant,
275 1130 538 1204 consideraturus
559 1131 709 1228 procedit
737 1181 748 1215 ,
772 1152 806 1200 et

122 1236 284 1305 ¹reversus
320 1233 447 1302 Carolo
483 1231 650 1302 renuntiat
698 1231 807 1302 hostes

121 1355 271 1431 pugnae
300 1354 363 1400 sese
395 1352 615 1424 comparare.
639 1335 686 1400 II.
723 1331 805 1400 288.

134 1432 300 1505 Hostium
321 1447 427 1501 castra
453 1428 608 1501 invadere
621 1428 724 1520 jussus
740 1429 806 1500 ho-

126 1553 200 1605 stes
216 1553 331 1600 omnes
350 1531 384 1599 in
403 1527 501 1598 armis
522 1552 585 1600 esse
619 1529 803 1626 cognoscit,

135 1652 172 1702 et
186 1654 219 1700 re
236 1628 359 1699 insecta
373 1626 523 1698 discedit.
536 1634 603 1698 IL2
609 1647 668 1718 94.
685 1631 719 1698 A
737 1633 806 1697 Ca-

124 1731 214 1804 ¹rolo
232 1728 380 1824 deposcit
405 1746 437 1795 et
454 1726 606 1810 obtinet,
636 1745 674 1797 ut
693 1725 751 1795 sibi
764 1727 804 1795 li-

137 1849 299 1903 ceatcum
328 1825 479 1920 equitatu
511 1825 658 1896 hostium
693 1844 803 1896 extre·

138 1952 230 2001 mum
248 1949 366 2025 agmen
388 1947 538 2020 carpere.
559 1931 605 1994 ll.
620 1944 699 2010 299.
716 1926 802 1994 Col-

136 2028 276 2098 liculnm
295 2042 486 2120 occuparet
507 2041 620 2093 tuetur
633 2027 706 2093 .-1[.
723 2045 801 2116 300.

136 2126 341 2220 Tinspinum
377 2121 512 2218 recipit.
548 2126 594 2192 II.
623 2144 702 2214 302.
741 2120 803 2204 Vi-

112 2219 371 2321 'tembergensis
400 2219 534 2293 ditionis
575 2220 697 2316 oppida
735 2217 802 2291 scre

125 2323 249 2400 ‘omnia
279 2325 313 2393 in
346 2321 461 2391 Caroli
492 2336 688 2415 potestatem
713 2318 801 2389 redi·

126 2425 209 2523 git.
238 2426 284 2492 II.
318 2442 396 2514 305.
424 2420 686 2518 Norembergam
723 2443 800 2488 cum

137 2519 289 2591 exercitu
336 2520 584 2613 praemittitur.
626 2525 672 2588 ll.
722 2541 802 2611 31¹·

136 2623 309 2689 Summam
335 2615 392 2688 dili
417 2619 541 2689 entiam
570 2617 603 2687 in
625 2614 721 2688 Albis
744 2641 802 2688 va-

137 2716 183 2789 do
203 2642 435 2810 conquirendo
460 2716 612 2786 adhibet.
642 2722 688 2786 II.
720 2738 801 2810 314·

136 2815 255 2889 Albim
274 2837 353 2886 cum
365 2815 492 2885 Carolo
507 2814 639 2904 trajicit.
656 2821 702 2885 ΙΙ.
721 2837 801 2909 315·

127 2913 262 2987 ¹Hostes
289 2912 526 3007 consequitur,
543 2932 644 3005 atque
672 2913 719 2984 ira
745 2937 802 2986 eos

131 3033 254 3112 urget,
268 3033 307 3084 ut
332 3013 418 3084 Saxo
444 3011 617 3082 consistere
649 3032 800 3111 cogatur.

138 3116 184 3185 11.
206 3116 285 3205 316.
307 3110 481 3211 Pugnandi
497 3111 705 3182 occasionem
730 3137 800 3182 non

134 3212 409 3310 praetereundam
422 3212 547 3282 Carolo
569 3211 799 3307 persuadenll.

142 3335 220 3406 317.
243 3314 366 3383 Hostes
387 3312 421 3385 in
445 3309 560 3408 fugam
583 3311 728 3398 conjicit.
753 3315 800 3381 II.

130 3428 221 3504 317.
244 3409 420 3506 Hispanis,
452 3408 574 3480 Italicis
608 3431 640 3478 ct
656 3413 801 3506 Hunga-

138 3509 180 3578 ris
221 3508 364 3602 primam
399 3507 487 3602 capti
522 3508 657 3580 Saxonis
692 3508 801 3578 Ducis

129 3604 270 3678 ‹laudem
282 3608 342 3679 sibi
364 3604 628 3699 vindicantibus,
647 3607 743 3676 illum
758 3629 800 3679 ex
827 3633 833 3660 ³

137 3729 252 3777 eorum
294 3704 447 3777 manibus
483 3724 633 3800 creptum
678 3705 798 3776 dextro

134 3805 221 3876 illius
247 3805 339 3876 lateri
358 3804 533 3876 cohaerens
569 3803 613 3874 ad
637 3805 798 3874 Carolum

131 3902 296 3974 deducit.
332 3908 379 3972 Il.
405 3904 483 3996 318.
511 3899 570 3971 Ad
594 3925 732 3973 coenam
763 3902 800 3972 in·

130 4019 244 4072 'arcem
263 4001 396 4072 Hessiae
410 3998 649 4096 Lantgravium
666 4000 796 4083 invitat,

137 4120 171 4170 et
191 4101 259 4189 ejus
280 4098 464 4170 custodiam
482 4099 602 4190 Joanni
622 4101 797 4169 Guevarae

134 4198 258 4269 tradit.
284 4203 330 4267 II.
361 4218 440 4291 325.
478 4203 518 4267 ln
551 4197 744 4293 Hispaniam
778 4220 798 4268 a

129 4297 262 4368 'Carolo
281 4297 395 4365 missus
405 4296 517 4365 omnia
531 4342 541 4378 ,
557 4310 645 4387 'quae
657 4296 700 4365 ad
716 4319 795 4391 pro-

132 4394 309 4466 fectionem
344 4392 483 4488 Philippi
513 4411 545 4460 ct
575 4417 696 4463 novam
724 4394 796 4465 for-

134 4516 223 4566 mam
256 4514 291 4562 et
330 4490 482 4562 ordinem
523 4489 662 4560 familiae
694 4492 795 4587 perti·

138 4612 237 4674 nent,
263 4591 305 4660 ad
324 4612 452 4661 motem
477 4587 687 4686 Burgundiae
706 4591 811 4660 insta.

133 4688 222 4756 tuit.
247 4694 293 4757 II.
322 4694 401 4782 346.
436 4688 615 4761 Prandenti
636 4688 794 4784 Philippo

74 4867 83 4871 p
133 4784 285 4856 officium
328 4805 469 4881 praestat
525 4785 794 4856 administrorum

132 4879 311 4998 praefecti.
338 4891 384 4957 ΙΙ.
411 4907 486 4977 347.
511 4886 626 4959 Caroli
649 4885 795 4959 Caesaris

901 531 1043 606 familiae
1053 436 1256 630 praesecAtiisB
1247 533 1446 632 Philippum,
1457 529 1564 606 Maxi*

898 634 1077 706 milianum
1097 633 1140 703 ad
1163 635 1373 726 Qtemadanr
1402 637 1565 704 salutatu*
1661 630 1664 636 ⁴

906 758 1001 817 rum,
1024 731 1226 804 comitatur.
1255 741 1301 804 ΙΙ.
1323 754 1400 827 349.
1440 734 1565 828 Philip-

888 857 990 946 pum
1021 831 1063 902 acl
1091 832 1275 929 Rhodopes
1302 856 1438 931 portum
1461 832 1567 930 profi-

911 950 1087 1004 crscentem
1105 951 1302 1003 assectatur.
1326 939 1372 1002 ΙΙ.
1393 954 1471 1027 351.
1489 930 1570 1003 Phi-

907 1031 1001 1128 lippo
1019 1053 1061 1102 ex
1096 1031 1277 1128 Rhodopes
1304 1053 1405 1127 portu
1433 1033 1571 1128 naviga-

908 1151 988 1200 turo
1004 1130 1118 1200 adest.
1145 1138 1192 1200 ΙΙ.
1214 1155 1292 1226 333.
1314 1138 1353 1204 10
1372 1131 1569 1229 praetoriam

892 1228 1050 1326 >Philippi
1092 1231 1264 1301 voluntate
1304 1232 1480 1344 recipitur.
1525 1233 1573 1298 II.

912 1351 993 1423 354.
1025 1336 1066 1399 ln
1106 1330 1232 1400 Doriae
1259 1353 1460 1426 praetorium
1495 1352 1573 1398 cunt

909 1428 1062 1525 Philippo
1097 1433 1260 1500 Asturum
1284 1430 1433 1525 Principe
1463 1425 1576 1496 diver·

911 1526 971 1598 tit.
996 1534 1041 1598 ΙΙ.
1064 1532 1142 1622 360.
1168 1532 1201 1599 Α
1221 1548 1316 1626 tergo
1339 1528 1481 1625 Philippi
1498 1529 1575 1596 Me-

910 1625 1088 1700 diolanum
1125 1627 1277 1698 intrantis
1312 1628 1358 1698 it.
1401 1633 1446 1698 II.
1493 1630 1572 1718 363.

908 1724 1062 1823 Nuptiali
1101 1727 1285 1824 Gonzagae
1323 1726 1408 1798 filiae
1453 1746 1575 1795 coenae

908 1847 986 1895 cum
1003 1825 1157 1922 Philippo
1170 1825 1357 1896 accumbit.
1375 1832 1422 1896 ΙΙ.
1444 1847 1459 1917 3
1491 1846 1522 1915 5.
1540 1827 1574 1894 A

909 1927 1034 1995 Carolo
1055 1925 1250 2011 nominatim
1259 1946 1427 2006 evocatus,
1443 1927 1575 1994 Malaca

910 2046 989 2093 eum
1017 2023 1113 2093 classe
1135 2024 1254 2108 solvit,
1279 2045 1312 2093 et
1340 2026 1496 2094 Genuam
1515 2046 1574 2115 ap-

910 2123 1025 2217 pellit.
1050 2127 1095 2191 Il.
1116 2146 1198 2216 430.
1217 2127 1339 2194 Genua
1366 2122 1504 2193 mutatis
1530 2117 1597 2200 ad¹

911 2223 1110 2290 celeritatem
1126 2223 1217 2315 equis
1234 2221 1360 2292 Carolo
1369 2223 1462 2311 juxta
1479 2223 1574 2288 Oen-

910 2319 1090 2415 spruchum
1106 2321 1225 2392 obvius
1242 2320 1280 2393 fit
1294 2369 1303 2388 .
1318 2319 1364 2391 ll.
1379 2343 1423 2416 43
1435 2345 1463 2391 r.
1480 2324 1573 2390 Cum

908 2434 1002 2513 parte
1025 2417 1197 2516 copiarum
1230 2428 1418 2516 Augustam
1457 2417 1574 2514 reeipi-

905 2535 987 2588 tur.
1017 2522 1060 2588 lI.
1090 2543 1175 2613 432.
1208 2517 1240 2590 A
1269 2524 1395 2593 Carolo
1436 2518 1572 2615 delega-

904 2638 962 2690 tur
989 2625 1176 2716 ,proxima
1204 2621 1325 2692 scilicet
1369 2621 1430 2691 sibi
1463 2619 1573 2712 impe·

905 2716 1002 2789 randi
1036 2718 1191 2793 facultate
1221 2719 1363 2789 tributa.
1397 2723 1454 2791 ,ΙΙ.
1483 2736 1570 2808 432.

904 2821 945 2888 In
974 2818 1280 2917 Vitembergensem
1303 2821 1480 2889 Ducatum
1513 2837 1571 2884 co-

872 2983 876 2989 .
903 2914 972 3011 pias
998 2915 1149 2987 inducit.
1171 2922 1216 2986 ll.
1233 2939 1322 3010 432.
1345 2923 1472 3010 Rursus
1492 2936 1570 3008 par-
1596 2972 1601 2978 .

896 3013 972 3083 titis
996 3015 1099 3110 copiis
1123 3015 1244 3087 Metim
1270 3014 1387 3088 urbem
1418 3011 1568 3084 obs³dcre
1628 3057 1630 3059 »

902 3131 937 3181 et
973 3136 1166 3210 oppugnare
1193 3114 1385 3184 constituit.
1411 3117 1456 3183 11.
1480 3132 1567 3204 433.

902 3209 1082 3282 Albertum
1111 3212 1437 3310 Brandeburgensem
1456 3217 1567 3283 Caro-

902 3310 937 3379 lo
966 3309 1199 3382 reconciliandi
1214 3313 1387 3383 consilium
1405 3309 1491 3379 init.
1517 3313 1564 3380 11.

895 3428 988 3502 433.
1009 3412 1141 3481 Nassavi
1165 3410 1296 3480 Comiti
1310 3409 1375 3480 hoc
1392 3405 1563 3505 negotium

896 3505 1055 3577 mandat.
1077 3514 1123 3578 ll.
1153 3531 1238 3602 434.
1277 3512 1311 3578 A
1339 3509 1463 3578 Carolo
1504 3527 1562 3575 ve-

900 3607 989 3677 niam
1020 3605 1163 3677 Alberto
1195 3603 1475 3702 Brandeburgcnsi
1492 3602 1558 3673 im-

900 3722 1027 3802 petrat.
1050 3710 1097 3774 Il.
1124 3730 1208 3802 434.
1243 3705 1361 3777 Metim
1389 3699 1560 3773 obsidendi

901 3803 1026 3875 consilii
1057 3826 1159 3898 paene
1177 3807 1263 3876 solus
1286 3823 1403 3874 auctor
1423 3821 1491 3884 est,
1504 3822 1561 3869 ce-

899 3899 975 3971 teris
998 3901 1167 3996 praefectis
1194 3900 1454 3974 dissentientibus
1482 3948 1493 3982 ,
1527 3916 1562 3968 et

901 3998 980 4069 anni
995 4018 1145 4095 tempore
1176 4001 1388 4072 dehortante.
1413 4003 1459 4068 Il.
1476 4000 1562 4089 436.

901 4098 960 4168 Ad
977 4121 1141 4170 summam
1166 4124 1281 4171 curam
1301 4121 1333 4169 et
1357 4096 1561 4195 diligentiam

900 4195 1083 4268 obsidionis
1105 4220 1138 4268 et
1153 4196 1412 4298 oppugnationis
1442 4216 1563 4294 urgen-

895 4294 961 4365 dae
997 4295 1077 4366 nihil
1107 4298 1166 4368 sibi
1195 4301 1356 4392 reliquum
1380 4295 1481 4379 facit,
1505 4288 1562 4362 sed

894 4393 1083 4465 incassum.
1108 4401 1153 4464 ΙΙ.
1171 4403 1254 4489 436.
1282 4393 1424 4469 Kalend.
1441 4398 1563 4486 Janua*

901 4492 954 4561 riis
989 4516 1066 4562 curn
1087 4491 1274 4591 &hominum
1310 4520 1406 4591 supra
1446 4494 1476 4564 vi
1502 4489 1564 4560 inti

900 4590 1051 4682 quinque
1077 4592 1215 4661 millium
1230 4595 1357 4682 jactura
1379 4615 1413 4662 re
1443 4517 1564 4663 iniecta

898 4689 1072 4771 discedit,
1117 4693 1294 4762 necessitati
1339 4691 1480 4764 cedens.
1517 4693 1563 4758 ΙΙ.

898 4810 983 4878 437.
1014 4786 1204 4884 Philippum
1226 4792 1409 4886 Principem
1434 4792 1467 4859 in
1491 4785 1565 4856 Bri-

900 4887 1047 4959 tanniam
1083 4890 1265 4964 soluentem
1288 4893 1492 4964 comitatur.
1520 4888 1566 4952 Il·

1432 5066 1443 5082 a
1477 4990 1561 5078 498·
