4170 5866
548 445 800 532 cauom
834 447 888 524 v.
938 443 1056 528 Lus.
1095 450 1218 543 xxr.
1490 467 1575 561 157

145 605 466 750 Hispanorum
503 601 659 705 dolote
694 641 826 745 atque
862 602 1193 726 incommode,
1226 632 1336 710 non¹
1356 606 1497 717 modo
1533 614 1632 739 do<

139 753 241 853 tale
276 751 513 893 Belgium,
549 749 621 873 sed
672 784 820 847 totum
871 747 1007 849 etiam
1044 749 1298 890 Hispanum
1348 758 1618 899 Imperium,

139 936 258 997 uno
296 896 456 994 scilicet
492 889 699 1032 Philippo
738 891 830 992 sine
866 889 1012 992 liberis
1048 894 1318 1017 decedente,
1354 900 1411 999 ad
1446 903 1625 1006 Gallum

138 1036 422 1139 hereditatio
460 1044 555 1166 jure
609 1034 864 1174 pervenire.
924 1047 1019 1137 Rex
1055 1075 1206 1138 autem
1257 1040 1403 1180 palam
1450 1046 1626 1184 pollici-

155 1218 233 1282 tus
271 1178 384 1277 nihil
421 1180 476 1278 de
513 1218 589 1279 sua
642 1178 691 1278 in
727 1180 940 1279 Carolum
976 1180 1173 1281 amicitia
1207 1260 1224 1302 ,
1260 1184 1431 1285 etiamsi
1466 1185 1523 1287 ab
1571 1230 1627 1289 eo

149 1322 275 1426 nihil
311 1322 619 1461 impetrasset,
655 1321 902 1424 detractum
938 1323 1026 1445 iri,
1063 1359 1215 1425 tamen
1249 1368 1322 1428 veo
1375 1330 1628 1471 cupiditatis

152 1500 468 1609 processerat,
503 1501 554 1564 ut
591 1505 744 1566 omnes
781 1466 1056 1568 conditiones
1090 1468 1263 1609 iniquas
1300 1512 1386 1573 esse
1423 1477 1629 1597 duceret,

161 1611 252 1710 nisi
303 1607 613 1708 Mediolanum
666 1610 867 1710 Hentico
918 1608 1011 1710 filio
1064 1651 1144 1712 suo
1180 1691 1195 1732 ,
1231 1618 1348 1716 unde
1400 1613 1525 1718 facilc
1579 1621 1629 1720 in

160 1754 394 1854 Gallorum
429 1764 610 1895 Regum
647 1788 907 1892 perpetuam
944 1752 1159 1857 ditionem
1195 1757 1421 1897 pervenire
1457 1797 1628 1904 posset,

159 1896 460 2006 tribueretutt
497 1935 600 1997 nam
635 1896 839 2038 Belgium
875 1898 1062 2018 dotale,
1100 1899 1185 2000 nisi
1220 1903 1366 2006 statim
1402 1907 1629 2044 possiden-

163 2042 277 2143 dum
314 2043 588 2162 traderetur,
617 2039 749 2148 inane
786 2039 1052 2181 promissum
1088 2043 1346 2184 reputabar.
1384 2059 1510 2168 Quae
1546 2090 1630 2190 po

162 2186 322 2286 stolata
358 2184 542 2286 Carolus
578 2184 739 2325 partim
774 2180 832 2282 ab
867 2183 1011 2284 Italiae
1063 2186 1241 2327 publica
1277 2190 1425 2331 quiete
1475 2231 1526 2291 ac
1572 2234 1628 2294 o-

165 2331 327 2430 mnino
364 2327 720 2431 Christianorum
756 2327 1074 2467 tranquillitate
1122 2331 1314 2431 multum
1367 2331 1599 2436 abhorrere
1613 2320 1628 2458 ,

164 2475 327 2616 partim
364 2474 494 2617 plena
538 2469 824 2615 cupiditatis,
860 2502 904 2576 et
954 2468 1107 2618 iniqua
1158 2476 1344 2592 omnia,
1378 2512 1428 2577 ut
1474 2516 1628 2606 erant,
1726 2540 1729 2551 =

166 2618 228 2720 sic
267 2658 357 2720 esse
393 2615 645 2751 judicabat.

236 2774 291 2863 11.
365 2777 464 2868 Rex
499 2763 636 2905 igitur
672 2801 784 2903 spe,
809 2800 945 2904 quam
982 2800 1147 2866 temere
1182 2801 1470 2908 conceperat,
1507 2765 1631 2866 Prin·

161 2903 335 3047 'cipatus
368 2905 711 3008 Mediolanensis
765 2906 955 3040 dejectus
991 2984 1006 3026 ,
1042 2908 1161 3046 velut
1213 2947 1389 3049 accepta
1439 2910 1632 3040 injuria,

163 3052 288 3190 quod
325 3091 437 3192 quae
472 3047 631 3182 injuste
668 3084 711 3149 et
746 3050 1063 3192 cupidissime,
1100 3052 1225 3191 quasi
1262 3051 1454 3153 fidei'ac
1491 3048 1631 3153 officii

165 3197 446 3314 mercedem,
481 3195 691 3335 petebat,
728 3233 821 3294 non
857 3194 1163 3335 impetrasset,
1200 3196 1254 3296 de
1289 3195 1407 3296 bello
1460 3195 1634 3336 cogita-

167 3374 216 3437 re
251 3338 425 3480 coepit.
478 3341 561 3439 Sed
596 3378 699 3437 cum
752 3377 795 3437 se
845 3336 1011 3438 viribus
1066 3338 1284 3479 imparem
1339 3379 1426 3439 esse
1465 3338 1631 3436 Carolo

166 3477 290 3582 bellis
326 3478 539 3583 omnibus
576 3514 683 3580 esset
719 3516 946 3623 expertus,
981 3516 1032 3581 ut
1068 3484 1251 3584 externis
1297 3482 1453 3623 opibus
1503 3481 1634 3612 adju-

166 3655 233 3725 tus
267 3620 490 3727 fortunam
526 3622 630 3725 belli
676 3661 814 3723 mrsus
868 3660 1089 3745 tentaret,
1126 3628 1183 3725 ad
1217 3625 1503 3760 Solymanum
1556 3662 1634 3724 au-

165 3768 268 3868 xilia
320 3807 495 3870 oratum
549 3768 721 3868 mittere
771 3767 1037 3886 constituit,
1069 3776 1318 3890 Turcarum
1354 3767 1635 3908 Principem,

166 3921 292 4042 cujus
339 3911 580 4013 amicitiam
617 3947 659 4012 et
694 3910 947 4013 societatem
997 3913 1053 4011 ad
1105 3906 1221 4010 bello
1258 3912 1470 4011 Carolum
1520 3911 1637 4009 inse·

166 4055 380 4194 trandum
416 4066 504 4185 jam
542 4091 677 4175 ante,
714 4093 796 4155 nec
846 4053 979 4156 semel
1031 4055 1330 4196 expetiverat,
1366 4090 1409 4154 et
1458 4051 1637 4152 consilia

165 4237 241 4336 per
277 4201 551 4303 Femandum
600 4199 878 4302 Rinconium
929 4207 1150 4340 Legatum
1198 4197 1629 4299 communicaverat.

167 4350 269 4441 Erat
303 4380 450 4443 autem
485 4343 731 4447 Rinconius
768 4342 950 4442 natione
987 4343 1247 4481 Hispanus,
1278 4381 1330 4439 ex
1366 4336 1660 4476 Methymna

169 4488 440 4625 campestri,
490 4486 632 4588 homo
682 4483 906 4625 impiger,
943 4523 1038 4584 acer
1094 4522 1138 4584 et
1192 4482 1465 4604 industrius,
1520 4483 1633 4623 qui,

172 4666 272 4726 cum
307 4632 615 4731 adCarolum
652 4630 1010 4746 adolescentem,
1044 4626 1092 4726 in
1127 4635 1250 4758 cujus
1287 4627 1434 4727 Italico
1472 4624 1638 4727 exerci-

174 4803 222 4870 tu
258 4775 459 4875 ordinem
500 4777 709 4891 duxerat,
744 4773 792 4873 in
827 4771 1028 4912 Belgium
1062 4771 1278 4891 venisset,
1339 4809 1383 4872 et
1419 4769 1639 4911 quaedam

1546 4944 1656 5007 non*
