4170 5866
247 135 334 228 154
638 120 724 202 nn
771 118 978 200 nonus
1027 113 1248 202 cnsrrs

206 287 469 387 retinentem
504 275 692 397 urbem,
730 315 973 419 progressus
1008 276 1231 396 Carolus,
1267 313 1388 418 qua,
1421 312 1472 377 ut
1509 319 1562 380 ex
1598 274 1672 384 iti-

204 421 1672 587 ιωΜώΜωΜηωὼψωω,ὼι

208 575 274 677 ibi
308 571 440 674 festos
475 578 747 670 Pentecostes
785 602 828 667 et
863 567 1044 738 aliquot
1073 603 1289 709 praeterea
1324 568 1563 710 transegit,
1590 578 1671 672 Pe-

210 755 280 820 tro
316 717 500 819 Velasco
537 711 903 832 Comestabili,
893 751 940 811 ιιι
960 721 1097 874 cujus
1132 711 1312 812 aedibus
1349 710 1669 837 diversabatur,

209 862 435 1002 splendide
471 897 639 960 mensas
674 850 978 996 Imperatorias
1024 856 1305 977 instruente,
1342 893 1387 958 et
1422 856 1671 962 aulicorum

208 1004 376 1106 bonam
415 1039 584 1145 partem
619 999 852 1101 liberaliter
888 1000 1057 1103 alente.

280 1159 451 1252 XXVI
526 1157 590 1246 Ex
626 1143 777 1288 Burgis
827 1139 1099 1285 profectus,
1135 1185 1185 1245 ac
1236 1141 1433 1248 Idubeda
1482 1184 1670 1271 monte,

209 1332 300 1436 qua
352 1293 462 1392 olim
510 1325 600 1389 erat
648 1329 710 1431 op
744 1290 869 1389 idum
905 1298 1069 1407 Auca,
1102 1327 1348 1430 superato,
1379 1328 1455 1433 pet
1489 1294 1668 1430 OEiogiam

209 1473 414 1538 vocatam
456 1429 663 1535 frumenti
710 1331 1069 1537 ieracissimam
1073 1435 1293 1536 vallem
1279 1472 1392 1536 mter
1426 1429 1669 1539 Idubedam

209 1616 254 1681 et
287 1581 460 1683 Iberum
496 1617 676 1679 amnem
710 1579 916 1680 Sanctum
951 1578 1247 1683 Dominicum
1287 1579 1666 1722 praetergreditur,

207 1723 428 1826 urbem
416 1762 463 1823 ιιι
498 1721 570 1822 via
588 1762 754 1863 ,quae
806 1763 859 1825 ex
894 1724 1034 1824 Gallia
1086 1724 1410 1865 Germaniaque
1459 1734 1667 1886 Compo-

206 1868 376 1970 stellam
412 1866 566 1988 ducit,
604 1902 748 1969 vetere
784 1867 999 1969 miraculo
1034 1869 1250 1971 celebrem
1286 1866 1541 1969 hominis
1528 1905 1666 1969 mno-

204 2013 378 2134 centis,
415 2012 495 2152 qui
530 2011 692 2112 multos
728 2046 839 2175 post
880 2012 971 2113 dies
1022 2053 1075 2112 ex
1124 2011 1361 2177 patibulp,
1399 2048 1443 2113 et
1479 2011 1667 2154 gallinae

240 2089 400 2297 alliqtie
451 2156 727 2318 gallinacei,
764 2195 845 2297 qur
896 2197 948 2256 ex
996 2156 1117 2257 lance
1165 2161 1222 2259 acl
1274 2159 1415 2259 vitam
1464 2158 1662 2259 revocati

124 2418 127 2425 ¹
205 2196 336 2401 bisse
371 2294 626 2425 feruntur,
662 2301 725 2401 rei
776 2301 1037 2403 memoriam
1073 2301 1189 2444 gallo
1225 2302 1473 2443 gallinaque
1513 2300 1667 2401 multis

205 2444 358 2545 seculis
394 2443 652 2545 continuata
693 2445 906 2587 progenie
956 2439 1273 2566 referentibus,
1310 2445 1392 2587 qui
1439 2440 1587 2546 forma
1622 2479 1667 2548 et

204 2588 443 2691 candore
431 2589 596 2732 insigni
631 2587 679 2689 in
713 2628 826 2690 cavo
870 2589 1057 2690 maximi
1106 2590 1263 2730 templi
1314 2591 1478 2732 pariete
1529 2588 1667 2692 etiam

205 2772 322 2833 nunc
358 2769 658 2851 asservantur,
683 2772 727 2835 et
763 2775 789 2836 a
824 2733 1067 2835 viatoribus
1103 2773 1198 2836 non
1233 2733 1324 2835 sine
1361 2734 1553 2876 quadam
1589 2734 1667 2836 ad-

204 2876 440 2978 miratione
489 2912 533 2978 et
566 2877 847 2979 veneratione
882 2878 1125 2999 visuntur,
1166 2878 1419 3021 praesertim
1468 2876 1610 2978 ab
1578 2916 1661 2999 ns,

180 3021 287 3161 'qui
323 3063 375 3122 ex
411 3022 670 3165 longinquis
706 3018 962 3165 regionibus
997 2956 1410 3164 Com’postellanum
1446 3022 1555 3124 Divi
1580 3026 1662 3157 Ja-

203 3161 307 3266 cobi
343 3166 586 3306 sepulcrum
621 3163 845 3307 religionis
880 3167 1018 3308 gratia
1055 3202 1243 3308 petunt,
1275 3168 1355 3309 qui
1390 3166 1561 3307 plumas
1596 3198 1661 3265 et-

43 3401 48 3411 .
171 3306 295 3409 iam
332 3348 488 3410 eorum
523 3343 817 3414 monumenta
865 3310 1067 3412 miraculi
1118 3314 1307 3415 domum
1358 3304 1518 3413 referre
1554 3349 1662 3453 gau

203 3453 338 3555 dent

274 3609 461 3699 XXVII.
539 3576 611 3701 Ad
664 3598 991 3744 Logronium,
1028 3599 1312 3765 oppidum
1298 3639 1347 3702 ιιι
1397 3555 1602 3701 lberi
1565 3637 1663 3740 rrpa

198 3778 340 3884 prope
377 3741 535 3844 Variae
573 3741 693 3846 urbis
729 3745 935 3887 antiquae
973 3747 1158 3887 vestigia
1207 3746 1374 3864 situm,
1413 3781 1664 3886 progressus

197 3887 413 4008 Carolus,
450 3920 493 3987 et
528 3888 619 3987 dies
661 3889 834 4030 aliquot
887 3923 1220 4008 commoratus,
1258 3924 1472 3990 vetustate
1523 3886 1664 3988 colla-

194 4025 345 4130 bentes
380 4070 530 4132 muros
566 4032 736 4151 refici,
765 4071 809 4133 et
845 4071 1071 4194 pontem,
1106 4073 1200 4197 quo
1235 4032 1381 4134 Iberus
1417 4030 1483 4132 ibi
1529 4068 1662 4132 com-

193 4175 425 4296 mittitur,
461 4179 648 4318 reparari
695 4110 851 4312 jtibet.
908 4177 1030 4278 Hinc
1081 4179 1328 4279 aulicorum
1367 4174 1486 4274 bona
1537 4211 1660 4313 parte

190 4253 502 4421 Montisotiem
548 4357 661 4423 recta
710 4320 1171 4485 proficiscentibus,
1159 4359 1251 4462 rpse
1302 4316 1480 4420 flexo
1469 4316 1659 4440 ttinere,

186 4460 403 4608 Iberoque
439 4465 645 4608 protinus
683 4466 968 4584 transmisso,
1003 4473 1250 4568 Navarrarn
1286 4461 1570 4607 ingreditur,
1607 4502 1662 4564 ac

1483 4613 1648 4707 Pom
