4034 5858
476 437 719 518 CAROLI
758 435 811 516 V.
854 438 971 516 LIB.
1013 442 1150 517 XXX.
1387 457 1492 522 ’ὕοι

89 587 252 732 petitus
288 588 336 692 in
373 592 558 734 patriam
598 632 700 693 cum
750 593 1040 711 revertisset,
1083 592 1207 732 quod
1257 624 1348 690 tam
1404 590 1539 754 longe

91 735 164 835 diu
201 736 370 875 petenti
404 736 593 837 restricte
626 733 801 834 fortuna
837 772 1115 874 negaverat,
1150 735 1197 834 id
1234 734 1358 834 domi
1394 774 1538 874 paucrs
1657 752 1660 757 ’

88 875 242 978 diebus
293 877 501 981 eidem
489 877 767 1016 investiganti
816 878 992 1018 largiter
1041 875 1247 997 tribuit,
1290 914 1537 978 monstrato

87 1021 263 1120 metallo
299 1058 391 1122 tam
427 1022 522 1121 dite
553 1059 703 1137 vena,
740 1054 789 1118 ut
824 1060 876 1117 ex
911 1052 1032 1120 eruta
1067 1057 1202 1120 massa
1254 1055 1387 1119 tettae
1440 1061 1534 1121 sex-

87 1194 178 1262 tam
204 1164 389 1264 circiter
410 1200 579 1303 partem
613 1160 783 1300 argenti
818 1164 977 1263 secerni
1010 1161 1134 1301 quasi
1169 1161 1420 1299 legitimum
1457 1160 1537 1260 ha

88 1302 271 1411 beatum
298 1307 409 1445 quin
444 1306 576 1405 etiam
613 1345 664 1402 ex
699 1342 790 1400 uno
814 1340 949 1441 puteo
986 1306 1244 1442 plusquam
1280 1303 1404 1402 tertia
1439 1342 1535 1440 pars

88 1446 423 1568 secernebatur,
457 1448 574 1546 unde
611 1440 748 1544 tribus
783 1444 1000 1547 mensibus
1049 1481 1279 1587 argentum
1330 1443 1534 1548 effossum

87 1621 189 1706 est,
224 1593 347 1728 quod
396 1626 572 1692 centum
609 1586 929 1728 quinquaginta
980 1627 1210 1688 aureorum
1246 1626 1533 1689 nummorum

86 1727 342 1832 drachmalis
378 1731 582 1872 ponderis
617 1725 810 1827 millibus
847 1730 1043 1830 valebat.

157 1882 317 1973 XVIII.
391 1874 551 1972 Totius
606 1906 753 1969 autem
788 1872 959 2009 negotii
1002 1908 1179 2010 propter
1214 1871 1277 1969 rei
1314 1872 1532 2054 magnitu-

85 2011 234 2112 dinem
270 2049 310 2112 et
344 2009 507 2112 famam
542 2022 636 2112 Rex
686 2011 777 2150 ipse
813 2049 890 2150 pet
926 2052 1024 2110 suos
1059 1997 1367 2111 administros
1367 2052 1532 2115 cutam

86 2154 319 2292 suscepit,
369 2154 508 2255 ascitis
553 2194 604 2252 ex
656 2153 886 2251 Germania
938 2154 1213 2255 metallorum
1264 2155 1531 2293 peritissimis

85 2291 343 2395 hominibus
379 2300 433 2396 ad
469 2296 728 2435 sexaginta,
764 2333 954 2435 quorum
991 2307 1156 2427 majore
1193 2332 1312 2435 parte
1348 2296 1533 2397 domum

83 2434 196 2535 intra
231 2476 393 2538 annum
414 2440 644 2555 redeunte,
670 2438 858 2575 Hispani
887 2441 1199 2538 consuetudine
1216 2439 1391 2538 illorum
1421 2441 1532 2537 edo<

83 2577 144 2675 cti
179 2579 226 2679 in
261 2618 371 2718 opus
409 2616 450 2678 et
486 2516 716 2679 artificium
753 2619 981 2680 successere
997 2583 1155 2719 ,quod
1190 2622 1215 2678 a
1251 2619 1415 2719 magno
1447 2621 1532 2679 nu-

82 2746 207 2819 mero
244 2757 379 2820 noctu
414 2723 578 2862 diuque
613 2718 923 2821 continuatur.
973 2731 1097 2823 Nam
1133 2761 1234 2821 cum
1278 2755 1531 2819 coementa

82 2858 155 2958 riis
191 2863 456 2962 administris
492 2870 643 2981 tecta,
692 2902 785 3002 quo
821 2857 1092 3003 praefectus,
1119 2858 1229 2963 fabri
1267 2898 1309 2961 et
1344 2863 1530 3002 operarii
1631 2982 1634 2985 ι

73 3004 170 3101 vsese
205 3005 449 3143 recipiant,
484 3002 845 3124 aedificantibus,
880 3005 1076 3104 trecentis
1111 3004 1295 3144 amplius
1329 3002 1530 3104 homini

84 3140 163 3241 bus
190 3181 426 3287 utrumque
462 3186 572 3287 opus
601 3147 746 3307 urgeri
781 3183 979 3264 constat,
997 3183 1040 3246 et
1075 3145 1141 3245 his
1172 3145 1375 3245 undecim
1411 3184 1524 3247 men

84 3263 198 3384 sibus
234 3326 494 3429 argentum,
502 3288 707 3450 quod
676 3324 731 3386 stt
764 3290 1020 3390 eorumdem
1056 3326 1338 3387 nummorum
1375 3324 1530 3386 aureo-

81 3465 182 3526 rum
216 3432 401 3570 amplius
437 3433 669 3570 quinqurcs
722 3466 1007 3532 centenorum
1045 3430 1281 3547 millium,
1322 3426 1528 3528 effossum

82 3604 126 3668 et
161 3610 380 3675 excretum
417 3613 531 3692 esse,
567 3572 833 3714 Augustinus
868 3571 1173 3692 Zaratus,v1t
1208 3570 1386 3729 gravis
1384 3605 1426 3667 et
1461 3569 1529 3668 in

80 3713 261 3813 dustrius
314 3757 365 3815 ex
399 3659 671 3875 Regiorum
696 3727 994 3831 Quaestorum
1044 3752 1275 3830 numero,
1313 3711 1390 3851 qui
1441 3709 1530 3810 toti

80 3855 299 3955 metallico
353 3853 505 3956 officio
541 3857 676 3997 Regis
712 3856 941 3956 voluntate
991 3888 1191 3995 praeest,
1226 3891 1363 3992 nuper
1414 3849 1528 3952 mihi

80 4034 158 4135 pet
211 3999 440 4160 epistolam
493 3942 791 4139 percunctanti
840 3999 1095 4136 rescripsit,
1137 4033 1180 4096 et
1215 3995 1341 4095 simul
1389 4031 1528 4094 cereta

80 4139 168 4237 huc
202 4140 504 4277 pertinentia,
534 4181 647 4280 quae
681 4141 1018 4239 memoravimus
1039 4138 1305 4297 ,exposuirs
1331 4136 1528 4275 illudque

80 4283 292 4409 adjecit,
329 4282 545 4421 sexaginta
578 4319 861 4382 nummorum
911 4321 1141 4384 aureorum
1191 4279 1329 4380 millia
1369 4278 1527 4377 eodem

82 4423 293 4584 temporis
358 4424 497 4562 spatio
548 4422 594 4520 in
644 4462 878 4562 utrumque
926 4423 1085 4523 metalli
1136 4461 1185 4521 ac
1232 4418 1529 4520 aedificiorum

83 4603 194 4702 opus
226 4567 421 4727 impensa
456 4559 875 4671 fitisse31nventores
904 4603 1050 4664 autem
1087 4563 1250 4663 metalli
1280 4564 1389 4662 duos
1424 4556 1527 4661 fuis

86 4746 129 4860 se
177 4710 375 4844 senpsit,
409 4748 513 4808 nam
549 4745 650 4847 post
684 4709 964 4828 Matrinum,
1000 4707 1247 4807 Gonzalum
1283 4704 1529 4845 Delgadum

157 4847 341 4947 Tomdl.
639 4938 642 4949 .
1067 4861 1170 4952 Vvv
1472 4841 1531 4943 al·
