3998 5850
515 453 599 539 512
880 434 965 514 nn
998 431 1204 513 nunus
1238 390 1471 515 eassts¹
1514 404 1519 409 ’

431 592 760 698 ,ecclesiasticis
801 589 859 692 ab
898 596 1056 693 eodem
1094 592 1331 712 Antonio,
1358 632 1462 693 curn
1497 631 1540 692 se
1574 585 1826 695 sacerdotiis
1857 588 1933 697 ab·

459 740 675 859 dicaret,
711 733 973 855 attributis,
1008 776 1255 876 eorumque
1290 739 1507 837 doctiores
1546 734 1726 875 publice
1760 738 1926 843 Latinas

459 891 732 1023 Graecosque
784 880 943 981 litteras
1004 917 1047 979 et
1095 880 1305 1021 ingenuas
1348 879 1605 1043 disciplinas
1641 880 1926 1042 docent,ae

458 1023 862 1127 honestissimae
820 1060 937 1125 vrtae
974 1024 1210 1163 exemplo,
1237 1060 1281 1122 et
1315 1022 1395 1162 piis
1432 1058 1563 1163 atque
1592 1023 1778 1161 optimis
1815 1063 1922 1165 prae

460 1167 594 1308 ceptis
629 1170 685 1269 ad
721 1168 930 1267 virtutem
966 1202 1007 1264 et
1042 1166 1326 1307 Religionem
1362 1167 1654 1267 adolescentes
1691 1165 1925 1270 adhortari

459 1343 531 1411 tur
545 1311 660 1452 ,qui
697 1309 894 1410 discendi
928 1308 1072 1450 gtatia
1109 1303 1354 1450 frequentes
1392 1311 1551 1411 eodem
1586 1311 1891 1414 conveniunt.

530 1463 610 1556 IV
685 1463 791 1554 Hoc
827 1493 946 1553 anno
983 1455 1097 1553 inter
1133 1453 1347 1561 Carolum
1394 1465 1628 1554 Caesarem
1673 1490 1719 1552 et
1765 1457 1926 1558 Henri-

463 1637 566 1701 cum
612 1594 839 1696 Gallorum
884 1608 1057 1736 Regem
1100 1596 1305 1696 induciae
1350 1596 1552 1738 quinque
1594 1634 1817 1697 annorum
1853 1640 1925 1742 pa

461 1775 554 1841 ctae
591 1776 725 1859 sunt,
763 1778 866 1839 curn
901 1737 1119 1844 bellum
1107 1778 1197 1873 Jam
1241 1740 1317 1838 diu
1353 1780 1455 1841 cum
1492 1778 1653 1880 magna
1701 1742 1920 1904 utriusque

458 1882 743 1983 contentione
779 1920 823 1983 et
866 1881 1104 2021 pertinacia
1141 1919 1395 2025 gereretur,
1430 1877 1589 1985 frustra
1631 1884 1922 2024 superioribus

459 2022 792 2145 Pontificibus,
847 2027 929 2166 qui
970 2065 1013 2124 se
1057 2025 1107 2125 in
1150 2024 1558 2166 pacificationem
1548 2063 1916 2195 interposuerant,

458 2208 536 2310 pet
571 2170 730 2276 litteras
767 2205 811 2268 et
852 2171 1015 2309 legatos
1052 2166 1322 2309 agentibus,
1360 2169 1497 2271 etad
1536 2209 1692 2309 pacem
1741 2213 1916 2274 concor-

460 2315 671 2451 diamque
707 2311 1065 2413 cohortantibus:
1110 2351 1214 2412 narn
1255 2347 1440 2454 uterque
1481 2313 1653 2415 alterius
1707 2317 1916 2455 postulata

461 2492 506 2562 et
541 2455 815 2555 conditiones
867 2453 1081 2554 obstinate
1123 2453 1381 2594 respuebat.
1443 2468 1507 2556 lta
1548 2496 1654 2556 cum
1698 2498 1783 2598 par
1818 2499 1916 2598 pet-

457 2635 592 2760 petua
627 2597 897 2698 Pontificum
938 2598 1165 2739 diligentia
1199 2635 1242 2698 et
1283 2599 1542 2698 auctoritate
1578 2600 1800 2742 impetrari
1834 2641 1910 2699 ne·

459 2740 704 2880 quivisset,
742 2744 826 2842 suis
863 2743 1044 2841 demum
1087 2779 1321 2882 utrumque
1356 2743 1607 2845 rationibus
1636 2743 1911 2842 adhortanti-

458 2882 538 2984 bus
575 2884 770 2986 induciae
806 2881 944 2984 factae
980 2920 1107 3002 sunt,
1142 2923 1193 2985 ut
1230 2922 1349 2984 erant
1386 2884 1522 2987 ambo
1560 2887 1782 2987 diuturnis
1815 2886 1911 2988 belli

459 3026 683 3126 laboribus
676 3023 924 3188 fatigati,
944 3068 987 3127 ct
1013 3026 1235 3128 infinitis
1224 3028 1461 3190 impensis
1460 3031 1517 3128 ad
1554 3068 1769 3170 magnam
1797 3069 1914 3129 num·

459 3208 639 3270 morum
674 3168 873 3310 inopiam
907 3170 1095 3271 redacti
1145 3173 1359 3271 Henticus
1395 3173 1514 3274 enim
1558 3169 1728 3272 bellicis
1767 3173 1912 3273 sumti-

458 3311 541 3414 bus
576 3311 793 3432 Galliam,
825 3355 937 3454 quac
972 3352 1111 3413 vetere
1147 3316 1459 3418 consuetudine
1495 3315 1749 3415 servilem
1736 3355 1787 3415 tn
1823 3355 1910 3415 mo·

460 3458 570 3557 dum
607 3455 691 3556 suis
725 3459 920 3600 Regibus
958 3494 1100 3598 paret,
1135 3498 1217 3558 nec
1253 3459 1408 3560 servite
1444 3497 1645 3577 recusat,
1680 3457 1911 3580 exhausta,

458 3638 514 3703 ne
550 3598 676 3699 sacris
712 3601 894 3741 quidem
928 3596 1132 3701 fanorum
1167 3602 1304 3702 aureis
1347 3640 1390 3702 et
1425 3602 1637 3744 argenteis
1680 3603 1796 3702 vasis
1844 3643 1914 3743 pe·

459 3779 673 3881 percetat.
711 3744 892 3845 Carolus
927 3782 1249 3863 autern,tu1n
1283 3745 1331 3843 in
1368 3783 1459 3846 rem
1494 3731 1734 3846 militarent
1780 3750 1914 3879 (nam

460 3883 623 3989 bellum
658 3883 715 3984 ab
751 3888 1032 3987 adolescentia
1067 3890 1122 3986 ad
1159 3928 1256 3988 earn
1292 3925 1481 3990 aetatem
1519 3928 1684 4051 paene·
1689 3890 1916 3989 Qcontinen

461 4065 525 4127 tet
561 4035 782 4172 gesserat)
813 4031 1023 4130 maximas
1060 4031 1273 4170 impensas
1309 4026 1504 4150 fecerat,
1536 4066 1634 4130 tum
1671 4030 1723 4131 in
1762 4033 1907 4132 itinera

459 4167 742 4333 frequentia,
781 4211 823 4276 et
860 4212 952 4286 suas
1010 4209 1138 4312 atque
1190 4173 1271 4273 filii
1315 4211 1437 4274 extra
1480 4172 1753 4313 Hispaniam
1795 4174 1911 4274 navi-

463 4317 663 4454 gationes
699 4351 741 4418 ct
778 4316 1178 4457 peregrinationem
1211 4318 1359 4457 itaque
1396 4356 1487 4416 non
1532 4318 1678 4415 solum
1724 4317 1813 4417 auri
1873 4352 1916 4418 et

463 4461 632 4595 argenti
667 4501 717 4560 ex
754 4462 877 4560 Orbe
913 4468 1054 4559 Novo
1091 4459 1390 4599 deportati
1349 4498 1443 4561 vnn
1479 4461 1784 4561 incredibilem
1818 4500 1918 4563 con·

463 4636 711 4720 sumserat,
751 4605 824 4703 sed
861 4604 1013 4714 omnia
1050 4642 1125 4701 sua
1161 4615 1360 4742 Regna,
1402 4604 1591 4703 maxime
1628 4606 1919 4744 Hispaniam,

464 4742 797 4856 exinaniverats
839 4745 999 4887 quibus
1037 4745 1163 4850 rebus
1198 4787 1302 4848 cum
1337 4786 1419 4847 nec
1454 4783 1560 4847 stata
1611 4750 1851 4890 vectigalia
1884 4783 1920 4847 et

1826 4928 1921 4991 con·
