<?xml version="1.0" encoding="UTF-8"?>
<!DOCTYPE html PUBLIC "-//W3C//DTD XHTML 1.0 Transitional//EN"
    "http://www.w3.org/TR/xhtml1/DTD/xhtml1-transitional.dtd">
<html xmlns="http://www.w3.org/1999/xhtml" xml:lang="en" lang="en">
 <head>
  <title>
</title>
<meta http-equiv="Content-Type" content="text/html;charset=utf-8" />
  <meta name='ocr-system' content='tesseract 3.04.00' />
  <meta name='ocr-capabilities' content='ocr_page ocr_carea ocr_par ocr_line ocrx_word'/>
</head>
<body>
  <div class='ocr_page' id='page_1' title='image "./joannisgenesiis00sepgoog_0081.png"; bbox 0 0 4110 5888; ppageno 0'>
   <div class='ocr_carea' id='block_1_1' title="bbox 378 396 1367 498">
    <p class='ocr_par' dir='ltr' id='par_1_1' title="bbox 378 396 1367 498">
     <span class='ocr_line' id='line_1_1' title="bbox 378 396 1367 498; baseline -0.005 -11"><span class='ocrx_word' id='word_1_1' title='bbox 378 403 405 487; x_wconf 89' lang='lat'>6</span> <span class='ocrx_word' id='word_1_2' title='bbox 759 399 1090 498; x_wconf 83' lang='lat' dir='ltr'><strong>DE·REBUS</strong></span> <span class='ocrx_word' id='word_1_3' title='bbox 1138 396 1367 482; x_wconf 86' lang='lat' dir='ltr'><strong>GESTIS</strong></span> 
     </span>
    </p>
   </div>
   <div class='ocr_carea' id='block_1_2' title="bbox 197 549 1859 4744">
    <p class='ocr_par' dir='ltr' id='par_1_2' title="bbox 244 549 1841 2722">
     <span class='ocr_line' id='line_1_2' title="bbox 320 549 1841 695; baseline -0.01 -31"><span class='ocrx_word' id='word_1_4' title='bbox 320 602 421 679; x_wconf 89' lang='lat' dir='ltr'>res,</span> <span class='ocrx_word' id='word_1_5' title='bbox 459 558 567 662; x_wconf 75' lang='lat' dir='ltr'>mori</span> <span class='ocrx_word' id='word_1_6' title='bbox 614 559 711 660; x_wconf 80' lang='lat' dir='ltr'>Itali</span> <span class='ocrx_word' id='word_1_7' title='bbox 745 597 757 666; x_wconf 79' lang='lat'>3</span> <span class='ocrx_word' id='word_1_8' title='bbox 789 592 833 656; x_wconf 89' lang='lat' dir='ltr'>et</span> <span class='ocrx_word' id='word_1_9' title='bbox 885 553 1080 653; x_wconf 90' lang='lat' dir='ltr'>hostium</span> <span class='ocrx_word' id='word_1_10' title='bbox 1134 553 1357 654; x_wconf 89' lang='lat' dir='ltr'>nonnullis</span> <span class='ocrx_word' id='word_1_11' title='bbox 1408 549 1584 695; x_wconf 89' lang='lat' dir='ltr'>captis,</span> <span class='ocrx_word' id='word_1_12' title='bbox 1623 553 1793 664; x_wconf 89' lang='lat' dir='ltr'>ceteros</span> <span class='ocrx_word' id='word_1_13' title='bbox 1840 646 1841 649; x_wconf 5' lang='grc' dir='ltr'>γ</span> 
     </span>
     <span class='ocr_line' id='line_1_3' title="bbox 321 697 1793 840; baseline -0.001 -32"><span class='ocrx_word' id='word_1_14' title='bbox 321 706 590 829; x_wconf 90' lang='lat' dir='ltr'>concidunt,</span> <span class='ocrx_word' id='word_1_15' title='bbox 628 740 807 804; x_wconf 91' lang='lat' dir='ltr'>suorum</span> <span class='ocrx_word' id='word_1_16' title='bbox 845 697 1171 840; x_wconf 82' lang='lat' dir='ltr'>quinquaginta</span> <span class='ocrx_word' id='word_1_17' title='bbox 1208 698 1380 799; x_wconf 87' lang='lat' dir='ltr'>circiter</span> <span class='ocrx_word' id='word_1_18' title='bbox 1416 698 1610 801; x_wconf 88' lang='lat' dir='ltr'>amissis.</span> <span class='ocrx_word' id='word_1_19' title='bbox 1650 706 1793 839; x_wconf 88' lang='lat' dir='ltr'>Dein-</span> 
     </span>
     <span class='ocr_line' id='line_1_4' title="bbox 320 844 1794 989; baseline -0.001 -37"><span class='ocrx_word' id='word_1_20' title='bbox 320 854 377 952; x_wconf 92' lang='lat' dir='ltr'>de</span> <span class='ocrx_word' id='word_1_21' title='bbox 414 849 668 952; x_wconf 79' lang='lat' dir='ltr'>Clrirascum</span> <span class='ocrx_word' id='word_1_22' title='bbox 705 845 932 989; x_wconf 75' lang='lat' dir='ltr'>aggressi,</span> <span class='ocrx_word' id='word_1_23' title='bbox 979 879 1083 942; x_wconf 88' lang='lat' dir='ltr'>curn</span> <span class='ocrx_word' id='word_1_24' title='bbox 1134 853 1299 975; x_wconf 87' lang='lat' dir='ltr'>jactura</span> <span class='ocrx_word' id='word_1_25' title='bbox 1351 844 1643 946; x_wconf 89' lang='lat' dir='ltr'>ducentorum</span> <span class='ocrx_word' id='word_1_26' title='bbox 1695 889 1794 950; x_wconf 82' lang='lat' dir='ltr'>am-</span> 
     </span>
     <span class='ocr_line' id='line_1_5' title="bbox 319 986 1790 1139; baseline 0.001 -45"><span class='ocrx_word' id='word_1_27' title='bbox 319 996 434 1139; x_wconf 90' lang='lat' dir='ltr'>plius</span> <span class='ocrx_word' id='word_1_28' title='bbox 471 994 667 1092; x_wconf 91' lang='lat' dir='ltr'>militum</span> <span class='ocrx_word' id='word_1_29' title='bbox 704 1033 729 1091; x_wconf 86' lang='lat' dir='ltr'>a</span> <span class='ocrx_word' id='word_1_30' title='bbox 765 989 901 1091; x_wconf 90' lang='lat' dir='ltr'>muris</span> <span class='ocrx_word' id='word_1_31' title='bbox 939 986 1233 1128; x_wconf 88' lang='lat' dir='ltr'>repelluntur.</span> <span class='ocrx_word' id='word_1_32' title='bbox 1292 987 1374 1087; x_wconf 87' lang='lat' dir='ltr'>Sed</span> <span class='ocrx_word' id='word_1_33' title='bbox 1411 1026 1515 1087; x_wconf 90' lang='lat' dir='ltr'>cum</span> <span class='ocrx_word' id='word_1_34' title='bbox 1557 1028 1600 1088; x_wconf 92' lang='lat' dir='ltr'>se</span> <span class='ocrx_word' id='word_1_35' title='bbox 1649 1030 1790 1096; x_wconf 90' lang='lat' dir='ltr'>rursus</span> 
     </span>
     <span class='ocr_line' id='line_1_6' title="bbox 319 1131 1793 1281; baseline 0 -41"><span class='ocrx_word' id='word_1_36' title='bbox 319 1137 645 1281; x_wconf 80' lang='lat' dir='ltr'>oppugnationi</span> <span class='ocrx_word' id='word_1_37' title='bbox 681 1166 1015 1275; x_wconf 86' lang='lat' dir='ltr'>compararent,</span> <span class='ocrx_word' id='word_1_38' title='bbox 1056 1131 1330 1270; x_wconf 86' lang='lat' dir='ltr'>oppiduma</span> <span class='ocrx_word' id='word_1_39' title='bbox 1365 1131 1584 1271; x_wconf 87' lang='lat' dir='ltr'>praesidio</span> <span class='ocrx_word' id='word_1_40' title='bbox 1628 1137 1793 1239; x_wconf 88' lang='lat' dir='ltr'>deseri-</span> 
     </span>
     <span class='ocr_line' id='line_1_7' title="bbox 317 1275 1791 1422; baseline 0.003 -42"><span class='ocrx_word' id='word_1_41' title='bbox 317 1317 426 1402; x_wconf 87' lang='lat' dir='ltr'>tur,</span> <span class='ocrx_word' id='word_1_42' title='bbox 464 1319 508 1381; x_wconf 91' lang='lat' dir='ltr'>et</span> <span class='ocrx_word' id='word_1_43' title='bbox 545 1280 877 1422; x_wconf 81' lang='lat' dir='ltr'>oppidanorum</span> <span class='ocrx_word' id='word_1_44' title='bbox 914 1275 1141 1375; x_wconf 89' lang='lat' dir='ltr'>deditione</span> <span class='ocrx_word' id='word_1_45' title='bbox 1177 1275 1227 1374; x_wconf 95' lang='lat' dir='ltr'>in</span> <span class='ocrx_word' id='word_1_46' title='bbox 1281 1313 1538 1378; x_wconf 89' lang='lat' dir='ltr'>nostrorum</span> <span class='ocrx_word' id='word_1_47' title='bbox 1591 1317 1791 1420; x_wconf 86' lang='lat' dir='ltr'>potesta-</span> 
     </span>
     <span class='ocr_line' id='line_1_8' title="bbox 318 1419 1792 1568; baseline 0 -42"><span class='ocrx_word' id='word_1_48' title='bbox 318 1462 409 1529; x_wconf 90' lang='lat' dir='ltr'>tem</span> <span class='ocrx_word' id='word_1_49' title='bbox 459 1425 684 1564; x_wconf 87' lang='lat' dir='ltr'>pervenit.</span> <span class='ocrx_word' id='word_1_50' title='bbox 742 1420 857 1521; x_wconf 84' lang='lat' dir='ltr'>Alba</span> <span class='ocrx_word' id='word_1_51' title='bbox 893 1426 1200 1559; x_wconf 72' lang='lat' dir='ltr'>Pompeiana,</span> <span class='ocrx_word' id='word_1_52' title='bbox 1244 1419 1457 1560; x_wconf 85' lang='lat' dir='ltr'>postridie</span> <span class='ocrx_word' id='word_1_53' title='bbox 1510 1462 1645 1564; x_wconf 91' lang='lat' dir='ltr'>quarn</span> <span class='ocrx_word' id='word_1_54' title='bbox 1700 1467 1792 1568; x_wconf 86' lang='lat' dir='ltr'>op·-</span> 
     </span>
     <span class='ocr_line' id='line_1_9' title="bbox 315 1559 1788 1712; baseline -0.005 -43"><span class='ocrx_word' id='word_1_55' title='bbox 315 1569 504 1712; x_wconf 88' lang='lat' dir='ltr'>pugnari</span> <span class='ocrx_word' id='word_1_56' title='bbox 541 1604 697 1709; x_wconf 88' lang='lat' dir='ltr'>coepta</span> <span class='ocrx_word' id='word_1_57' title='bbox 733 1570 795 1666; x_wconf 85' lang='lat' dir='ltr'>est</span> <span class='ocrx_word' id='word_1_58' title='bbox 815 1681 819 1688; x_wconf 33' lang='grc'><em>,</em></span> <span class='ocrx_word' id='word_1_59' title='bbox 834 1643 849 1686; x_wconf 86' lang='grc'>,</span> <span class='ocrx_word' id='word_1_60' title='bbox 883 1563 1158 1664; x_wconf 89' lang='lat' dir='ltr'>deditionem</span> <span class='ocrx_word' id='word_1_61' title='bbox 1194 1559 1301 1666; x_wconf 90' lang='lat' dir='ltr'>fecit</span> <span class='ocrx_word' id='word_1_62' title='bbox 1346 1605 1358 1674; x_wconf 81' lang='lat'>3</span> <span class='ocrx_word' id='word_1_63' title='bbox 1391 1566 1439 1665; x_wconf 90' lang='lat' dir='ltr'>in</span> <span class='ocrx_word' id='word_1_64' title='bbox 1475 1577 1604 1699; x_wconf 90' lang='lat' dir='ltr'>cujus·</span> <span class='ocrx_word' id='word_1_65' title='bbox 1634 1609 1788 1711; x_wconf 87' lang='lat' dir='ltr'>oppu-</span> 
     </span>
     <span class='ocr_line' id='line_1_10' title="bbox 244 1708 1787 1856; baseline 0.003 -45"><span class='ocrx_word' id='word_1_66' title='bbox 244 1800 250 1811; x_wconf 89' lang='lat'>.</span> <span class='ocrx_word' id='word_1_67' title='bbox 317 1714 530 1856; x_wconf 90' lang='lat' dir='ltr'>gnatione</span> <span class='ocrx_word' id='word_1_68' title='bbox 567 1721 730 1850; x_wconf 71' lang='lat' dir='ltr'>Jaenus</span> <span class='ocrx_word' id='word_1_69' title='bbox 767 1708 1005 1828; x_wconf 78' lang='lat' dir='ltr'>centurie,</span> <span class='ocrx_word' id='word_1_70' title='bbox 1042 1709 1123 1849; x_wconf 93' lang='lat' dir='ltr'>qui</span> <span class='ocrx_word' id='word_1_71' title='bbox 1168 1708 1287 1811; x_wconf 89' lang='lat' dir='ltr'>bellis</span> <span class='ocrx_word' id='word_1_72' title='bbox 1325 1711 1620 1853; x_wconf 87' lang='lat' dir='ltr'>superioribus</span> <span class='ocrx_word' id='word_1_73' title='bbox 1659 1755 1787 1856; x_wconf 83' lang='lat' dir='ltr'>egre-</span> 
     </span>
     <span class='ocr_line' id='line_1_11' title="bbox 351 1851 1785 1996; baseline 0.003 -39"><span class='ocrx_word' id='word_1_74' title='bbox 351 1859 391 1957; x_wconf 89' lang='lat' dir='ltr'>ia</span> <span class='ocrx_word' id='word_1_75' title='bbox 414 1854 540 1956; x_wconf 92' lang='lat' dir='ltr'>fortis</span> <span class='ocrx_word' id='word_1_76' title='bbox 572 1894 614 1956; x_wconf 90' lang='lat' dir='ltr'>et</span> <span class='ocrx_word' id='word_1_77' title='bbox 638 1855 850 1996; x_wconf 82' lang='lat' dir='ltr'>intrepidi</span> <span class='ocrx_word' id='word_1_78' title='bbox 885 1851 1022 1952; x_wconf 88' lang='lat' dir='ltr'>animi</span> <span class='ocrx_word' id='word_1_79' title='bbox 1051 1855 1318 1957; x_wconf 90' lang='lat' dir='ltr'>documenta</span> <span class='ocrx_word' id='word_1_80' title='bbox 1356 1856 1641 1996; x_wconf 82' lang='lat' dir='ltr'>praebuerat,</span> <span class='ocrx_word' id='word_1_81' title='bbox 1674 1860 1785 1961; x_wconf 87' lang='lat' dir='ltr'>dua·</span> 
     </span>
     <span class='ocr_line' id='line_1_12' title="bbox 314 1897 1784 2145; baseline 0.004 -43"><span class='ocrx_word' id='word_1_82' title='bbox 314 1897 397 2102; x_wconf 67' lang='lat' dir='ltr'>ius</span> <span class='ocrx_word' id='word_1_83' title='bbox 433 2001 660 2143; x_wconf 90' lang='lat' dir='ltr'>glandibus</span> <span class='ocrx_word' id='word_1_84' title='bbox 696 2002 807 2101; x_wconf 89' lang='lat' dir='ltr'>ictus</span> <span class='ocrx_word' id='word_1_85' title='bbox 842 2034 941 2107; x_wconf 69' lang='lat' dir='ltr'>ests</span> <span class='ocrx_word' id='word_1_86' title='bbox 971 1995 1132 2138; x_wconf 92' lang='lat' dir='ltr'>quibus</span> <span class='ocrx_word' id='word_1_87' title='bbox 1172 1997 1426 2103; x_wconf 89' lang='lat' dir='ltr'>vulneribus</span> <span class='ocrx_word' id='word_1_88' title='bbox 1479 2001 1784 2145; x_wconf 89' lang='lat' dir='ltr'>ingravescen-</span> 
     </span>
     <span class='ocr_line' id='line_1_13' title="bbox 314 2142 1786 2292; baseline 0.005 -48"><span class='ocrx_word' id='word_1_89' title='bbox 314 2142 465 2265; x_wconf 86' lang='lat' dir='ltr'>tibus,</span> <span class='ocrx_word' id='word_1_90' title='bbox 505 2186 599 2245; x_wconf 91' lang='lat' dir='ltr'>non</span> <span class='ocrx_word' id='word_1_91' title='bbox 636 2145 798 2245; x_wconf 92' lang='lat' dir='ltr'>multos</span> <span class='ocrx_word' id='word_1_92' title='bbox 836 2180 936 2283; x_wconf 92' lang='lat' dir='ltr'>post</span> <span class='ocrx_word' id='word_1_93' title='bbox 973 2143 1064 2242; x_wconf 90' lang='lat' dir='ltr'>dies</span> <span class='ocrx_word' id='word_1_94' title='bbox 1102 2143 1192 2244; x_wconf 86' lang='lat' dir='ltr'>vita</span> <span class='ocrx_word' id='word_1_95' title='bbox 1229 2146 1405 2247; x_wconf 86' lang='lat' dir='ltr'>excessit</span> <span class='ocrx_word' id='word_1_96' title='bbox 1448 2184 1674 2292; x_wconf 84' lang='lat' dir='ltr'>:totaque</span> <span class='ocrx_word' id='word_1_97' title='bbox 1709 2151 1786 2251; x_wconf 88' lang='lat' dir='ltr'>illa</span> 
     </span>
     <span class='ocr_line' id='line_1_14' title="bbox 312 2287 1791 2437; baseline 0.004 -49"><span class='ocrx_word' id='word_1_98' title='bbox 312 2326 473 2389; x_wconf 85' lang='lat' dir='ltr'>aestate</span> <span class='ocrx_word' id='word_1_99' title='bbox 510 2287 676 2390; x_wconf 91' lang='lat' dir='ltr'>bellum</span> <span class='ocrx_word' id='word_1_100' title='bbox 712 2287 933 2390; x_wconf 83' lang='lat' dir='ltr'>consimili</span> <span class='ocrx_word' id='word_1_101' title='bbox 977 2288 1147 2389; x_wconf 89' lang='lat' dir='ltr'>ratione</span> <span class='ocrx_word' id='word_1_102' title='bbox 1189 2328 1363 2432; x_wconf 88' lang='lat' dir='ltr'>gestum</span> <span class='ocrx_word' id='word_1_103' title='bbox 1400 2326 1462 2390; x_wconf 89' lang='lat' dir='ltr'>est</span> <span class='ocrx_word' id='word_1_104' title='bbox 1500 2332 1513 2401; x_wconf 80' lang='lat'>3</span> <span class='ocrx_word' id='word_1_105' title='bbox 1550 2294 1659 2392; x_wconf 90' lang='lat' dir='ltr'>dum</span> <span class='ocrx_word' id='word_1_106' title='bbox 1701 2335 1791 2437; x_wconf 92' lang='lat' dir='ltr'>op-</span> 
     </span>
     <span class='ocr_line' id='line_1_15' title="bbox 313 2431 1774 2581; baseline 0.006 -49"><span class='ocrx_word' id='word_1_107' title='bbox 313 2434 421 2575; x_wconf 86' lang='lat' dir='ltr'>pida</span> <span class='ocrx_word' id='word_1_108' title='bbox 457 2474 532 2577; x_wconf 90' lang='lat' dir='ltr'>per</span> <span class='ocrx_word' id='word_1_109' title='bbox 569 2433 845 2534; x_wconf 86' lang='lat' dir='ltr'>occasionem</span> <span class='ocrx_word' id='word_1_110' title='bbox 889 2468 964 2531; x_wconf 88' lang='lat' dir='ltr'>aut</span> <span class='ocrx_word' id='word_1_111' title='bbox 1000 2431 1094 2533; x_wconf 92' lang='lat' dir='ltr'>vim</span> <span class='ocrx_word' id='word_1_112' title='bbox 1136 2431 1193 2534; x_wconf 90' lang='lat' dir='ltr'>ab</span> <span class='ocrx_word' id='word_1_113' title='bbox 1233 2433 1429 2537; x_wconf 88' lang='lat' dir='ltr'>hostibus</span> <span class='ocrx_word' id='word_1_114' title='bbox 1473 2475 1774 2581; x_wconf 90' lang='lat' dir='ltr'>occupantur,</span> 
     </span>
     <span class='ocr_line' id='line_1_16' title="bbox 315 2576 1493 2722; baseline 0.005 -46"><span class='ocrx_word' id='word_1_115' title='bbox 315 2579 469 2678; x_wconf 89' lang='lat' dir='ltr'>eadem</span> <span class='ocrx_word' id='word_1_116' title='bbox 505 2617 822 2722; x_wconf 90' lang='lat' dir='ltr'>oppugnantur</span> <span class='ocrx_word' id='word_1_117' title='bbox 859 2618 886 2677; x_wconf 87' lang='lat' dir='ltr'>a</span> <span class='ocrx_word' id='word_1_118' title='bbox 922 2579 1082 2678; x_wconf 89' lang='lat' dir='ltr'>nostris</span> <span class='ocrx_word' id='word_1_119' title='bbox 1117 2578 1236 2679; x_wconf 84' lang='lat' dir='ltr'>varia</span> <span class='ocrx_word' id='word_1_120' title='bbox 1284 2576 1493 2683; x_wconf 88' lang='lat' dir='ltr'>fortuna.</span> 
     </span>
    </p>

    <p class='ocr_par' dir='ltr' id='par_1_3' title="bbox 197 2726 1859 4744">
     <span class='ocr_line' id='line_1_17' title="bbox 387 2726 1778 2866; baseline 0.003 -42"><span class='ocrx_word' id='word_1_121' title='bbox 387 2733 461 2825; x_wconf 87' lang='lat' dir='ltr'>VI.</span> <span class='ocrx_word' id='word_1_122' title='bbox 549 2735 759 2826; x_wconf 90' lang='lat' dir='ltr'>Ceterum</span> <span class='ocrx_word' id='word_1_123' title='bbox 808 2758 910 2866; x_wconf 91' lang='lat' dir='ltr'>post</span> <span class='ocrx_word' id='word_1_124' title='bbox 962 2731 1287 2825; x_wconf 86' lang='lat' dir='ltr'>Germanorum</span> <span class='ocrx_word' id='word_1_125' title='bbox 1336 2726 1578 2832; x_wconf 86' lang='lat' dir='ltr'>adventum</span> <span class='ocrx_word' id='word_1_126' title='bbox 1631 2726 1778 2831; x_wconf 88' lang='lat' dir='ltr'>hostes</span> 
     </span>
     <span class='ocr_line' id='line_1_18' title="bbox 311 2859 1789 3006; baseline 0.004 -41"><span class='ocrx_word' id='word_1_127' title='bbox 311 2861 414 2966; x_wconf 90' lang='lat' dir='ltr'>facti</span> <span class='ocrx_word' id='word_1_128' title='bbox 450 2868 605 2966; x_wconf 90' lang='lat' dir='ltr'>nostris</span> <span class='ocrx_word' id='word_1_129' title='bbox 657 2908 841 2969; x_wconf 88' lang='lat' dir='ltr'>numero</span> <span class='ocrx_word' id='word_1_130' title='bbox 894 2859 1152 2984; x_wconf 83' lang='lat' dir='ltr'>inferiores,</span> <span class='ocrx_word' id='word_1_131' title='bbox 1190 2870 1239 2996; x_wconf 93' lang='lat' dir='ltr'>in</span> <span class='ocrx_word' id='word_1_132' title='bbox 1290 2871 1459 3006; x_wconf 88' lang='lat' dir='ltr'>oppida</span> <span class='ocrx_word' id='word_1_133' title='bbox 1510 2873 1789 2993; x_wconf 90' lang='lat' dir='ltr'>munitiora,</span> 
     </span>
     <span class='ocr_line' id='line_1_19' title="bbox 312 3010 1782 3154; baseline 0.005 -46"><span class='ocrx_word' id='word_1_134' title='bbox 312 3049 426 3151; x_wconf 87' lang='lat' dir='ltr'>quae</span> <span class='ocrx_word' id='word_1_135' title='bbox 461 3046 582 3109; x_wconf 90' lang='lat' dir='ltr'>erant</span> <span class='ocrx_word' id='word_1_136' title='bbox 617 3010 665 3108; x_wconf 93' lang='lat' dir='ltr'>in</span> <span class='ocrx_word' id='word_1_137' title='bbox 701 3012 899 3151; x_wconf 92' lang='lat' dir='ltr'>ipsorum</span> <span class='ocrx_word' id='word_1_138' title='bbox 935 3041 1181 3147; x_wconf 88' lang='lat' dir='ltr'>potestate,</span> <span class='ocrx_word' id='word_1_139' title='bbox 1212 3049 1299 3109; x_wconf 89' lang='lat' dir='ltr'>sese</span> <span class='ocrx_word' id='word_1_140' title='bbox 1336 3010 1581 3154; x_wconf 89' lang='lat' dir='ltr'>recipiunt,</span> <span class='ocrx_word' id='word_1_141' title='bbox 1605 3048 1647 3115; x_wconf 90' lang='lat' dir='ltr'>et</span> <span class='ocrx_word' id='word_1_142' title='bbox 1673 3012 1782 3115; x_wconf 91' lang='lat' dir='ltr'>haec</span> 
     </span>
     <span class='ocr_line' id='line_1_20' title="bbox 311 3151 1781 3299; baseline 0.004 -47"><span class='ocrx_word' id='word_1_143' title='bbox 311 3153 449 3294; x_wconf 92' lang='lat' dir='ltr'>copiis</span> <span class='ocrx_word' id='word_1_144' title='bbox 485 3151 720 3255; x_wconf 86' lang='lat' dir='ltr'>distributis</span> <span class='ocrx_word' id='word_1_145' title='bbox 757 3154 891 3253; x_wconf 91' lang='lat' dir='ltr'>tutari</span> <span class='ocrx_word' id='word_1_146' title='bbox 927 3154 1228 3275; x_wconf 85' lang='lat' dir='ltr'>constituunt,</span> <span class='ocrx_word' id='word_1_147' title='bbox 1255 3155 1329 3256; x_wconf 91' lang='lat' dir='ltr'>sed</span> <span class='ocrx_word' id='word_1_148' title='bbox 1365 3160 1616 3299; x_wconf 87' lang='lat' dir='ltr'>Augustam</span> <span class='ocrx_word' id='word_1_149' title='bbox 1651 3163 1781 3259; x_wconf 87' lang='lat' dir='ltr'>Tau-</span> 
     </span>
     <span class='ocr_line' id='line_1_21' title="bbox 312 3296 1784 3444; baseline 0.004 -46"><span class='ocrx_word' id='word_1_150' title='bbox 312 3299 511 3399; x_wconf 90' lang='lat' dir='ltr'>rinorum</span> <span class='ocrx_word' id='word_1_151' title='bbox 546 3334 647 3400; x_wconf 87' lang='lat' dir='ltr'>ante</span> <span class='ocrx_word' id='word_1_152' title='bbox 683 3298 868 3418; x_wconf 88' lang='lat' dir='ltr'>omnia,</span> <span class='ocrx_word' id='word_1_153' title='bbox 905 3296 1009 3438; x_wconf 92' lang='lat' dir='ltr'>quia</span> <span class='ocrx_word' id='word_1_154' title='bbox 1044 3335 1174 3440; x_wconf 91' lang='lat' dir='ltr'>caput</span> <span class='ocrx_word' id='word_1_155' title='bbox 1209 3308 1299 3431; x_wconf 88' lang='lat' dir='ltr'>ejus</span> <span class='ocrx_word' id='word_1_156' title='bbox 1343 3301 1534 3444; x_wconf 90' lang='lat' dir='ltr'>regionis</span> <span class='ocrx_word' id='word_1_157' title='bbox 1579 3299 1784 3404; x_wconf 85' lang='lat' dir='ltr'>habeba-</span> 
     </span>
     <span class='ocr_line' id='line_1_22' title="bbox 315 3441 1789 3587; baseline 0.005 -46"><span class='ocrx_word' id='word_1_158' title='bbox 315 3478 429 3565; x_wconf 91' lang='lat' dir='ltr'>tur,</span> <span class='ocrx_word' id='word_1_159' title='bbox 461 3484 597 3586; x_wconf 90' lang='lat' dir='ltr'>quam</span> <span class='ocrx_word' id='word_1_160' title='bbox 648 3483 754 3545; x_wconf 88' lang='lat' dir='ltr'>octo</span> <span class='ocrx_word' id='word_1_161' title='bbox 804 3441 996 3544; x_wconf 90' lang='lat' dir='ltr'>millium</span> <span class='ocrx_word' id='word_1_162' title='bbox 1031 3453 1290 3549; x_wconf 88' lang='lat' dir='ltr'>Vasconum</span> <span class='ocrx_word' id='word_1_163' title='bbox 1341 3446 1557 3587; x_wconf 86' lang='lat' dir='ltr'>praesidio</span> <span class='ocrx_word' id='word_1_164' title='bbox 1613 3449 1789 3549; x_wconf 85' lang='lat' dir='ltr'>munie-</span> 
     </span>
     <span class='ocr_line' id='line_1_23' title="bbox 314 3590 1790 3731; baseline 0.004 -45"><span class='ocrx_word' id='word_1_165' title='bbox 314 3624 443 3688; x_wconf 89' lang='lat' dir='ltr'>runt.</span> <span class='ocrx_word' id='word_1_166' title='bbox 481 3590 633 3691; x_wconf 91' lang='lat' dir='ltr'>Nostri</span> <span class='ocrx_word' id='word_1_167' title='bbox 667 3628 772 3690; x_wconf 92' lang='lat' dir='ltr'>vero</span> <span class='ocrx_word' id='word_1_168' title='bbox 819 3590 873 3688; x_wconf 86' lang='lat' dir='ltr'>ad</span> <span class='ocrx_word' id='word_1_169' title='bbox 909 3596 1158 3731; x_wconf 86' lang='lat' dir='ltr'>Augustam</span> <span class='ocrx_word' id='word_1_170' title='bbox 1206 3590 1527 3694; x_wconf 89' lang='lat' dir='ltr'>commeatibus</span> <span class='ocrx_word' id='word_1_171' title='bbox 1574 3590 1790 3693; x_wconf 88' lang='lat' dir='ltr'>interclu-</span> 
     </span>
     <span class='ocr_line' id='line_1_24' title="bbox 314 3732 1787 3875; baseline 0.003 -43"><span class='ocrx_word' id='word_1_172' title='bbox 314 3733 506 3832; x_wconf 90' lang='lat' dir='ltr'>dendam</span> <span class='ocrx_word' id='word_1_173' title='bbox 544 3771 729 3874; x_wconf 89' lang='lat' dir='ltr'>pontem</span> <span class='ocrx_word' id='word_1_174' title='bbox 764 3733 872 3834; x_wconf 91' lang='lat' dir='ltr'>Padi</span> <span class='ocrx_word' id='word_1_175' title='bbox 907 3732 962 3832; x_wconf 92' lang='lat' dir='ltr'>id</span> <span class='ocrx_word' id='word_1_176' title='bbox 990 3734 1211 3875; x_wconf 92' lang='lat' dir='ltr'>oppidum</span> <span class='ocrx_word' id='word_1_177' title='bbox 1247 3736 1591 3874; x_wconf 86' lang='lat' dir='ltr'>praeterfluentis</span> <span class='ocrx_word' id='word_1_178' title='bbox 1643 3774 1787 3836; x_wconf 88' lang='lat' dir='ltr'>occu-</span> 
     </span>
     <span class='ocr_line' id='line_1_25' title="bbox 201 3875 1789 4020; baseline 0.001 -45"><span class='ocrx_word' id='word_1_179' title='bbox 201 4008 204 4011; x_wconf 10' lang='lat'><em>*</em></span> <span class='ocrx_word' id='word_1_180' title='bbox 310 3913 452 4017; x_wconf 92' lang='lat' dir='ltr'>pant,</span> <span class='ocrx_word' id='word_1_181' title='bbox 491 3878 797 4020; x_wconf 88' lang='lat' dir='ltr'>praesidioque</span> <span class='ocrx_word' id='word_1_182' title='bbox 841 3875 1053 3985; x_wconf 75' lang='lat' dir='ltr'>firmants</span> <span class='ocrx_word' id='word_1_183' title='bbox 1101 3915 1198 3980; x_wconf 91' lang='lat' dir='ltr'>tum</span> <span class='ocrx_word' id='word_1_184' title='bbox 1247 3879 1294 3978; x_wconf 90' lang='lat' dir='ltr'>in</span> <span class='ocrx_word' id='word_1_185' title='bbox 1340 3877 1600 4016; x_wconf 90' lang='lat' dir='ltr'>Vulpian0,</span> <span class='ocrx_word' id='word_1_186' title='bbox 1641 3886 1789 3981; x_wconf 86' lang='lat' dir='ltr'>Mon·</span> 
     </span>
     <span class='ocr_line' id='line_1_26' title="bbox 197 4013 1859 4164; baseline 0.004 -45"><span class='ocrx_word' id='word_1_187' title='bbox 197 4013 200 4018; x_wconf 29' lang='lat'>⁸</span> <span class='ocrx_word' id='word_1_188' title='bbox 311 4021 486 4122; x_wconf 90' lang='lat' dir='ltr'>callesio</span> <span class='ocrx_word' id='word_1_189' title='bbox 524 4057 567 4121; x_wconf 89' lang='lat' dir='ltr'>et</span> <span class='ocrx_word' id='word_1_190' title='bbox 601 4022 768 4143; x_wconf 91' lang='lat' dir='ltr'>Riola,</span> <span class='ocrx_word' id='word_1_191' title='bbox 807 4020 1009 4122; x_wconf 87' lang='lat' dir='ltr'>finitimis</span> <span class='ocrx_word' id='word_1_192' title='bbox 1055 4017 1276 4140; x_wconf 86' lang='lat' dir='ltr'>castellis,</span> <span class='ocrx_word' id='word_1_193' title='bbox 1309 4020 1474 4161; x_wconf 88' lang='lat' dir='ltr'>pedites</span> <span class='ocrx_word' id='word_1_194' title='bbox 1523 4020 1784 4164; x_wconf 86' lang='lat' dir='ltr'>equitesque</span> <span class='ocrx_word' id='word_1_195' title='bbox 1834 4058 1859 4104; x_wconf 79' lang='lat'>0</span> 
     </span>
     <span class='ocr_line' id='line_1_27' title="bbox 313 4162 1790 4306; baseline 0.001 -41"><span class='ocrx_word' id='word_1_196' title='bbox 313 4165 598 4306; x_wconf 90' lang='lat' dir='ltr'>disponunt,</span> <span class='ocrx_word' id='word_1_197' title='bbox 632 4205 733 4267; x_wconf 90' lang='lat' dir='ltr'>curn</span> <span class='ocrx_word' id='word_1_198' title='bbox 771 4167 917 4270; x_wconf 89' lang='lat' dir='ltr'>ceteris</span> <span class='ocrx_word' id='word_1_199' title='bbox 955 4201 1103 4267; x_wconf 87' lang='lat' dir='ltr'>autern</span> <span class='ocrx_word' id='word_1_200' title='bbox 1139 4164 1280 4304; x_wconf 91' lang='lat' dir='ltr'>copiis</span> <span class='ocrx_word' id='word_1_201' title='bbox 1317 4162 1535 4305; x_wconf 89' lang='lat' dir='ltr'>bipartitis</span> <span class='ocrx_word' id='word_1_202' title='bbox 1572 4167 1790 4267; x_wconf 79' lang='lat' dir='ltr'>Pinnaro-</span> 
     </span>
     <span class='ocr_line' id='line_1_28' title="bbox 313 4307 1787 4449; baseline 0.003 -44"><span class='ocrx_word' id='word_1_203' title='bbox 313 4308 408 4408; x_wconf 91' lang='lat' dir='ltr'>lum</span> <span class='ocrx_word' id='word_1_204' title='bbox 463 4352 513 4411; x_wconf 88' lang='lat' dir='ltr'>ex</span> <span class='ocrx_word' id='word_1_205' title='bbox 563 4353 652 4413; x_wconf 88' lang='lat' dir='ltr'>una</span> <span class='ocrx_word' id='word_1_206' title='bbox 737 4347 829 4413; x_wconf 86' lang='lat' dir='ltr'>arte</span> <span class='ocrx_word' id='word_1_207' title='bbox 864 4311 993 4411; x_wconf 89' lang='lat' dir='ltr'>Vasti</span> <span class='ocrx_word' id='word_1_208' title='bbox 1027 4309 1270 4432; x_wconf 85' lang='lat' dir='ltr'>Marcbi0‚</span> <span class='ocrx_word' id='word_1_209' title='bbox 1305 4351 1357 4413; x_wconf 81' lang='lat' dir='ltr'>err</span> <span class='ocrx_word' id='word_1_210' title='bbox 1410 4307 1545 4410; x_wconf 87' lang='lat' dir='ltr'>altera</span> <span class='ocrx_word' id='word_1_211' title='bbox 1583 4310 1787 4449; x_wconf 89' lang='lat' dir='ltr'>Princeps</span> 
     </span>
     <span class='ocr_line' id='line_1_29' title="bbox 315 4351 1788 4598; baseline 0.001 -46"><span class='ocrx_word' id='word_1_212' title='bbox 315 4454 547 4597; x_wconf 91' lang='lat' dir='ltr'>Visignani</span> <span class='ocrx_word' id='word_1_213' title='bbox 584 4351 821 4598; x_wconf 59' lang='lat' dir='ltr'>praedans</span> <span class='ocrx_word' id='word_1_214' title='bbox 847 4456 1052 4596; x_wconf 88' lang='lat' dir='ltr'>equitum</span> <span class='ocrx_word' id='word_1_215' title='bbox 1090 4454 1380 4557; x_wconf 89' lang='lat' dir='ltr'>obsidebant.</span> <span class='ocrx_word' id='word_1_216' title='bbox 1420 4461 1544 4553; x_wconf 87' lang='lat' dir='ltr'>Nam</span> <span class='ocrx_word' id='word_1_217' title='bbox 1574 4451 1639 4551; x_wconf 92' lang='lat' dir='ltr'>his</span> <span class='ocrx_word' id='word_1_218' title='bbox 1672 4454 1788 4553; x_wconf 91' lang='lat' dir='ltr'>duo-</span> 
     </span>
     <span class='ocr_line' id='line_1_30' title="bbox 313 4592 1784 4744; baseline 0.002 -49"><span class='ocrx_word' id='word_1_219' title='bbox 313 4592 394 4697; x_wconf 92' lang='lat' dir='ltr'>bus</span> <span class='ocrx_word' id='word_1_220' title='bbox 433 4602 608 4742; x_wconf 89' lang='lat' dir='ltr'>oppidis</span> <span class='ocrx_word' id='word_1_221' title='bbox 647 4602 865 4741; x_wconf 88' lang='lat' dir='ltr'>receptis,</span> <span class='ocrx_word' id='word_1_222' title='bbox 888 4626 1038 4700; x_wconf 83' lang='lat' dir='ltr'>&#39;cetera</span> <span class='ocrx_word' id='word_1_223' title='bbox 1074 4595 1283 4703; x_wconf 85' lang='lat' dir='ltr'>facilein</span> <span class='ocrx_word' id='word_1_224' title='bbox 1330 4634 1596 4744; x_wconf 89' lang='lat' dir='ltr'>potestatem</span> <span class='ocrx_word' id='word_1_225' title='bbox 1638 4598 1784 4740; x_wconf 88' lang='lat' dir='ltr'>redigi</span> 
     </span>
    </p>
   </div>
   <div class='ocr_carea' id='block_1_3' title="bbox 312 4741 1782 4986">
    <p class='ocr_par' dir='ltr' id='par_1_4' title="bbox 312 4741 1782 4986">
     <span class='ocr_line' id='line_1_31' title="bbox 312 4741 915 4885; baseline 0.008 -43"><span class='ocrx_word' id='word_1_226' title='bbox 312 4782 438 4885; x_wconf 88' lang='lat' dir='ltr'>posse</span> <span class='ocrx_word' id='word_1_227' title='bbox 478 4784 571 4846; x_wconf 90' lang='lat' dir='ltr'>non</span> <span class='ocrx_word' id='word_1_228' title='bbox 607 4741 915 4848; x_wconf 88' lang='lat' dir='ltr'>dubitabatur.</span> 
     </span>
     <span class='ocr_line' id='line_1_32' title="bbox 1682 4896 1782 4986; baseline -0.01 0"><span class='ocrx_word' id='word_1_229' title='bbox 1682 4896 1782 4986; x_wconf 90' lang='lat' dir='ltr'>Ha-</span> 
     </span>
    </p>
   </div>
   <div class='ocr_carea' id='block_1_4' title="bbox 0 0 2060 5888">
    <p class='ocr_par' dir='ltr' id='par_1_5' title="bbox 0 0 2060 5888">
     <span class='ocr_line' id='line_1_33' title="bbox 0 0 2060 5888; baseline 0 2"><span class='ocrx_word' id='word_1_230' title='bbox 0 0 2060 5888; x_wconf 95' lang='lat' dir='ltr'> </span> 
     </span>
    </p>
   </div>
  </div>
 </body>
</html>
