4042 5864
502 443 610 541 alpina
628 441 672 514 ad
711 343 903 513 Coiidiiiirm
923 437 1162 512 Tridentinum

501 543 678 615 convenire
700 542 843 637 patitur.
870 546 916 610 ΙΙ.
931 563 1015 631 4ος.
1049 539 1164 611 Caroli

501 643 607 742 gloria
631 642 835 736 imperioque
859 641 1007 712 invidet.
1027 645 1162 730 lI.407.

367 802 368 805 ,
501 743 702 814 Societatem
724 763 801 810 cum
837 743 1019 834 Solymano
1052 741 1161 835 palam

497 863 531 918 et
568 840 709 910 studiose
751 840 856 909 colit.
897 845 943 908 11.
974 859 1057 929 407.
1105 840 1161 905 Ο·
1203 859 1206 867 ’

498 965 610 1012 marem
630 962 722 1007 suam
744 961 843 1034 opem
869 939 1015 1009 Octavio
1039 938 1160 1007 Fame-

496 1041 544 1111 sio
574 1039 724 1109 adversus
773 1038 935 1108 Carolum
987 1042 1159 1109 Caesarem

498 1141 694 1236 pollicetur.
729 1141 774 1205 Il.
800 1138 882 1227 408.
920 1142 960 1206 10
991 1159 1065 1205 eam
1091 1159 1158 1205 rem

495 1240 610 1310 insistit
625 1287 636 1321 ,
650 1255 687 1305 ut
712 1236 906 1307 Concilium
921 1233 1161 1306 Tridentinum

497 1338 695 1410 dissolvatur
720 1383 731 1417 ,
754 1360 822 1405 non
857 1336 987 1432 ignarus
1017 1332 1098 1402 nihil
1128 1356 1161 1402 se

497 1438 624 1510 Carolo
640 1434 805 1505 molestius
820 1430 948 1504 efficere
977 1455 1085 1529 posse.
1113 1435 1159 1501 11.

496 1538 579 1628 408.
599 1543 777 1606 Procerum
802 1534 1054 1604 Germanorum
1076 1530 1160 1599 ami-

498 1635 610 1708 citiam
637 1650 749 1737 captat
768 1652 830 1714 ,ut
864 1657 882 1700 a
913 1631 1039 1700 Carolo
1072 1628 1159 1701 defi.-

498 1735 604 1805 ciant.
621 1736 667 1801 11.
683 1730 767 1819 408.
788 1728 894 1825 Apud
913 1727 1057 1800 Concilii
1076 1727 1159 1797 Tri-

498 1831 626 1902 dentini
659 1835 767 1898 Patres
805 1852 939 1898 omnem
965 1850 1055 1897 suam
1085 1828 1156 1897 cul·

496 1954 575 2027 pam
591 1930 623 1997 in
637 1925 831 1999 Pontificem
845 1946 877 1996 et
894 1932 1066 1997 Caesarem
1079 1949 1158 1994 con·

496 2030 582 2103 fert.
606 2030 650 2096 11.
668 2027 752 2117 408.
780 2030 812 2096 A
841 2024 990 2096 Patribus
1013 2023 1157 2095 Concilii

495 2126 687 2199 Tridentini
710 2123 814 2220 petit,
840 2144 877 2192 ut
903 2124 1038 2218 incepto
1071 2122 1158 2192 desi·

496 2247 606 2298 mant.
636 2230 682 2293 II.
700 2242 782 2312 409.
807 2221 998 2292 Concilium
1016 2219 1156 2290 Triden-

494 2327 602 2396 tinum
630 2321 777 2392 ludibrio
792 2319 910 2389 habere
934 2318 1083 2388 videtur.
1110 2323 1154 2387 11.

493 2442 578 2512 409.
594 2417 822 2489 OctFarnesii
834 2416 1157 2512 patrociniosuscep·

493 2518 719 2615 to,octoginta
730 2538 906 2586 aureorum
918 2536 1156 2585 coronatomm

493 2620 594 2690 millia
628 2614 791 2712 stipendio
828 2611 954 2683 mittit.
988 2618 1035 2683 ΙΙ.
1070 2632 1154 2703 409.

491 2720 589 2789 Dolo
602 2735 636 2785 et
654 2715 748 2785 illatis
775 2712 876 2784 causis
899 2709 1016 2782 foedus
1041 2713 1157 2796 multi-

489 2813 608 2887 fariam
639 2814 766 2884 violat.
801 2813 847 2882 11.
870 2831 954 2901 414.
982 2809 1156 2881 Pontificia

492 2934 526 2984 et
546 2918 703 2987 Romana
724 2910 894 3006 vectigalia
922 2912 1068 2980 multum
1094 2907 1156 2979 de-

491 3011 593 3082 terit.
618 3015 665 3080 Il.
680 3030 763 3100 415.
792 3011 1040 3079 Germanorum
1064 3009 1155 3079 Prin·

492 3109 580 3203 cipes
598 3106 641 3178 ad
672 3105 892 3178 defectionem
920 3107 1078 3189 solicitat,
1097 3130 1156 3201 ap-

493 3207 632 3304 pellatus
658 3205 753 3276 initio
782 3228 800 3272 a
824 3205 988 3275 Mauricio
1027 3207 1155 3274 Saxone

492 3325 525 3374 et
549 3304 692 3375 Alberto
719 3301 912 3374 Μαι-0111000
941 3301 1154 3372 Brandebur-

494 3402 608 3501 gensi.
634 3407 680 3471 II.
697 3405 780 3493 416.
810 3402 900 3470 Inito
922 3399 1054 3471 foedere
1077 3425 1154 3471 cum

493 3500 659 3575 Mauricio
682 3505 809 3571 Saxone
829 3520 863 3568 et
889 3500 1032 3570 Alberto
1048 3504 1156 3569 Bran-

493 3598 689 3695 deburgensi
717 3598 946 3680 Marchione‚
974 3599 1154 3669 exercitum

493 3699 528 3770 in
551 3697 768 3768 Germaniam
796 3695 951 3766 inducere
969 3716 1081 3792 parat.
1108 3700 1154 3765 ΙΙ.

494 3818 578 3887 417.
613 3794 756 3885 Obsides
782 3794 986 3891 Principibus
1007 3797 1156 3866 Germa·

496 3893 546 3965 nis
568 3890 719 3976 adversus
745 3895 908 3963 Carolum
937 3893 1156 3991 conspiranti-

496 3993 559 4063 bus
584 3989 661 4075 dat,
677 4010 710 4060 et
734 4010 854 4061 mutuo
867 3993 908 4062 ab
932 3992 991 4062 illis
1014 3993 1155 4089 accipit.

498 4093 630 4182 II.419.
654 4096 789 4160 Annam
802 4090 1064 4161 Memoransium
1081 4097 1155 4163 Co-

496 4190 701 4260 mestabilem
731 4211 810 4259 cum
836 4190 965 4282 reliquis
999 4190 1099 4285 copiis
1120 4190 1155 4259 in

497 4288 714 4360 Germaniam
743 4287 975 4380 subsequitur.
1007 4294 1054 4359 11.
1070 4312 1155 4380 421.

496 4386 661 4457 Metima
699 4387 914 4457 Comestabili
948 4410 1005 4483 per
1038 4387 1154 4460 dolum

496 4506 693 4580 occupatam
743 4485 925 4583 ingressus,
959 4488 1156 4583 praesidium

494 4582 662 4677 imponit,
687 4584 849 4677 similique
868 4585 948 4655 dolo
971 4586 1033 4655 alia
1057 4587 1156 4683 oppi-

1261 440 1370 539 copias
1400 439 1556 527 inducit,
1593 442 1662 511 vim
1686 436 1813 522 affert,
1831 444 1934 536 atque

1260 567 1357 640 agros
1380 543 1580 637 populatur.
1609 546 1764 630 11.422.
1794 545 1932 637 Legatos

1259 666 1277 710 a
1301 642 1450 738 pluribus
1472 642 1672 711 Germaniae
1696 638 1921 734 Principibus,

1259 759 1298 808 ut
1332 738 1449 808 milites
1474 738 1515 808 ab
1543 738 1667 826 injuriis
1695 755 1733 805 et
1764 739 1920 810 maleficio

1259 839 1462 935 prohibeat,
1490 837 1630 933 accipit.
1657 839 1705 905 11.
1722 859 1814 925 422.
1842 840 1919 908 Ger·

1259 939 1385 1007 maniae
1416 935 1573 1005 libertatis
1592 935 1764 1006 vindicem
1800 958 1832 1004 se
1865 960 1922 1006 esse

1258 1036 1445 1132 praedicat.
1466 1036 1512 1104 11.
1530 1057 1613 1125 422.
1632 1037 1810 1104 Litterasa
1829 1037 1925 1105 Mau·

1256 1137 1336 1206 ricio
1361 1135 1404 1204 de
1428 1133 1599 1226 colloquio
1621 1133 1663 1203 ad
1685 1133 1845 1202 Lincium
1868 1136 1923 1204 lra-

1256 1235 1329 1304 bito
1354 1232 1500 1327 accipit,
1520 1233 1684 1322 simulque
1702 1232 1865 1301 nuntium
1882 1234 1922 1303 de

1256 1329 1362 1403 clade
1378 1329 1507 1402 Galliae
1552 1332 1679 1427 Regiae
1718 1356 1737 1401 a
1774 1331 1921 1402 Martino

1256 1436 1421 1508 Rossemo
1441 1429 1555 1499 illata.
1570 1436 1615 1501 ΙΙ.
1630 1451 1717 1522 423.
1746 1428 1814 1498 His
1842 1456 1924 1501 nun-

1257 1531 1310 1602 tiis
1334 1550 1368 1600 et
1395 1528 1561 1624 legatione
1591 1531 1790 1624 Principum
1817 1526 1922 1599 deter-

1255 1629 1366 1712 ritus,
1384 1628 1568 1699 exercitum
1596 1627 1628 1696 in
1651 1627 1805 1703 Galliam
1830 1628 1924 1698 redu·

1254 1728 1322 1796 cit.
1358 1732 1404 1797 ΙΙ.
1429 1747 1515 1819 423.
1552 1728 1718 1798 Mauricio
1757 1725 1803 1796 de
1843 1728 1923 1823 pacis

1253 1823 1503 1896 conditionibus
1523 1849 1602 1893 cum
1627 1828 1757 1896 Carolo
1785 1829 1921 1896 Caesare

1254 1925 1420 1994 rescribit.
1445 1925 1490 1991 11.
1520 1946 1606 2016 423.
1643 1925 1703 1996 Ad
1729 1923 1921 2021 Principum

1255 2024 1455 2120 legationem
1480 2021 1681 2118 respondet.
1699 2030 1748 2093 11.
1765 2047 1850 2114 424-
1869 2033 1920 2094 Per

1254 2122 1509 2218 Lotharingiam
1555 2120 1599 2191 ad
1650 2124 1920 2219 Lucemburgnm

1253 2219 1401 2303 delatus,
1415 2243 1530 2317 agrum
1549 2223 1762 2316 populatur,
1779 2222 1919 2292 aedilicia

1254 2317 1424 2389 incendit.
1453 2323 1498 2387 ΙΙ.
1523 2341 1608 2410 424.
1635 2321 1802 2413 Reliquas
1820 2320 1919 2415 copias

1254 2417 1298 2488 ad
1337 2416 1513 2486 Atrebates
1542 2416 1711 2487 dimittit.
1754 2420 1801 2487 Il.
1839 2442 1916 2508 424.

1252 2515 1463 2611 Stipendium
1511 2517 1657 2586 Alberto
1711 2517 1912 2588 Brandebur-

1253 2614 1342 2713 gensi
1368 2638 1437 2682 000
1462 2612 1587 2684 mittit.
1620 2620 1668 2685 ΙΙ.
1694 2638 1781 2711 433.
1811 2614 1907 2687 Clade

1254 2712 1298 2783 ad
1349 2712 1471 2784 Metim
1528 2715 1741 2786 Caesarianis
1770 2713 1908 2810 temporis

1254 2810 1386 2880 saevitia
1419 2831 1453 2879 et
1487 2834 1653 2907 grassante
1692 2815 1816 2886 morbo
1850 2836 1912 2881 non

1254 2909 1434 2981 Gallorum
1475 2910 1573 2980 armis
1612 2911 1709 2983 illata
1747 2912 1915 3009 plurimum

1253 3031 1287 3078 se
1299 3009 1419 3095 jactat.
1445 3011 1491 3077 ΙΙ.
1508 3028 1590 3100 449.
1626 3012 1816 3105 Epistulam
1832 3012 1914 3080 litte·

1254 3107 1296 3177 ris
1313 3104 1437 3177 Latinis
1460 3105 1504 3175 ad
1522 3108 1688 3204 Principes
1721 3129 1757 3180 et
1791 3111 1912 3179 univer·

1256 3229 1324 3275 sam
1342 3206 1559 3276 Germaniam
1587 3230 1649 3275 nec
1675 3230 1756 3278 vere
1770 3232 1832 3278 nec
1845 3231 1911 3305 gra·

1255 3305 1341 3372 viter
1366 3303 1512 3387 scribit,
1543 3329 1648 3396 eaque
1676 3307 1771 3402 typis
1812 3328 1918 3395 excusa

1255 3404 1444 3472 Germanos
1475 3402 1518 3472 ad
1550 3402 1780 3476 defectionem
1809 3404 1918 3477 horta·

1254 3519 1331 3570 tur.
1361 3499 1407 3568 11.
1445 3521 1527 3593 439.
1567 3506 1702 3573 Omnes
1741 3504 1919 3574 occasiones

1256 3599 1440 3669 molestiam
1472 3620 1506 3670 et
1537 3601 1717 3699 negotium
1749 3598 1915 3674 exhibendi

1256 3697 1383 3768 Carolo
1400 3698 1536 3795 arripit.
1561 3705 1607 3769 ll.
1622 3722 1714 3791 442.
1738 3698 1917 3770 Senensiurn

1256 3795 1441 3892 patrocinio
1453 3817 1616 3893 suscepto,
1633 3799 1793 3874 homines
1806 3800 1839 3869 in
1855 3805 1917 3867 lta·

1256 3895 1333 3966 liam
1358 3918 1435 3965 cum
1458 3897 1597 3992 pecunia
1621 3897 1667 3969 ad
1692 3900 1834 3969 militem
1848 3920 1917 3967 con

1256 3991 1450 4065 ducendum
1478 3995 1598 4065 mittit.
1630 4001 1681 4066 II.
1708 4020 1796 4088 442.
1825 3995 1920 4068 Indu·

1257 4092 1321 4164 cias
1341 4093 1492 4187 quinque
1512 4118 1681 4166 annorum
1699 4121 1781 4167 curn
1803 4095 1917 4168 Carolo

1257 4197 1395 4262 Caesare
1435 4190 1630 4289 paciscitur.
1673 4197 1720 4264 ll.
1757 4217 1836 4285 51²·
1864 4189 1915 4261 Ad

1257 4314 1412 4387 magnam
1435 4315 1656 4362 nummorum
1680 4294 1824 4392 inopiam
1845 4288 1914 4359 red·

1258 4408 1351 4460 aetus
1374 4438 1385 4473 ,
1411 4415 1471 4460 nec
1487 4391 1581 4461 sacris
1596 4392 1741 4486 quidem
1769 4392 1915 4463 fanorum

1257 4488 1362 4559 aureis
1382 4507 1416 4559 et
1440 4491 1599 4589 argenteis
1623 4494 1708 4565 vasis
1729 4492 1848 4591 parcit.
1871 4491 1918 4558 u.

1266 4610 1349 4677 5¹2·

495 4682 539 4752 da
564 4700 596 4750 et
626 4681 872 4781 Lotharingiam
911 4705 1079 4779 occupat.
1108 4687 1154 4755 ΙΙ.
1210 4685 1377 4760 Hearicus
1400 4694 1415 4776 (
1436 4688 1581 4784 Jacobus
1599 4693 1638 4773 ).
1669 4706 1705 4768 V.
1729 4690 1920 4770 Albaelistae
1990 4648 1994 4656 Α

492 4803 578 4879 4η.
604 4780 803 4878 Haganoam
826 4783 904 4857 inde
923 4785 1155 4884 Vissiburgurn

1259 4792 1397 4876 Comes.

1838 4891 1921 4972 Hert·
