4042 5864
754 364 834 434 [ΕΙ
866 379 899 407 ⁴²

1437 403 1441 411 ·
1522 360 1620 432 LEO

491 464 645 548 tinacia,
673 463 820 562 collegae
851 460 1060 556 civitatisque
1084 480 1161 532 suae
1263 483 1335 558 quo
1371 456 1728 532 bonorificentissime·
1760 475 1947 556 exceptus.

491 568 661 637 tributum
706 585 799 635 extra
837 561 989 634 ordinem
1030 563 1157 633 Carolo

492 664 702 740 concedentis
740 663 938 734 sententiam
986 683 1049 732 sese
1085 685 1157 732 non

494 768 635 866 probare
651 765 760 862 palam
783 763 817 834 in
837 761 980 833 concilio
1000 759 1158 832 testifica·

492 891 576 949 tur,
605 867 637 935 in
660 889 768 960 eoque
796 881 942 960 perstat.
966 865 1013 932 ΙΙ.
1043 884 1120 950 150.

516 969 548 1036 io
569 966 715 1036 Gemina
733 964 865 1062 Pelagio
893 982 927 1032 et
960 960 1153 1033 successori.
1194 969 1201 993 ¹

443 975 491 1044 Le

492 993 554 1138 itus
582 1066 690 1164 Regia
715 1066 811 1135 urbs.
844 1065 872 1130 1.
906 1087 959 1156 30·
989 1080 996 1111 ⁵

445 1171 609 1266 legionarii
640 1165 757 1235 milites
784 1189 805 1233 a
830 1164 1000 1233 Francisco
1036 1162 1155 1232 Gallo·

493 1293 567 1338 rum
587 1272 681 1363 Rege
704 1266 750 1334 ita
771 1263 943 1359 appellati.
975 1263 1002 1328 Ι.
1031 1282 1116 1352 411.

446 1370 664 1468 Legionenses
693 1369 832 1436 Carolo·
856 1362 890 1432 in
921 1358 1079 1432 Concilio
1111 1357 1155 1430 ad

493 1470 641 1542 Flavium
686 1463 905 1563 Brigantium.
936 1482 1072 1557 peracto
1112 1458 1154 1529 de

493 1570 625 1641 tributo
654 1562 849 1662 imperando
872 1561 1097 1659 refragantur.
1125 1563 1154 1629 Ι.

494 1675 553 1742 60.
576 1667 761 1738 Tributum
785 1682 878 1732 extra
905 1662 1059 1732 ordinem
1086 1664 1156 1730 Ca·

496 1770 571 1840 tolo
596 1764 728 1837 Caesari
754 1781 898 1860 negant.
921 1763 968 1829 11.
1001 1782 1079 1848 ¹5⁰·

445 1870 663 1969 Legionenses
679 1870 786 1963 Reges
806 1859 895 1933 unde
918 1858 1097 1958 appellati.
1120 1856 1153 1930 1.

519 1994 552 2039 o.

446 1994 601 2169 legionis
619 2070 797 2163 Regnum.
820 2062 850 2129 1.
864 2062 909 2129 ⁴6.
933 2114 943 2119 1.
1080 2120 1082 2125 ,

443 2174 543 2248 Leiva
571 2165 785 2256 (Antonius)
812 2161 946 2259 Papiam
967 2166 1047 2232 cum'
1062 2177 1155 2255 prae.-

492 2265 582 2359 sidio
630 2265 781 2336 obtinet.
809 2264 842 2330 ⁴I.
892 2283 974 2353 130.
1009 2264 1155 2356 Papiam

497 2365 660 2468 praesidio
709 2363 841 2433 firmare
896 2379 1073 2456 properat.
1124 2361 1154 2425 Ι.

501 2490 582 2558 141.
624 2462 760 2557 Papiam
797 2459 858 2529 sibi
900 2455 1159 2528 custodiendam

496 2563 651 2659 suscipit.
688 2568 717 2631 1.
758 2578 837 2648 154.
876 2556 1004 2627 Veneni
1043 2554 1155 2653 propi-

494 2663 597 2741 nandi
616 2665 865 2733 Germanorum
891 2652 1159 2754 praefectosfuisa

492 2791 527 2842 se
550 2781 667 2836 auctor
683 2761 825 2857 ,uulgo
842 2757 1089 2829 existimatur.
1124 2758 1161 2822 l.

499 2889 538 2958 ις
545 2885 580 2951 9.
604 2867 696 2933 Cum
717 2856 879 2955 pracsidio
897 2855 1052 2929 adversus
1070 2853 1157 2924 Gal·

493 2968 544 3040 los
564 2963 661 3058 Papia
680 2959 847 3054 erumpit.
876 2961 903 3026 Ι.
933 2980 1009 3048 ¹70·
1035 2953 1157 3026 Homi·

495 3088 573 3138 nem
590 3112 601 3145 ,
620 3059 680 3153 qui
708 3055 1005 3128 Mediolanensium
1029 3054 1157 3124 animos

496 3160 660 3236 solicitare
689 3157 803 3228 missus
822 3152 948 3236 fuerat,
970 3152 1111 3224 interfici
1137 3176 1157 3221 a

1259 565 1288 634 Ι.
1326 563 1409 649 285.
1451 560 1585 657 Papiam
1635 563 1670 634 in
1730 558 1936 637 deditionem

1260 662 1455 760 compellit,
1477 664 1635 735 Sanctum
1669 662 1850 759 Angelum
1875 687 1932 736 ex·

1260 784 1413 862 pugnat,
1431 762 1619 845 ‚exercitum
1662 765 1771 830 Petro
1806 762 1930 834 Valerio

1261 866 1437 937 Guevarae
1468 859 1605 945 tradit,
1631 860 1831 948 Bononiam
1858 886 1933 933 con·

1258 963 1445 1038 tendit.²I.
1467 963 1554 1031 186.
1563 976 1576 1023 .’
1585 961 1758 1035 Tuscico.
1780 961 1870 1032 bello
1903 964 1934 1034 in

1164 1110 1166 1114 a
1197 1098 1200 1106 .
1261 1062 1445 1137 Germania
1472 1061 1624 1133 interest.
1648 1065 1678 1132 Ι.
1708 1083 1793 1154 317·
1822 1064 1937 1158 0⁰8³is

1260 1163 1419 1237 omnibus
1449 1161 1641 1259 praeficitur
1680 1156 1934 1235 foederatorum

1261 1267 1437 1335 voluntate
1455 1261 1606 1332 adversus
1623 1261 1767 1334 Gallos.
1797 1263 1826 1328 Ι.
1850 1267 1932 1353 416.

1261 1366 1429 1436 Nuntiato
1452 1363 1630 1433 Gallorum
1664 1358 1817 1430 adventu
1849 1366 1934 1432 Ver-

1261 1466 1357 1536 cellas
1372 1522 1373 1525 ,
1389 1461 1563 1535 contendt
1588 1481 1659 1554 ,et
1687 1462 1857 1533 Carolum
1881 1466 1931 1535 Sa·

1262 1563 1405 1637 baudiae
1438 1566 1573 1635 Ducem
1607 1584 1647 1632 ac
1679 1584 1827 1633 uxorem
1851 1567 1930 1636 ltca-

1261 1667 1379 1736 tricem
1404 1662 1438 1732 in
1459 1661 1635 1735 Candiam·
1660 1661 1834 1757 oppidum
1877 1663 1936 1734 de·

1261 1764 1374 1837 ducit.
1402 1767 1540 1856 11441.
1577 1768 1616 1831 Iu
1638 1764 1782 1860 Cegiam
1807 1761 1930 1837 flumen

1262 1861 1476 1963 progreditur
1498 1861 1654 1932 adversus
1672 1862 1856 1934 alminltii
1879 1887 1934 1936 ex-

1259 1965 1422 2034 ercitum.
1451 1968 1478 2031 I.
1507 1984 1592 2056 431·
1632 1967 1727 2032 Cum
1756 1962 1933 2035 cardinale

1171 2108 1175 2113 ·
1261 2069 1392 2137 Lorena
1415 2062 1595 2133 Gallorum
1623 2061 1729 2160 Regis
1748 2063 1863 2160 legato
1878 2063 1933 2135 de·

1263 2186 1338 2237 cem
1357 2162 1487 2234 dierum
1508 2159 1657 2232 inducias
1686 2164 1887 2257 paciscitur.
1905 2169 1930 2234 Ι.

1263 2286 1365 2360 432..
1385 2261 1602 2334 induciarum
1634 2261 1759 2334 diebus
1790 2265 1929 2348 exactis,

1263 2371 1451 2462 Augustam
1493 2361 1731 2432 Tauriuomm
1781 2363 1927 2434 adversus

1263 2463 1372 2539 hostes
1395 2461 1627 2560 progreditur.
1648 2466 1681 2530 I.
1707 2485 1795 2556 433.
1820 2462 1882 2532 Sibi
1906 2486 1926 2534 a

1262 2563 1390 2635 Carolo
1413 2561 1606 2660 adjungitur
1640 2583 1728 2634 cum
1758 2562 1824 2658 pan'
1850 2582 1922 2629 suae

1265 2662 1481 2734 auctoritate.
1512 2667 1540 2731 1.
1565 2662 1651 2754 436.
1684 2663 1762 2750 Ejus
1780 2656 1920 2756 pruden-

1264 2763 1310 2832 tia
1329 2760 1374 2832 rei
1401 2761 1547 2831 militaris
1580 2759 1762 2833 laudatur.
1787 2765 1816 2829 Ι.
1836 2762 1914 2853 436.

1264 2857 1353 2932 'saro
1383 2861 1475 2931 tenui
1509 2859 1707 2931 valetudine
1740 2860 1862 2941 utiam,
1887 2875 1923 2928 ut

1236 3006 1239 3011 ·
1264 2963 1340 3033 aella
1359 2957 1504 3031 insidens
1529 2983 1585 3057 per
1610 2962 1716 3056 Alpes
1734 2985 1816 3033 eum
1839 2982 1925 3029 exer*

1263 3062 1333 3134 citu
1345 3080 1547 3157 gestaretur.
1564 3065 1592 3129 Ι.
1607 3065 1698 3152 436.
1717 3064 1833 3132 Morte
1844 3079 1923 3129 mor·

1264 3159 1310 3230 bo
1332 3159 1499 3230 incastris
1522 3160 1735 3230 absumitur.
1760 3163 1792 3227 I.
1815 3180 1888 3249 452.

496 3260 656 3339 militibus
690 3256 803 3347 jubet.
832 3260 860 3324 I.
890 3255 968 3323 188.
999 3253 1158 3323 Pistoriae
1214 3258 1315 3333 [θῖνα
1333 3259 1607 3352 (Hieronymus)
1630 3260 1779 3330 Antonia
1804 3257 1920 3356 propio·

498 3358 685 3437 Marchioni
698 3356 731 3426 in
752 3355 912 3426 exercitus
931 3353 1071 3448 imperio
1085 3375 1159 3420 suc-

497 3461 598 3535 cedit.
610 3464 639 3530 Ι.
657 3458 734 3526 188.
754 3452 935 3526 Mediolani
952 3477 969 3521 a
987 3452 1157 3522 Francisco

497 3559 619 3634 Sfottia
639 3574 870 3654 oppugnatur.
891 3559 1015 3646 I.143.
1039 3550 1160 3622 Hosti·

1263 3381 1352 3453 quus
1373 3359 1421 3426 ob
1443 3353 1559 3429 falsam
1584 3357 1799 3430 delationem
1823 3357 1922 3428 adver·

1265 3481 1319 3530 sus
1342 3457 1437 3527 Vasti
1462 3458 1698 3530 Marchionem
1725 3461 1836 3557 capite
1863 3456 1927 3556 ple⁴

1264 3558 1387 3629 ctitur.
1420 3561 1465 3626 ΙΙ.
1495 3558 1575 3650 538.

499 3661 563 3733 bus
594 3658 750 3727 timorem
774 3653 894 3744 injicit.
915 3658 942 3722 Ι.
970 3674 1052 3744 243.
1088 3652 1160 3720 Do·
1215 3657 1315 3730 Leiva
1343 3654 1595 3745 (Ludovicus).
1622 3668 1658 3728 ν.
1697 3657 1819 3729 Asculi
1830 3651 1916 3727 Prin·

501 3783 575 3831 mus
597 3758 663 3846 ejus
679 3755 826 3850 direpta.
851 3757 880 3822 Ι.
910 3773 992 3845 144.
1018 3753 1161 3829 Germa-

1266 3777 1353 3853 ceps.

500 3883 563 3932 nos
589 3856 632 3928 ad
658 3852 903 3950 expeditionem
937 3873 1015 3922 curn
1040 3848 1161 3947 Hispa·
1215 3856 1310 3931 Lerni
1338 3859 1461 3927 Comes
1483 3862 1499 3943 (
1511 3855 1840 3936 AlrarusOsorius)
1867 3853 1925 3922 Ca·

501 3961 551 4031 nis
573 3977 607 4026 et
627 3955 718 4025 Italis
744 3951 939 4022 tentandam
961 3968 1103 4022 exorat.
1132 3952 1161 4018 1.

503 4080 587 4150 244.
626 4057 848 4127 Vulneratur.
890 4057 917 4121 1.
957 4074 1040 4143 245.
1084 4052 1164 4137 Erus

1266 3954 1375 4127 s6tellae
1401 3955 1556 4029 Concilio
1591 3979 1665 4027 noo
1695 3956 1857 4027 interest.
1885 3952 1926 4021 ΙΙ.

1293 4077 1327 4143 9.

501 4175 716 4254 stratagema.
739 4158 766 4223 1.
783 4143 864 4243 146.
892 4152 1026 4220 Ducem
1041 4151 1165 4220 Bruns-
1216 4158 1334 4227 Lentia
1363 4148 1504 4225 fltrvius.
1533 4158 1562 4224 1.
1590 4156 1673 4224 116.

501 4259 687 4337 vicensem,
704 4272 742 4323 ut
766 4251 809 4321 ad
834 4250 1064 4321 Mediolanum
1091 4271 1161 4318 mo·
1217 4259 1286 4327 Leo
1340 4260 1482 4351 Legatos
1527 4255 1721 4324 Toletanus
1781 4248 1926 4325 Caecllae

502 4377 612 4440 tetur,
630 4372 743 4452 rogat.
773 4356 801 4421 Ι.
817 4350 899 4420 181.
927 4350 1057 4423 Relicta
1074 4354 1167 4418 Lau·

1266 4355 1423 4425 Concilio
1452 4355 1602 4424 interest.
1629 4356 1677 4423 ΙΙ.
1706 4379 1765 4446 70.

502 4454 593 4527 densi
631 4452 829 4534 obsidione,
864 4449 907 4520 ad
924 4446 1166 4548 AMelignanurn
1217 4460 1286 4528 Leo
1301 4461 1408 4524 .Pont.
1434 4455 1528 4525 Max.
1557 4476 1637 4523 cum
1665 4455 1792 4525 carolo
1812 4453 1930 4519 Caesa·

502 4553 670 4628 considet.
706 4559 735 4622 Ι.
766 4550 851 4645 184.
904 4549 962 4621 Ad
1004 4550 1167 4620 Carolum

503 4659 678 4726 Caesarem
717 4649 759 4721 de
795 4649 881 4747 pacis
917 4647 1168 4723 conditionibus

504 4751 742 4826 deliberantem
766 4750 951 4820 orationem
981 4748 1100 4820 babet.
1134 4752 1161 4817 Ι.

504 4855 588 4928 186.
617 4848 769 4924 Obviam
807 4848 939 4921 Caesari
966 4849 1120 4947 prodit,
1149 4871 1170 4920 a

1267 4577 1301 4624 re
1347 4552 1445 4623 armis
1494 4552 1684 4641 conjunctis
1734 4549 1931 4625 franciscum

1267 4654 1445 4724 Gallorum
1481 4656 1611 4749 Regem
1645 4655 1840 4751 Prinpraau
1865 4651 1933 4719 Me·

1268 4750 1448 4822 dffolanenei
1481 4751 1616 4838 dejicit.
1646 4756 1674 4822 I.
1709 4779 1790 4848 ¹23·
1820 4758 1850 4822 Α
1875 4753 1935 4818 Ca·

1266 4854 1342 4925 tolo
1366 4857 1504 4924 Caesare
1532 4851 1690 4926 adversus
1715 4857 1836 4929 Gallos
1869 4847 1934 4959 soli·

1894 4971 1933 5018 a·
