4192 5858
452 483 700 566 CAROLI
751 484 806 563 V.
855 484 968 565 LIB.
1009 486 1180 564 XXIV.
1391 472 1509 597 ¹285J

97 639 452 788 prospiciendum
489 640 856 739 accommodata

163 799 357 891 XXVI.¹
399 783 627 906 Carolus,
654 783 734 923 qui
771 824 875 886 cum
919 779 1042 883 hoste
1081 786 1218 929 longe
1249 827 1433 894 numero
1476 834 1552 896 su-

96 934 270 1074 periore
311 930 431 1068 signa
461 922 655 1027 conferre
695 925 945 1028 temeritatis
980 970 1066 1028 esse
1106 932 1365 1061 judicabat,
1402 940 1554 1078 copias

95 1110 342 1215 exspectare
380 1072 662 1190 constituit,
705 1113 810 1213 quas
848 1085 1009 1174 Comes
1048 1075 1244 1175 Burensis
1296 1119 1349 1176 ex
1399 1083 1555 1222 Belgio
1670 1207 1673 1212 „

89 1228 190 1351 jam
229 1215 390 1318 Rheno
420 1225 608 1345 trajectas
644 1149 875 1316 ductabat
919 1227 1019 1316 Hae
1060 1254 1207 1320 autem
1246 1258 1368 1320 erant
1404 1225 1556 1365 Belga-

86 1401 197 1461 rum
236 1360 475 1461 duodecim
509 1359 677 1477 millia,
716 1360 906 1499 Hispani
938 1401 1043 1461 vero
1073 1362 1192 1461 mille
1229 1366 1436 1484 ducenti,
1472 1380 1556 1468 Ita-
1602 1467 1606 1473 ,

84 1505 171 1605 lici
203 1503 481 1665 octingenti,
519 1542 714 1667 quorum
766 1505 943 1606 ducenti
976 1505 1142 1646 equites
1195 1444 1555 1649 scloppetaiiie-

84 1685 227 1766 rant,
266 1648 442 1788 utrique
494 1687 546 1746 ex
585 1647 670 1766 iis,
705 1647 786 1785 qui
824 1645 939 1749 bello
967 1650 1136 1751 Gallico
1176 1650 1368 1754 Britanni
1421 1655 1556 1797 Regis

83 1791 319 1932 stipendia
355 1825 623 1894 meruerant.
662 1798 877 1893 Praeterea
914 1792 1114 1934 equitum
1145 1793 1227 1893 tria
1262 1797 1400 1895 millia
1415 1799 1554 1938 ,qui-

79 1937 181 2038 bus
221 1975 264 2034 se
301 1935 446 2036 mutui
486 1935 633 2034 auxilii
668 1935 805 2074 gratia
841 1968 1034 2077 quatuor
1077 1936 1159 2035 alia
1202 1948 1552 2072 conjunxerant,

79 2121 216 2221 quae
270 2113 350 2179 tres
386 2077 605 2220 Principes
644 2075 850 2178 Albertus
890 2077 1281 2222 brandeburgensis
1319 2081 1551 2205 Marclrio,

71 2223 269 2325 Prusiae
304 2223 564 2363 Magister,
602 2257 646 2321 et
693 2222 1020 2324 Maximilianus
1070 2223 1296 2324 Archidux
1350 2228 1555 2327 Austriae

71 2364 439 2469 submittebant.
499 2365 572 2464 Ad
632 2362 705 2464 has
761 2367 914 2507 copias
960 2366 1262 2486 distinendas,
1306 2406 1350 2469 et
1406 2368 1556 2472 Rheni

76 2510 284 2610 transitu
321 2507 646 2652 prohibendas,
675 2510 803 2609 duces
844 2509 1038 2611 hostium
1073 2512 1297 2611 decernet
1337 2550 1441 2613 octo
1480 2553 1554 2654 pe

71 2656 245 2756 ‹litum
270 2653 434 2773 millia,
455 2689 497 2754 et
534 2653 700 2792 equites
731 2655 848 2753 mille
885 2657 1092 2755 ducentos
1125 2693 1228 2754 cum
1262 2655 1443 2753 Comite
1477 2657 1559 2754 Al-

71 2797 412 2937 <luniburgensi
444 2794 661 2937 praefecto
692 2796 874 2898 obviam
911 2794 1183 2898 venientibus
1224 2798 1459 2898 miserant·
1451 2865 1463 2907 ,
1461 2799 1559 2899 sed

71 2942 297 3043 Bureusis
332 2953 525 3062 Comes,
547 2977 685 3041 noctu
709 2939 948 3040 bominum
975 2941 1220 3084 quinque
1202 2941 1390 3041 millium
1419 2981 1557 3042 manu

71 3125 176 3229 per
212 3086 362 3186 locum
398 3124 527 3224 supra
567 3083 710 3186 hostes
748 3085 1001 3255 quindecim
1040 3085 1216 3184 circiter
1264 3085 1402 3184 millia
1457 3124 1559 3225 pas-

71 3268 262 3350 suum,
302 3229 405 3370 ipsis
439 3227 749 3347 inscientibus,
789 3238 1000 3360 trajecta,
1039 3229 1276 3390 oppidum
1292 3229 1589 3389 occupavit,

71 3384 222 3504 cujus
256 3375 584 3515 opportunitate
624 3306 808 3513 reliqiras
844 3373 1028 3535 copias,
1055 3372 1197 3473 illis
1186 3371 1336 3472 invitis
1375 3405 1417 3470 et
1452 3409 1559 3513 pro·

71 3515 256 3620 hibere
292 3558 386 3618 non
426 3514 698 3636 valentibus,
733 3517 930 3649 trajecit.

163 3671 353 3764 XXVII
423 3661 618 3762 Missis
604 3661 742 3802 igitur
777 3661 926 3762 litteris
962 3660 1218 3802 nuntiisque
1263 3657 1454 3803 regionis
1507 3700 1559 3760 ac

71 3807 272 3914 viarum
317 3804 498 3946 peritis,
535 3805 718 3905 Carolus
756 3805 983 3906 Comitem
1020 3809 1075 3907 de
1121 3804 1316 3906 hostium
1346 3805 1559 3921 discessu,

71 3991 137 4057 :e
187 3946 416 4089 quibus
404 3987 453 4049 ιιι
506 3949 611 4050 locis
669 3986 857 4069 essent,
905 3986 949 4050 et
987 3948 1145 4090 quibus
1198 3945 1424 4048 itineribus
1461 3982 1562 4045 tuto

71 4131 265 4256 agmen
301 4095 461 4192 ducere
496 4130 674 4234 posset,
707 4092 934 4194 certiorem
971 4089 1109 4213 facit,
1137 4131 1273 4234 utque
1304 4093 1359 4191 ad
1399 4130 1442 4188 se
1463 4127 1562 4228 per-

71 4276 260 4346 venire
286 4274 568 4376 properaret,
609 4235 835 4337 bortatur
890 4240 1030 4397 Quod
1067 4277 1170 4336 cum
1211 4235 1283 4334 ille
1328 4233 1563 4373 diligenter

71 4379 477 4500 administrasset,
513 4380 660 4522 paucis
697 4377 850 4480 diebus
886 4380 1034 4518 copias
1071 4379 1313 4479 incolumes
1349 4377 1560 4518 Ingolsta-

71 4529 226 4631 :lium
262 4527 319 4623 ad
359 4524 582 4624 decimum
620 4521 858 4662 septimum
896 4521 1113 4621 Kalendas
1144 4519 1354 4621 Octobris
1399 4521 1564 4661 perdu
1658 4596 1661 4602 -

71 4673 190 4772 xit.
233 4666 316 4764 His
350 4668 489 4808 copiis
522 4669 703 4770 Carolus
742 4702 896 4766 auctus
930 4664 1194 4807 laetusque,
1229 4661 1456 4765 bostem
1444 4703 1565 4763 mse

71 4809 182 4957 qui
233 4811 511 4930 constituit,
514 4812 574 4914 si
622 4813 741 4954 prius
778 4809 1072 4952 Neuburgum
1114 4807 1395 4951 oppidum
1383 4845 1431 4907 m
1472 4807 1565 4941 ripa

1470 4959 1561 5047 Da.-
