4034 5858
691 441 693 444 ,
731 380 833 444 CAR

474 491 550 543 ante
577 469 664 540 acies
686 466 853 563 intrepido
879 466 993 536 animo
1027 461 1139 536 consi-

473 571 550 642 stit.
580 573 625 638 11.
643 568 726 637 280.
750 565 916 638 Hostibus
931 567 1138 662 opugnatio·

473 694 515 740 ne
547 666 792 752 desistentibus,
815 686 918 738 castra
948 665 1138 761 diligentius

472 767 601 838 munit.
634 772 680 834 II.
710 767 792 835 281.
832 769 962 835 Fossam
998 768 1136 834 alteram

471 866 606 964 propius
628 863 743 934 botilia
773 884 876 935 castra
910 860 1053 959 produci
1084 864 1138 950 ju-

473 967 553 1036 bet.
573 969 620 1033 ΙΙ.
645 965 728 1033 282.
748 963 806 1034 Ad
829 964 954 1033 vallum
973 962 1061 1032 inter
1071 961 1138 1032 Hi-

471 1079 587 1161 spanos
603 1063 646 1132 rei
669 1062 797 1133 divinae
823 1063 986 1144 interest,
1004 1061 1137 1132 cibum-

470 1185 537 1256 que
557 1163 682 1245 sumit,
700 1181 802 1253 atque
819 1162 887 1249 ejus
912 1161 1049 1230 tentorii
1073 1184 1139 1230 cu·

470 1263 618 1332 biculum
632 1311 644 1346 ,
657 1261 716 1330 nbi
748 1264 851 1331 lectus
890 1278 1009 1329 stratus
1043 1278 1137 1342 erat,

470 1359 632 1430 tormenti
655 1361 724 1429 telo
743 1359 951 1456 perforatur.
979 1363 1024 1429 ΙΙ.
1052 1360 1145 1450 283.

470 1459 622 1532 Militum
648 1483 789 1528 numero
804 1461 906 1554 longe
924 1455 1060 1527 inferior
1075 1479 1144 1527 co*

470 1559 577 1654 piasa
602 1558 738 1628 Comite
776 1558 910 1628 Burensi
937 1581 979 1627 ex
1017 1556 1140 1654 Belgio·

460 1656 631 1726 deductas
656 1676 843 1751 exspectare
867 1656 1135 1725 constituit.11.

399 1748 401 1760 ’
472 1757 555 1844 289.
582 1756 753 1824 Comitem
774 1757 982 1837 Burensem,
1012 1753 1140 1847 quibus

469 1853 642 1925 itineribus
653 1873 731 1924 tuto
747 1853 790 1924 ad
809 1877 842 1924 se
863 1875 1039 1949 properare
1055 1876 1139 1950 pos-

469 1954 531 2037 sit,
544 1953 664 2023 docet.
679 1958 725 2023 II.
740 1955 822 2043 285.
851 1953 967 2048 Copiis
988 1954 1055 2040 jam
1071 1976 1138 2021 au-

373 2117 375 2121 .
469 2073 543 2125 ctus
565 2051 694 2123 hostem
711 2052 838 2146 insequi
860 2052 1054 2129 constituit3
1077 2048 1138 2122 sed

468 2172 566 2222 antea
587 2152 809 2250 Neuburgum
827 2149 991 2248 oppidum
1019 2172 1139 2247 oppu-

467 2271 631 2350 gnaturus
663 2252 730 2320 loci
761 2271 916 2321 naturam
957 2248 1140 2347 diligenter

466 2373 547 2420 cum
563 2372 689 2446 magno
712 2373 773 2418 sno
798 2351 944 2445 periculo
960 2354 1135 2443 explorat.

465 2452 514 2524 11.
533 2449 615 2535 285.
652 2446 812 2517 Postridie
843 2445 1044 2518 Danubium
1072 2444 1139 2516 tri·-

467 2547 530 2618 bus
553 2544 712 2643 pontibus
722 2543 905 2617 exercitum
928 2544 1068 2633 trajicit.
1085 2546 1135 2615 ΙΙ.

469 2646 551 2715 286.
579 2644 756 2742 Neuburgi
780 2644 991 2744 Magistratus
1013 2643 1133 2714 urbem

466 2745 563 2815 certis
588 2742 840 2814 conditionibus
878 2741 1051 2814 dedituros
1089 2737 1138 2812 ad

364 2906 368 2912 .
465 2846 601 2915 Ducem
624 2842 798 2913 Albanum
820 2842 946 2931 rejicit.
977 2846 1024 2910 II.
1049 2841 1134 2910 286.

466 2943 691 3037 Neuburgum
716 2941 852 3036 recipit.
889 2945 936 3009 II.
954 2941 1036 3011 286.
1060 2945 1136 3009 Co·

467 3044 536 3138 pias
566 3057 734 3108 recenset.
756 3044 802 3108 II.
829 3039 912 3108 286.
950 3037 1135 3108 Tonaber·

468 3159 538 3210 tem
562 3158 670 3206 versus
694 3136 728 3206 in
752 3136 860 3208 hostes
883 3155 1015 3221 movet,
1038 3155 1072 3207 et
1088 3133 1137 3207 ad

468 3240 722 3329 Marquesenam
746 3235 858 3306 vicum
884 3255 988 3307 castra
1012 3234 1139 3333 ponit.

469 3343 516 3410 II.
535 3337 615 3427 287.
645 3333 703 3404 Ad
719 3334 925 3433 Bendingam
940 3354 1045 3405 castra
1061 3355 1138 3405 me·

469 3436 533 3508 tari
556 3432 751 3505 constituit.
768 3439 815 3505 II.
834 3436 915 3526 287.
941 3434 1137 3507 Mathema-

469 3536 613 3606 ticarum
632 3531 876 3628 disciplinarum
899 3533 1011 3605 studio
1038 3532 1139 3604 dedi-

470 3654 525 3704 tus
540 3634 757 3704 Astronomia
778 3632 1060 3731 Geographiaque
1075 3629 1138 3701 de-

352 3797 356 3805 .
470 3734 637 3814 lectatur,
657 3755 727 3802 non
747 3732 852 3803 solnm
881 3734 960 3826 quia
987 3733 1137 3803 Germa·

473 3833 564 3903 niam
581 3851 832 3928 peragraverat,
851 3831 909 3901 sed
933 3829 1034 3902 etiam
1055 3829 1138 3924 quia

473 3933 574 4003 situm
599 3933 666 4021 ejus
687 3931 764 4001 scite
783 3931 817 3999 in
834 3931 949 4002 tabula
975 3950 1009 4000 et
1036 3952 1139 4001 accu-

473 4031 630 4104 ratissime
652 4027 852 4125 descriptum
875 4053 969 4127 saepe
988 4028 1141 4099 conside-

475 4130 590 4213 rabat,
605 4131 779 4227 regionum
794 4148 896 4222 atque
904 4132 1057 4199 locorum
1070 4151 1143 4198 ma·

476 4253 577 4327 gnam
593 4230 821 4325 cognitionem
845 4227 968 4298 habet.
992 4230 1039 4297 ΙΙ.
1057 4229 1140 4316 287.

474 4334 557 4421 Qio
587 4329 705 4399 ordine
751 4349 869 4425 agmen
909 4325 1033 4421 triplici
1070 4330 1141 4397 acie

474 4429 633 4499 instructa
652 4430 687 4498 in
706 4447 889 4498 castrorum
916 4426 1030 4496 locum
1059 4449 1142 4524 pro-

476 4526 590 4599 cedere
606 4528 719 4614 jubet.
742 4532 789 4599 II.
806 4527 887 4618 287.
903 4524 1065 4597 Hostibus
1081 4551 1137 4624 ap·

473 4626 795 4726 propinquantibus,
816 4627 951 4699 Albano
979 4626 1131 4723 imperat,

474 4747 537 4810 nt,
558 4749 636 4796 cnm
652 4727 840 4808 illucescat,
859 4746 950 4797 totus
971 4727 1134 4799 exercitus

473 4828 514 4902 sit
536 4827 572 4901 in
594 4823 713 4899 armis.
735 4830 781 4898 ll.
800 4826 883 4899 288.
912 4824 1064 4925 Podagra
1094 4848 1137 4905 eit

1247 471 1330 569 pede
1347 468 1470 536 dextro
1487 374 1639 533 ldrdiins
1654 480 1790 555 equum
1807 477 1916 537 tamen

1248 563 1465 648 conscendit,
1491 563 1667 658 copiasque
1712 558 1913 655 obequitans

1248 669 1282 738 in
1299 665 1446 734 tentorio
1468 662 1574 732 Ducis
1596 659 1724 732 Albani
1747 661 1906 748 jentaculo

1249 788 1369 859 corpus
1396 780 1508 833 curat.
1544 764 1592 831 ΙΙ.
1633 759 1717 829 288.
1764 763 1906 833 Consilio

1250 888 1329 935 eum
1362 886 1404 932 eo
1424 879 1699 941 communicato,
1724 882 1811 931 acres
1827 910 1838 942 ,
1854 887 1907 931 m·

1248 982 1385 1056 tequam
1410 961 1530 1030 nebula
1562 957 1912 1042 discutiatur,instrui

1248 1063 1365 1153 jubet.
1397 1065 1444 1130 ΙΙ.
1462 1059 1545 1128 288.
1571 1060 1626 1128 Ex
1645 1057 1788 1143 Albano
1812 1058 1915 1131 hostes

1248 1183 1381 1258 pugnae
1410 1181 1474 1230 sese
1497 1180 1693 1252 comparare
1721 1160 1913 1255 cognoscit.

1248 1265 1296 1332 II.
1316 1261 1398 1343 289.
1412 1261 1505 1328 'Hoc
1516 1258 1640 1326 >nuntio
1654 1255 1859 1340 delectatus,
1874 1278 1913 1332 ut

1249 1377 1319 1429 erat
1351 1377 1489 1455 propter
1513 1354 1700 1453 podagram
1724 1379 1820 1449 equo
1841 1359 1912 1429 insi·

1250 1458 1328 1528 dens
1347 1509 1358 1543 ,
1375 1456 1546 1527 thoracem
1561 1475 1594 1525 et
1612 1454 1792 1526 brachialia
1818 1456 1912 1527 indu-

1247 1558 1303 1642 it,
1328 1557 1576 1650 exercitumque
1604 1554 1761 1630 hostibus
1783 1555 1912 1627 obviam

1247 1659 1295 1728 ire
1308 1657 1425 1746 jubet.
1445 1661 1496 1725 ΙΙ.
1511 1656 1597 1739 289.
1621 1659 1715 1724 Cum
1732 1658 1913 1751 praetoria-

1249 1757 1298 1826 nis
1320 1775 1354 1823 et
1384 1754 1497 1823 aulicis
1520 1753 1699 1847 equitibus
1715 1753 1752 1823 in
1777 1754 1911 1827 secunda

1249 1855 1319 1925 acie
1337 1873 1508 1922 versatur.
1540 1858 1586 1922 II.
1605 1854 1692 1937 289.
1718 1855 1849 1926 Praelio
1870 1854 1908 1924 ab

1248 1951 1400 2026 hostibus
1418 1971 1568 2023 recusato
1584 1952 1725 2048 ‚copias
1748 1955 1785 2023 in
1817 1974 1909 2025 castra

1250 2050 1401 2124 reducit.
1420 2057 1466 2122 II.
1483 2071 1563 2135 290.
1592 2055 1713 2122 Castra
1731 2054 1844 2124 eastris
1853 2053 1912 2125 col·

1247 2151 1377 2222 laturus
1390 2150 1426 2219 in
1444 2149 1574 2221 hostem
1598 2172 1717 2221 movet
1736 2200 1747 2217 .
1767 2158 1813 2222 II.
1839 2173 1912 2236 290.

1249 2249 1421 2337 Camerini
1439 2251 1574 2320 Ducem
1589 2251 1827 2322 Tonabertem
1843 2272 1914 2322 ten-

1249 2366 1322 2418 tare
1345 2348 1438 2439 jubet
1457 2397 1473 2431 ,
1490 2372 1595 2442 quam
1621 2350 1680 2420 ille
1710 2352 1847 2448 recipit.
1868 2353 1915 2421 ΙΙ.

1252 2466 1336 2532 291.
1365 2447 1595 2518 Tonabertem
1631 2452 1812 2520 exercitum
1840 2472 1915 2546 per·

1251 2545 1370 2617 ducit.
1399 2549 1447 2615 11.
1478 2566 1561 2634 291.
1585 2547 1845 2630 Hocbstentam,
1875 2563 1912 2617 et

1212 2680 1216 2687 ·
1250 2646 1429 2742 Telingam
1443 2643 1584 2715 insuam
1603 2666 1799 2741 potestatem
1820 2644 1909 2717 redt-

1251 2744 1324 2842 git.
1354 2749 1401 2815 II.
1427 2763 1509 2831 292.
1524 2742 1584 2815 nd
1598 2747 1808 2844 Laugingtm
1828 2768 1908 2815 eon-

1252 2842 1360 2914 sidet.
1387 2846 1433 2913 ΙΙ.
1458 2862 1539 2928 292.
1559 2846 1775 2944 Laugingam
1795 2842 1911 2939 recipit.

1251 2947 1300 3014 11.
1318 2960 1401 3028 292.
1417 2939 1687 3042 Gundelfingam
1708 2967 1771 3042 per
1780 2942 1915 3014 deditio·

1251 3064 1332 3113 nem
1348 3039 1484 3138 recipit.
1499 3043 1547 3110 11.
1561 3061 1647 3129 292.
1671 3041 1911 3116 Profectionem

1251 3140 1297 3212 ad
1312 3139 1446 3210 Ulmam
1467 3164 1587 3237 parans
1607 3140 1722 3217 hostes
1746 3143 1910 3214 adventare

1250 3240 1348 3312 serius
1369 3240 1565 3340 cognoscit.
1602 3242 1652 3312 II.
1682 3262 1772 3336 293.
1804 3247 1912 3314 eastra

1251 3339 1400 3412 hostium
1431 3339 1616 3437 improviso
1650 3340 1812 3412 invadere
1852 3357 1915 3410 stt-

1250 3438 1342 3510 tuit.
1368 3442 1415 3509 II.
1434 3457 1515 3533 293.
1539 3442 1642 3511 Duce
1658 3440 1801 3512 Albano
1812 3437 1856 3509 ad
1868 3460 1916 3508 ca·

1250 3555 1318 3610 stra
1342 3530 1489 3609 bostium
1516 3538 1751 3636 oppugnanda
1785 3535 1916 3635 profici-

1250 3635 1297 3708 sci
1317 3635 1427 3724 jusso,
1451 3636 1521 3734 ipse
1542 3656 1740 3734 exspectans
1765 3637 1800 3708 in
1821 3655 1915 3721 curm

1251 3751 1367 3820 tectu,
1390 3758 1494 3829 quam
1521 3736 1686 3816 Pannonii
1710 3739 1834 3807 Gotbm
1857 3756 1917 3803 vo-

1252 3852 1356 3919 cant,
1379 3856 1526 3906 armatus
1553 3856 1584 3906 se
1610 3856 1737 3907 somno
1762 3834 1846 3906 dat.
1873 3835 1917 3903 11.

1255 3953 1340 4024 294.
1372 3937 1414 4005 In
1437 3935 1549 4031 priora
1575 3952 1683 4006 castra
1707 3934 1754 4006 ad
1775 3932 1916 4031 bugin*

1253 4056 1361 4131 gam,
1393 4052 1427 4104 et
1452 4035 1553 4131 paulo
1578 4053 1653 4130 post
1689 4034 1727 4104 in
1754 4033 1915 4106 sicciorem

1255 4133 1371 4203 locum
1399 4134 1582 4205 exercitum
1597 4130 1776 4205 traducit.
1790 4138 1913 4216 II.295.

1255 4230 1392 4303 Adduci
1408 4257 1477 4304 non
1500 4250 1610 4330 potest
1625 4281 1637 4316 ,
1653 4255 1737 4304 cum
1753 4234 1818 4320 jam
1839 4243 1911 4299 esset

1256 4332 1374 4402 mensis
1394 4331 1614 4416 November,
1632 4351 1680 4402 nt
1696 4351 1785 4405 tecta
1806 4328 1914 4401 abeat

1255 4431 1435 4503 exercitus.
1458 4437 1508 4503 11.
1524 4452 1608 4520 295.
1640 4432 1799 4503 Saxoniae
1819 4427 1916 4498 Prin·

1255 4530 1382 4627 cipatus
1403 4532 1454 4619 jus
1484 4528 1529 4601 ad
1555 4531 1762 4602 Mauriciutn
1786 4547 1821 4598 et
1844 4529 1919 4597 Fer·

1253 4629 1408 4701 nandum
1438 4635 1570 4729 Regem
1598 4627 1920 4715 fratrem,siarmi5

1257 4747 1424 4827 occupent
1438 4727 1637 4814 ,transfero
1662 4734 1714 4821 ΙΙ.
1740 4750 1825 4816 299.
1838 4731 1921 4798 Tor·

1256 4849 1452 4902 mentorum
1495 4827 1629 4903 bombis
1665 4830 1922 5000 gratulationfiem

1886 4944 1921 4994 e.
