4110 5888
646 357 1192 438 SUMMARIUM..
1543 361 1612 432 111·

160 491 280 573 missa
323 483 510 603 legatione
531 490 533 492 ’
557 484 733 570 adversus
757 488 876 569 Caro·
989 482 1126 568 XVIII.
1186 479 1251 566 Ad
1280 481 1440 599 Pargam
1486 482 1632 570 duode-

159 604 245 690 lum
276 608 475 690 Caesarem
508 601 686 688 solicitat.
726 601 780 686 Hi
810 630 876 686 ne·
928 597 1001 682 cim
1034 603 1242 683 Turcarum
1283 599 1485 706 triremes,
1517 603 1631 688 Geni·

120 798 123 803 .
163 747 261 839 gant
302 723 373 807 sibi
404 723 579 808 adversus
617 715 873 823 foederatum,
928 717 1020 800 zatis
1051 715 1181 802 acriter
1209 718 1541 833 repugnantibus,
1568 749 1631 807 ex·

161 867 189 923 a
220 870 302 955 quo
340 839 441 924 nulla
477 839 549 923 sint
587 835 716 948 injuria
740 837 875 923 lacessi·
926 858 1091 950 pugnat,
1108 858 1148 919 et
1160 836 1373 920 Messanam
1390 836 1510 939 redit,
1529 836 1631 924 dein-

164 956 228 1061 ti,
258 956 352 1043 ferre
380 986 484 1042 arma
514 955 569 1040 fas
596 983 692 1039 esse.
926 950 975 1034 de
1004 952 1055 1037 ad
1078 981 1186 1036 oram
1217 952 1319 1064 Epiri
1354 983 1536 1070 regressus
1567 982 1629 1040 na·

215 1077 305 1160 XV.
366 1075 588 1189 Solymanus
603 1072 793 1157 Aulonem
808 1099 873 1156 na·
925 1067 1004 1154 vim
1033 1097 1149 1154 unam
1172 1069 1380 1155 onerariam
1405 1073 1455 1156 ad
1484 1075 1629 1184 Corcy-

165 1193 294 1281 vaIem
326 1194 458 1279 urbem
491 1220 579 1276 eum
607 1219 750 1305 magno
779 1218 875 1274 exera
924 1214 1005 1270 ram
1033 1186 1161 1300 capit,
1189 1211 1228 1272 et
1259 1187 1415 1302 cognito
1448 1187 1629 1273 Charadi·

165 1309 245 1393 cIm
269 1310 464 1423 pervenit,
491 1309 567 1392 huc
603 1335 759 1422 quoque
790 1307 873 1392 elas·
925 1302 964 1387 ni
1012 1306 1181 1393 adventu
1215 1307 1431 1393 Messanam
1476 1306 1628 1394 teverti·

167 1454 208 1511 se
239 1426 441 1512 convenire
467 1425 579 1535 jussa.
608 1425 766 1509 Carolus
778 1427 874 1508 Cae·
924 1443 1007 1506 tur.

167 1571 253 1648 aar,
289 1543 482 1656 Solymani
512 1566 694 1658 apparatu
721 1567 761 1628 et
786 1567 875 1627 con·
984 1539 1090 1624 XIX.
1148 1539 1220 1624 His
1251 1539 1477 1628 detrimentis
1507 1541 1627 1629 Aulo·

165 1659 248 1744 silio
284 1661 467 1776 cognito,
483 1690 591 1745 oram
620 1659 743 1744 Italiae
766 1682 805 1745 et
822 1659 875 1744 Si·
923 1683 1012 1739 nem
1039 1655 1213 1742 nuntiatis
1229 1719 1241 1762 ,
1255 1658 1496 1745 vehementer
1523 1689 1627 1745 com·

164 1777 270 1861 tiliae
298 1777 518 1863 maritimam
547 1775 726 1891 praesidiis
756 1773 875 1860 firma·
924 1798 1050 1858 motus
1098 1774 1322 1889 Solymanus
1368 1776 1625 1863 Charadinum

164 1894 311 1999 ri,et
353 1895 547 1980 Andream
585 1895 742 1979 Doriam
785 1921 875 1978 cum
924 1890 1099 1976 adversus
1129 1893 1268 1977 Doriae
1296 1894 1446 1978 classem
1487 1895 1624 2000 mittit,

163 2011 280 2095 classe
310 2011 488 2098 adversus
516 2011 763 2124 solymanum
783 2039 874 2096 con·
923 2007 1108 2124 simulque
1134 2010 1392 2125 Luthphinum
1415 2016 1566 2096 Bassam
1586 2013 1626 2096 in

165 2128 324 2214 tendere
353 2129 483 2240 jubet,
515 2128 583 2244 qui
607 2128 874 2243 Cephaleniam
923 2124 1099 2237 Apuliam
1127 2127 1288 2239 trajicere
1325 2128 1527 2243 praecipit,
1556 2129 1623 2244 qui

164 2247 387 2360 perveniens
425 2245 688 2360 Luthphinum
724 2250 875 2331 Bassam
923 2244 1059 2329 Castro
1091 2245 1234 2359 oppido
1258 2246 1396 2359 potitus
1427 2245 1626 2361 populares

168 2386 216 2445 et
244 2359 501 2450 Charadinum
527 2364 567 2448 in
598 2362 718 2448 sinum
749 2363 874 2450 Adria
924 2389 1056 2446 omnes
1071 2362 1208 2450 violata
1222 2361 1297 2448 fide
1308 2361 1442 2477 partim
1458 2363 1621 2471 occidit,

166 2477 286 2564 ticum
300 2480 452 2566 classem
468 2481 634 2566 direxisse
650 2481 864 2597 cognoscit.
924 2480 1058 2591 partim
1086 2480 1361 2567 inservitutem
1391 2481 1589 2566 abstrahit.
1625 2593 1627 2597 Ι

240 2598 348 2682 XVI.
422 2602 467 2682 In
510 2601 701 2712 Corcyrae
746 2598 873 2713 itaque
984 2598 1073 2681 XX.
1132 2597 1425 2683 Christianorum
1456 2598 1628 2683 omnium

166 2714 473 2828 promontorium
490 2739 710 2829 provectus,
721 2740 795 2801 tres
808 2716 876 2802 ho·
924 2712 1152 2830 Principurrr,
1166 2715 1376 2828 praesertim
1393 2715 1570 2800 Italorum
1586 2715 1631 2800 ti·

165 2830 281 2914 stium
322 2831 507 2918 onerarias
552 2862 666 2920 naves
705 2862 874 2950 compre·
926 2861 1010 2915 mor
1039 2893 1051 2937 ,
1084 2831 1226 2917 Carolo
1276 2837 1435 2917 Caesare
1481 2832 1628 2919 Gallico

169 2946 304 3033 hendit
318 3012 330 3053 ,
346 2975 385 3034 et
412 2949 602 3035 Aulonem
633 2979 758 3037 versus
788 2981 875 3063 pro·
926 2948 1027 3032 bello
1042 2947 1228 3033 distento.
1261 2954 1391 3034 Petrus
1404 2974 1532 3035 tamen
1547 2955 1624 3035 To·

168 3065 309 3149 cedens
337 3067 430 3152 duas
473 3067 638 3152 triremes
675 3068 872 3181 conspicit,
924 3064 1019 3150 letus
1043 3064 1121 3176 ejus
1151 3066 1247 3175 jussu
1283 3067 1482 3152 exercitum
1513 3067 1625 3153 confi0

168 3181 307 3294 quibus
334 3184 499 3295 joannes
532 3185 642 3297 Bejus
693 3185 874 3270 missusa
925 3182 975 3266 cit
1003 3183 1053 3268 ad
1084 3186 1260 3298 Regnum
1283 3185 1627 3298 Neapolitanuma

171 3298 381 3410 Solymano
409 3297 530 3386 fuerat
571 3303 621 3388 de
649 3301 783 3412 injuriis
813 3303 874 3388 de·
926 3306 1137 3385 Turcarum
1161 3301 1352 3386 invasione
1379 3302 1605 3387 tutandumc

171 3442 318 3525 pressae
349 3416 454 3505 navis
498 3445 586 3502 cum
627 3419 783 3504 Venetis
819 3444 874 3504 ex·
1001 3420 1109 3503 XXI.
1184 3422 1328 3503 Interea
1370 3419 1627 3532 Hieronymus

169 3533 424 3644 postulatum.
927 3534 1096 3619 Pisaurus
1125 3560 1240 3621 naves
1266 3540 1434 3651 Corcyra
1454 3535 1626 3642 deducit,

233 3651 353 3735 XVII.
410 3648 570 3736 Rediens
607 3651 719 3768 igitur
766 3649 875 3765 Bejus
929 3652 1179 3767 Apuliamque
1224 3682 1350 3738 versus
1394 3654 1628 3740 contendens

171 3761 217 3847 in
250 3769 389 3853 Doriae
435 3767 586 3853 classem
628 3769 791 3875 incidit,
823 3800 875 3856 re·
928 3772 1138 3861 Turcarum
1185 3768 1371 3853 triremem
1437 3770 1628 3882 deprimit.
1757 3769 1759 3777 ’

171 3877 316 3995 busque
347 3885 544 3999 desperatis
583 3909 719 3970 tertam
750 3888 874 4001 capit,
931 3886 1166 4002 Luthphinus
1192 3886 1351 3991 timens,
1383 3915 1431 3971 ne
1458 3890 1629 3972 Veneto-

170 4020 213 4081 et
244 4026 334 4083 cum
362 4004 433 4086 suis
458 4003 634 4088 omnibus
663 4033 739 4089 sese
762 4001 875 4121 fugae
930 4032 1015 4088 rum
1044 4001 1161 4087 classis
1191 4033 1279 4088 cum
1306 4005 1445 4089 Doriae
1473 4003 1629 4114 conjun-

170 4115 352 4201 mandat.
380 4121 499 4204 Doria
530 4120 606 4232 eius
638 4121 824 4227 triremes,
848 4123 875 4205 i·
931 4144 1066 4236 gatur,
1084 4119 1218 4233 Apulia
1234 4121 1411 4225 discedit,
1428 4119 1628 4205 Aulonem·

172 4255 329 4347 temque
376 4235 538 4320 biremen
595 4238 801 4343 incendit,
838 4263 877 4324 et
931 4266 1007 4353 que
1033 4238 1247 4322 revertitur.
1275 4237 1501 4349 solymanus
1517 4238 1629 4323 omis·

171 4351 384 4463 Corcyram
435 4382 560 4438 versus
613 4355 731 4438 redux
789 4385 878 4441 cum
931 4385 975 4440 so
998 4355 1036 4439 in
1065 4383 1233 4467 praesens
1262 4354 1389 4438 Italico
1413 4353 1512 4439 bello
1526 4385 1630 4440 arma
1767 4461 1770 4465 .

171 4467 338 4552 militaris
364 4468 545 4586 religionis
579 4472 704 4556 Sancti
728 4473 879 4585 Joannis
932 4472 971 4555 in
1012 4473 1180 4555 Venetos
1220 4471 1503 4589 Corcyramque
1539 4501 1630 4558 con-

170 4608 214 4669 et
236 4588 509 4675 Genuensium.
527 4591 684 4678 navibus
723 4590 875 4706 conjun·
932 4613 1077 4677 vertere
1101 4588 1246 4674 stamit.

172 4700 301 4820 gitur.
522 4787 524 4792 ,
677 4817 679 4821 Δ
993 4709 1114 4794 XXII.
1171 4707 1236 4796 Ad
1270 4706 1478 4820 Corcyram
1523 4709 1635 4828 igitur·

1344 4832 1422 4912 Aa
1579 4854 1639 4911 oc·
