4110 5888
667 374 816 447 SUM
840 377 880 449 M
905 378 938 449 A
965 377 1000 449 R
1026 372 1176 446 IUM.
1494 383 1619 459 XLIII.

249 501 342 587 XX.
410 502 487 584 Ex'
509 496 670 614 Belgicis?
700 495 886 617 praesidip
936 523 1066 614 specto
1081 558 1105 617 ,3
1126 500 1324 618 Binascum
1360 503 1550 616 procedit.

175 620 367 706 centuriae
399 618 497 705 duae
524 616 783 731 Hispanorum
796 643 885 703 cum
949 631 956 703 f
993 620 1123 705 XXV.
1183 619 1523 708 Mediolanensium
1572 652 1637 739 ap

175 734 371 852 praefecn's
415 740 593 820 Genuam
651 732 884 823 conveniunt
935 760 1090 850 partun.
1111 732 1163 823 ad
1203 735 1412 855 Philippum
1460 739 1635 855 recipien-

177 855 338 970 Philippi
386 853 577 943 custodiae
619 881 754 938 causa.
802 857 885 938 Ge·
936 855 1057 959 dum,
1078 856 1138 941 cui
1167 856 1480 972 appropinquanti
1503 860 1636 945 Saban-

177 975 379 1060 nuensium
433 972 645 1086 inopinatus
700 969 883 1060 tumuitus
934 972 1016 1058 diae
1032 976 1142 1079 Dux,
1158 972 1635 1093 SenarmMediohnensis,

174 1092 353 1228 Andreae
378 1090 520 1176 Dotiae
546 1087 768 1176 auctoritate
783 1117 887 1225 corn»¹
932 1116 1228 1208 procuratorque
1266 1097 1464 1233 'Gonzaga
1511 1122 1635 1182 occsu-

175 1234 368 1413 pnnffi·
407 1322 595 1441 Philippus
627 1353 769 1446 magno
815 1349 880 1413 co·
930 1231 1135 1415 runXXVI.
1193 1252 1377 1444 Philippi,
1404 1321 1557 1445 ejusque
1573 1356 1634 1417 co

174 1680 460 1796 triumphalibus
490 1593 798 1785 simileiiriirbem
824 1681 879 1767 in-
929 1642 1008 1768 tem
1047 1628 1157 1800 supra
1202 1594 1349 1796 pdrtam
1396 1590 1635 1773 aeldetihcapttim

173 1801 345 1917 greditut
358 1862 372 1906 ,
387 1823 426 1885 et
452 1828 476 1883 a
503 1797 603 1886 clero
625 1799 675 1885 acl
698 1796 880 1912 templum
928 1799 1129 1918 ingressus.
1167 1804 1271 1886 Tum
1288 1829 1368 1916 pet
1398 1800 1477 1889 vias
1505 1800 1631 1918 regali-

172 1917 367 2006 Iautentii
408 1939 583 2032 excepnts
630 1915 683 2002 rei
733 1916 879 2004 divinae
928 1941 986 2003 ter
1025 1918 1224 2007 adornatas
1255 1916 1305 2006 ad
1342 1917 1526 2034 templum
1557 1948 1633 2005 ma·

171 2035 345 2123 interest.
555 2076 558 2079 ·
928 2035 1069 2122 trimum
1108 2038 1259 2124 vemens
1305 2041 1433 2122 Deum
1478 2062 1629 2124 venera·

248 2157 373 2241 XXII·
446 2149 618 2270 Principis
640 2149 808 2261 Donec,
840 2172 881 2240 et
928 2177 1020 2258 tur,
1048 2180 1087 2240 et
1127 2156 1166 2240 in
1211 2152 1320 2240 aedes
1365 2150 1634 2242 convenienter

172 2272 303 2357 Marci
323 2272 559 2359 centurionis
590 2301 743 2379 uxores,
765 2273 878 2384 Joan·
929 2300 1109 2385 personae
1139 2270 1334 2358 instructas
1365 2271 1537 2358 divertit.
1585 2353 1587 2357 .

172 2388 366 2505 netinique
389 2389 530 2475 Doriae
562 2390 718 2476 viduam
757 2390 880 2475 hono·
988 2391 1165 2477 XXVIII.
1233 2388 1512 2502 Insequentibus
1561 2386 1633 2474 dies

172 2506 225 2591 ris
249 2534 358 2592 causa
382 2501 524 2595 invisit.
549 2504 778 2601 Quindecim
802 2506 880 2592 dies
928 2501 999 2594 bus
1026 2507 1209 2594 Carolum
1234 2504 1438 2592 Sabaudiae
1462 2510 1632 2612 Ducem,

171 2624 224 2710 ad
245 2629 425 2710 Genuam
465 2650 675 2731 moratus,
709 2647 797 2710 toto
830 2632 880 2710 eo
929 2651 969 2711 et
1009 2627 1190 2713 Fernandi
1220 2630 1429 2743 Gonzagae
1475 2650 1632 2712 uxorem

168 2739 695 2947 limmihreetpllitiiphibahcus
709 2740 881 2949 hilvinii
928 2739 1397 2974 ifiidJiihhimsildhaaih
1426 2742 1636 2944 dircisidiiil

172 2977 270 3063 drea
312 2976 429 3063 Doria
469 2978 573 3095 regio
612 2991 794 3095 apparatu
840 2998 880 3065 et
930 2892 1093 3065 fepcrum.
1133 2978 1322 3094 Equestris
1352 2889 1558 3062 certamirii
1588 2976 1633 3062 si·

169 3094 461 3208 splendid'ssime
487 3097 659 3183 aluntur.
929 3097 1157 3185 mulacrum.
1187 3091 1422 3211 Hippolytae
1450 3094 1633 3181 fernandi

192 3254 194 3258 ’
234 3216 372 3299 XXIII.
430 3219 570 3301 Genua
599 3215 788 3308 discedens
812 3238 880 3329 per
928 3220 1137 3335 Gonzagae
1152 3209 1247 3301 filiae
1269 3242 1357 3300 cum
1369 3210 1535 3298 Fabricio
1553 3213 1631 3317 Co·

171 3329 275 3417 viam
312 3327 561 3418 difficillimam
592 3357 701 3420 tanto
750 3332 879 3418 labore
928 3333 1057 3420 lumna
1080 3335 1253 3450 nuptiae.
1569 3372 1572 3376 ⁴
1619 3407 1621 3411 ,

168 3473 216 3533 et
244 3449 406 3562 periculo
436 3444 580 3554 lucan,
604 3476 649 3537 ut
679 3474 823 3565 partem
851 3451 878 3534 i·
987 3454 1133 3542 XXIX.
1189 3441 1512 3537 Discumbentium
1545 3472 1635 3531 cum

170 3749 362 3917 perierit.
531 3855 532 3863 κ
930 3806 1000 3891 bus
1029 3804 1081 3892 ad
1110 3739 1263 3919 epitlum
1292 3707 1559 3917 pertinintibus
1582 3798 1633 3887 di-

233 3923 377 4006 XXIV.
446 3923 511 4009 Ad
535 3926 747 4009 Tortonam
767 3922 880 4035 Joan·
931 3921 1100 4040 ligentia.
1260 4032 1263 4037 Ι

169 4066 240 4123 nes
271 4041 446 4125 Marchio
474 4046 545 4126 Ber
572 4042 665 4126 ensis
691 4042 881 4147 adest,a
998 4039 1136 4129 XXX.
1201 4029 1358 4154 Philippi
1400 4058 1487 4121 cum
1533 4057 1635 4117 nova

168 4156 327 4272 Reginis
357 4157 474 4242 amitis
517 4071 631 4244 olgficii
675 4158 794 4277 gratia
836 4187 883 4245 ex
933 4183 1090 4274 nupta,
1130 4163 1406 4268 Procerumque
1423 4179 1523 4283 'curn
1555 4176 1634 4282 ma-

170 4273 351 4361 Bnuellis
378 4274 546 4362 missus.
612 4278 677 4377 Ad
729 4277 882 4393 Papiam
933 4279 1047 4366 tronis
1071 4302 1111 4365 et
1134 4272 1345 4392 ‘virginibus
1379 4265 1635 4383 prmctpaltbus

169 4415 321 4504 septum
343 4382 884 4528 murolocum‚.Parcumdi-
934 4397 1165 4482 saltationes.
1235 4432 1311 4523 ²..
1370 4503 1379 4522 .

172 4509 651 4742 a..
666 4511 889 4719 aas
934 4512 1169 4731 ..m
1201 4501 1638 4712 ..unm

172 4768 231 4828 „ve
260 4745 592 4835 Catthusianonmr
605 4748 791 4835 coenobio
811 4775 887 4862 per·
936 4746 1110 4834 lebratio.
1331 4859 1403 4942 ἢ
1581 4857 1636 4934 Se·
