4124 5880
540 416 877 499 CAROLIV.
926 416 1041 497 LIB.
1077 419 1229 501 XVII.
1518 432 1576 525 57

132 571 524 715 deportaverant,
560 575 765 737 appulsae
806 567 980 672 fuerant
1021 587 1264 736 Corcyrae.
1304 588 1368 681 Ex
1411 576 1515 703 his,
1561 542 1626 688 ut·

126 719 348 879 sexageni
384 719 591 819 milites
579 756 628 817 m
665 716 853 858 singulas
889 717 1084 817 triremes
1117 718 1482 882 imponerentur,
1506 741 1607 830 Do

125 899 264 979 rrae,
300 863 486 964 consilio
521 899 626 960 cum
661 856 931 1001 prImoribus
965 863 1330 989 communicato,
1375 868 1601 1008 placebat.

129 1008 227 1106 Sed
264 1005 505 1108 Vincentio
541 1003 625 1107 sibi
661 1044 737 1145 per
770 1017 944 1108 Ducem
979 1042 1024 1106 et
1058 1021 1265 1110 Senatum
1300 941 1518 1116 Venetum
1553 1016 1605 1118 li·
1703 1053 1706 1065 ·

135 1187 240 1248 cere
277 1150 501 1289 negavit,
536 1183 586 1248 ut
619 1148 726 1248 alios
761 1148 958 1267 milites,
995 1187 1130 1289 quarn
1166 1190 1279 1289 quos
1315 1153 1374 1253 ab
1415 1156 1498 1257 illis
1533 1199 1602 1259 ac-

131 1328 398 1454 ceperat,
399 1331 615 1395 rnnaves
650 1293 894 1435 reciperett
931 1332 1113 1435 suasque
1155 1332 1287 1396 naves
1321 1297 1463 1399 milite
1504 1304 1601 1402 satis

135 1434 371 1537 instructas
424 1476 511 1539 esse
575 1435 892 1542 confirmavit.
936 1442 1060 1537 Tum
1113 1438 1279 1537 Doria
1312 1444 1601 1582 quadraginta

139 1581 344 1722 quinque
380 1580 608 1680 dumtaxat
642 1581 870 1692 triremes,
907 1620 1018 1721 quae
1055 1579 1256 1741 auspiciis
1292 1584 1442 1682 Caroli
1479 1587 1600 1687 mili

16 1714 19 1725 ⁴
140 1721 338 1843 tabant,
379 1724 602 1865 sexagenis
638 1723 846 1864 Hispanis
888 1722 1148 1826 militibus
1137 1725 1378 1834 instruxit3
1416 1764 1599 1833 etcum

138 1864 208 1966 his
256 1868 513 2010 explorandi
558 1868 699 2029 gratia
741 1861 960 2007 profectus
1003 1868 1059 1966 ad
1095 1876 1278 2030 Pargam
1320 1868 1598 1974 Christiano-

137 2039 241 2113 rum
278 2051 330 2112 ac
365 2022 561 2114 Venetae
598 2011 781 2111 ditionis
819 2011 1039 2173 oppidum
1075 2012 1346 2113 maritimum
1383 2053 1476 2116 non
1511 2016 1599 2119 lon·

140 2193 198 2296 ge
235 2155 293 2255 ab
329 2152 640 2281 Ambracio
609 2193 705 2256 snut
739 2155 971 2296 processit.
1009 2152 1099 2254 Hic
1136 2196 1188 2255 ex
1224 2155 1482 2259 Christianis
1516 2196 1599 2259 co-
1627 2292 1630 2298 .

141 2299 349 2441 gnoscit,
384 2297 684 2401 Clraradinum
719 2338 823 2400 cum
858 2334 954 2398 tota
989 2298 1164 2398 classe
1152 2336 1201 2398 ιιι
1237 2340 1342 2402 eum
1378 2301 1521 2402 sinum
1556 2345 1599 2404 se

142 2444 385 2584 recepisse3
414 2443 462 2542 in
498 2453 832 2586 Corcyramque
869 2442 1129 2552 revestitum
1168 2478 1212 2542 et
1247 2445 1448 2564 cunctis,
1486 2486 1599 2586 quae

138 2587 347 2708 aderant,
386 2584 620 2689 navibus
607 2627 657 2689 ιιι
692 2587 1017 2704 Gumenizam,
1042 2585 1135 2727 qui
1170 2622 1318 2728 portus
1355 2591 1506 2689 estad
1544 2630 1598 2689 o-·

140 2766 235 2832 ram
271 2731 396 2873 Epiri
431 2772 636 2872 passuum
671 2772 697 2832 a
732 2743 926 2868 Corcyra
961 2733 1114 2834 decem
1149 2732 1370 2849 millibus,
1396 2732 1599 2872 compul

141 2872 229 2992 sis,
254 2873 332 2976 hic
367 2875 553 3019 reIIquas
589 2877 807 2978 onerarias
842 2917 1006 2996 naves,
1036 2914 1143 3017 quas
1185 2908 1412 3015 tempestas
1448 2875 1497 2974 in
1531 2874 1598 2975 di

143 3055 315 3120 versum
351 3056 528 3161 egerat,
550 3021 807 3185 opperitur3
829 3021 988 3163 quibus
1023 3015 1232 3119 omnibus
1267 3019 1480 3159 appulsis,
1511 3016 1599 3117 hoc

144 3162 330 3266 consilio
368 3203 472 3265 cum
506 3164 706 3267 universa
742 3165 924 3266 classe
912 3204 962 3265 ιιι
1005 3162 1149 3264 hostes
1191 3162 1512 3305 progreditur,
1548 3196 1599 3261 ut

148 3308 285 3447 copiis
320 3343 365 3408 et
409 3310 638 3411 tormentis
672 3310 844 3451 aliquot
879 3307 1121 3449 expositis,
1157 3345 1273 3405 arces
1308 3345 1420 3406 srnus
1455 3344 1598 3445 ango

145 3448 218 3549 stis
254 3445 495 3572 faucibus,
540 3493 630 3593 qua
673 3454 748 3552 vix
783 3454 984 3553 triremes
1021 3486 1256 3593 quaternae
1297 3447 1428 3548 simul
1469 3486 1599 3548 com

148 3628 371 3714 mearent,
407 3597 617 3736 utrinque
651 3595 909 3737 impositas,
930 3627 1233 3754 oppugnaret,
1253 3627 1328 3711 et,
1346 3629 1381 3690 sr
1419 3626 1516 3710 res,
1551 3624 1600 3690 ut

145 3672 421 3877 sperabattir,
461 3738 767 3882 processisset,
794 3774 939 3882 captas
976 3777 1091 3838 arces
1126 3735 1254 3836 novis
1289 3667 1516 3876 operibus
1529 3730 1600 3832 fit

144 3914 314 4022 moque
349 3884 567 4025 praesidio
603 3883 832 4002 muniret,
867 3922 961 4023 quo
998 3878 1303 3982 Charadinum
1337 3875 1600 3981 interclude

145 4057 240 4144 tet,
278 4026 567 4169 inutilemque
601 4029 799 4128 redderet
834 4024 1037 4125 hostilem
1073 4024 1264 4125 classem.

216 4178 433 4271 XXXVI.
508 4183 613 4271 Huc
649 4171 729 4274 ubi
769 4166 856 4271 fuit
893 4171 1052 4298 eodem
1087 4169 1160 4269 die
1204 4195 1514 4327 perventum,
1542 4169 1602 4290 ja

149 4310 225 4410 ctis
268 4299 515 4432 anchoris,
546 4349 737 4457 posterus
773 4316 865 4414 dies
903 4349 1209 4455 exspectatur,
1244 4347 1324 4447 qur
1365 4338 1468 4405 cum
1504 4304 1608 4405 illu

153 4454 313 4575 risset,
342 4497 516 4606 paucae
554 4460 793 4599 quaedam
817 4454 1013 4554 hostium
1048 4457 1243 4555 triremes
1285 4489 1382 4550 smu
1418 4487 1607 4592 egressae

155 4636 234 4695 sese
265 4597 580 4721 ostenderunt,
608 4639 659 4700 ut
688 4637 860 4701 nostros
894 4596 1108 4699 lacessitos
1145 4592 1226 4696 sub
1263 4632 1438 4712 arcem,
1457 4634 1506 4692 ac
1545 4633 1609 4692 re

158 4737 288 4881 liquas
324 4784 350 4842 a
386 4785 430 4845 se
469 4680 739 4891 proliibendi
783 4742 923 4886 gratia
959 4743 1007 4844 in
1040 4742 1187 4844 lrttore
1228 4733 1362 4841 factas
1398 4737 1612 4840 munitio

217 4886 408 4987 TVI-H·
1164 4895 1214 4984 H
1510 4916 1583 4976 nes
