4034 5858
118 508 154 590 in
187 513 336 588 Galliam
365 514 560 584 ulteriorem
589 529 647 608 per
687 512 789 610 Alpes

119 614 306 715 peditatum
342 610 455 682 ducit.
496 615 524 680 1.
549 615 634 706 436.
671 616 787 684 Anto-

120 718 216 786 nium
250 711 386 783 Leivam
422 711 483 782 sibi
516 709 668 808 adjungit
706 735 786 782 cum

120 814 192 912 pari
217 834 294 882 suae
321 811 541 882 auctoritate.
576 816 605 880 1.
622 814 706 905 436.
737 814 787 882 E-

120 912 294 1008 quitatum
306 930 504 982 consecutus
521 914 679 981 Sanctum
696 916 787 982 Lau·

119 1012 267 1085 rentium
307 1009 421 1081 vicum
457 1008 493 1078 in
535 1010 669 1082 Galliae
706 1009 787 1081 fini·

118 1111 183 1183 bus
209 1109 380 1207 pervenit.
405 1114 434 1180 I.
450 1112 535 1204 436.
576 1108 635 1179 Ad
663 1111 786 1183 Forum

118 1209 198 1304 Julii
209 1207 475 1310 oppugnandum
488 1210 633 1280 militum
647 1232 786 1280 manum

119 1311 320 1407 praemittit.
340 1315 369 1380 Ι.
381 1332 464 1404 437.
483 1308 709 1380 'laurentium
732 1332 786 1378 re-

119 1409 230 1506 cipit,
257 1407 316 1480 sed
347 1432 457 1481 arcem
484 1434 553 1479 non
583 1425 784 1507 oppugnat,

118 1510 407 1609 oppugnationem
455 1506 664 1580 dissuadente
714 1512 786 1579 An-

118 1607 198 1679 drca
233 1610 353 1679 Doria.
390 1609 419 1677 1.
443 1629 528 1703 437.
567 1607 701 1698 Qribus
741 1603 786 1678 ad

118 1708 167 1777 sui
193 1707 381 1779 custodiam
408 1709 458 1778 uti
493 1703 720 1798 consueverit}
753 1710 784 1774 1.

117 1828 201 1900 437.
232 1805 437 1901 Praescripto
461 1802 581 1876 ordine
609 1803 720 1899 copias
747 1803 783 1873 in

116 1907 336 1996 PorumJulii
356 1903 469 1975 ducit.
493 1910 523 1974 Ι.
539 1926 623 1997 437.
655 1907 708 1971 Ex
723 1904 785 1970 Fo-

117 2029 158 2078 ro
182 2005 260 2095 Julii
295 2001 466 2074 discedens
495 2000 619 2071 cibaria
651 1999 785 2097 singulis

119 2102 278 2175 militibus
301 2102 335 2170 in
360 2100 429 2172 dies
445 2119 525 2171 octo
548 2097 731 2180 distribuit,
749 2115 785 2167 et

118 2206 236 2296 Aquas
256 2200 380 2271 Sextias
404 2221 513 2269 versus
538 2195 732 2268 contendit.
753 2201 782 2265 Ι.

117 2303 202 2395 438.
218 2303 385 2399 Magnum
397 2298 483 2370 vitae
501 2298 686 2392 perieulum
702 2294 784 2365 sub-

116 2404 165 2474 it.
208 2406 236 2470 Ι.
264 2421 348 2491 440.
393 2404 567 2469 Conatum
602 2394 782 2467 Massiliam

116 2500 336 2599 oppugnandi
351 2496 473 2570 frustra
492 2494 562 2567 fore
584 2495 727 2584 judicat.
751 2497 781 2562 Ι.

114 2623 200 2693 440.
235 2597 442 2671 fernandum
469 2597 672 2694 Gonzagam
701 2616 782 2664 cunr

115 2720 208 2799 parte
230 2702 398 2794 equitatus
433 2694 586 2768 adversus
616 2692 783 2782 Montija·

116 2825 198 2872 num
227 2796 431 2892 praefectum
462 2794 589 2865 mittit.
634 2799 663 2863 Ι.
694 2792 781 2883 438.

115 2897 294 2971 Massiliam
319 2915 574 2994 praetergressus
597 2890 640 2963 ad
664 2895 781 2982 Aquas

115 2998 239 3068 Sextias
270 2994 444 3068 considet.
476 2998 505 3063 Ι.
530 2992 614 3086 438.
647 2995 781 3061 Coacto

115 3094 273 3169 Concilio
314 3117 422 3167 rursus
463 3091 505 3162 de
534 3091 612 3163 belli
652 3088 781 3159 tatione

114 3220 193 3268 cum
211 3194 383 3293 praefectis
395 3192 565 3264 deliberat.
576 3197 605 3261 Ι.
617 3208 700 3283 439.
715 3188 781 3258 His

39 3319 42 3324 ·
116 3298 221 3366 varias
242 3297 413 3392 opiniones
439 3291 699 3388 exponentibus,
720 3287 782 3358 Al-

112 3392 249 3469 l'onsum
269 3395 420 3467 Idiacum
432 3390 475 3463 ad
493 3391 635 3462 Doriam
650 3385 780 3471 mittit,

114 3495 176 3590 qui
185 3495 379 3565 sententiam
396 3492 464 3581 ejus
474 3492 638 3583 exquirat.
658 3492 780 3580 I.439.

112 3599 267 3692 Accepto
278 3592 406 3665 Doriae
420 3599 607 3686 responso,
624 3585 679 3659 cui
702 3587 780 3681 plu-

113 3694 239 3770 rimum
273 3691 419 3774 tribuit,
442 3706 507 3761 sese
530 3690 565 3760 in
616 3684 780 3758 Massiliae

111 3812 330 3891 conspectum
356 3789 444 3874 dat,
466 3791 534 3879 ejus
556 3788 656 3858 situm
672 3803 781 3859 natu-

112 3916 252 3986 ramque
274 3893 341 3963 loci
372 3909 617 3986 perspecturus.
648 3892 676 3957 Ι.
693 3904 777 3974 440.

111 3989 273 4065 Adornos
305 4014 364 4087 per
384 4013 459 4059 suos
486 3987 584 4058 duces
620 3987 779 4056 Genuam

111 4088 265 4163 reducit.
305 4096 334 4159 Ι.
363 4108 446 4179 445.
486 4089 678 4158 Genuenscs
716 4082 783 4152 suis

111 4191 239 4288 legibus
273 4189 324 4258 uti
358 4187 553 4283 permittit,
594 4204 628 4255 et
659 4205 777 4254 eorum

110 4289 257 4363 libertati
298 4287 433 4384 largiter
473 4283 587 4354 favet.
624 4287 653 4353 Ι.
692 4285 776 4374 446.

112 4388 290 4461 Auxilium
324 4388 484 4458 Genuam
509 4382 624 4454 mittit.
649 4387 678 4451 Ι.
693 4404 778 4471 447.

112 4488 170 4558 Ad
201 4495 317 4581 Aquas
349 4484 473 4556 Sextias
513 4481 673 4578 tringinta
708 4480 777 4552 dies

112 4588 251 4680 amplius
288 4583 488 4663 consumit,
529 4598 718 4676 exspectans
749 4581 777 4651 si

111 4684 212 4783 possit
235 4690 364 4780 Regem
380 4682 526 4766 allicere,
545 4703 583 4754 ut
603 4678 776 4778 pugnandi

110 4784 244 4881 copiam
274 4782 398 4853 faciat.
425 4789 454 4853 Ι.
481 4804 566 4875 45ι.
610 4784 684 4852 Hac
720 4802 775 4877 spe

109 4884 325 4980 dejectus,et
344 4880 486 4955 adversis
506 4883 630 4957 nuntiis
659 4880 702 4952 de
725 4903 775 4954 re·

891 511 954 583 bus
988 512 1111 584 Italicis
1144 517 1414 618 cibariorumqu'e
1446 523 1561 622 inopia

891 631 1029 684 coactus
1063 636 1167 686 castra
1201 640 1342 706 movet,
1374 626 1485 718 copias
1521 627 1558 696 in

891 712 1023 785 Italiam
1043 713 1262 789 reducturus.
1278 726 1306 792 Ι.
1321 740 1367 811 45
1377 747 1406 792 ι.
1423 741 1457 791 et
1472 742 1561 814 452.

890 814 1065 883 Summam
1087 814 1216 912 imperii
1239 818 1273 888 in
1298 836 1410 889 totum
1432 821 1561 893 exerci-

890 928 966 982 tum
1011 912 1171 984 Nicaeam
1221 918 1411 1014 perveniens
1465 920 1561 993 Vasti

891 1009 1084 1083 Marchioni
1115 1013 1236 1084 tradit.
1267 1021 1297 1086 I.
1323 1039 1408 1109 452.
1441 1019 1484 1089 Ei
1506 1021 1560 1107 ju·
1639 1054 1644 1063 ·

892 1108 968 1194 Ικι,
997 1129 1038 1179 ιιι
1072 1116 1262 1210 Augustam
1285 1116 1467 1210 etreliqua
1495 1118 1561 1188 cir-

889 1232 969 1281 cum
997 1208 1123 1307 oppida
1148 1236 1167 1282 a
1199 1213 1309 1285 Gallis
1332 1235 1499 1312 occupata
1515 1217 1551 1288 in

889 1328 1088 1406 potestatem
1112 1310 1264 1408 redigat.
1295 1319 1323 1384 Ι.
1347 1338 1433 1408 452.
1456 1316 1561 1388 Alva-

887 1433 964 1480 rum
991 1410 1164 1481 Bazanum
1182 1415 1217 1481 in
1250 1413 1448 1510 Hispaniam
1477 1417 1558 1485 mit-

887 1507 958 1592 tit,
978 1525 1018 1577 ut
1044 1511 1219 1604 pecuniam
1239 1515 1425 1586 Barcinone
1446 1537 1561 1611 repor-

887 1624 957 1691 tet,
975 1606 1140 1700 simulque
1156 1632 1194 1679 ut
1211 1612 1392 1685 Gallorum
1421 1617 1556 1686 Turca·

886 1728 1032 1800 rumque
1060 1709 1190 1779 classem
1215 1709 1377 1782 invadat.
1414 1718 1442 1782 Ι.
1469 1733 1558 1804 452.

886 1804 961 1874 Sine
992 1809 1155 1898 praetoria
1180 1807 1338 1894 cohorte,
1353 1812 1419 1882 sine
1452 1813 1558 1883 milite

887 1902 1026 1972 custode
1045 1907 1206 1975 Genuam
1225 1907 1372 2006 navigat,
1384 1930 1418 1980 et
1430 1910 1463 1980 in
1480 1918 1558 1982 An-

887 1999 984 2071 dreae
1024 2003 1151 2073 Doriae
1177 2010 1381 2101 praetorium
1406 2007 1554 2094 divertit,

886 2100 1229 2198 cunctisintrepidum
1250 2106 1318 2196 ejus
1349 2108 1498 2179 animum
1518 2126 1554 2179 et

884 2197 1094 2274 securitatem
1129 2200 1389 2276 demirantibus.
1418 2214 1447 2278 1.
1468 2229 1555 2302 453.

886 2298 944 2370 Ab
961 2298 1156 2371 Alexandro
1167 2301 1300 2374 Medice
1310 2306 1505 2393 Florentiae,
1517 2327 1554 2379 et

884 2395 1070 2468 aFederico
1087 2402 1254 2499 Gonzaga
1266 2403 1428 2475 Mantuae
1443 2407 1554 2477 Duci-

885 2494 947 2566 bus
975 2498 1161 2569 salutatur.
1191 2506 1220 2569 I.
1245 2523 1329 2596 453.
1360 2506 1554 2575 Mantuano

883 2596 977 2666 Duci
1004 2598 1277 2671 Marchionatum
1313 2602 1552 2674 Montisferrati

885 2692 1079 2783 adjudicat.
1115 2702 1143 2766 Ι.
1170 2720 1255 2793 453.
1286 2701 1403 2774 Rebus
1429 2701 1555 2772 Italicis

884 2793 1095 2878 constitutis,
1112 2814 1145 2864 et
1170 2797 1286 2867 Alvari
1310 2798 1457 2871 adventu
1481 2825 1552 2870 non

883 2912 1092 2987 exspectato,
1107 2918 1183 2966 cum
1201 2895 1338 2967 Andrea
1355 2898 1475 2982 Doria,
1490 2899 1554 2969 tri-

883 2990 1028 3063 remibus
1062 2991 1180 3090 viginti
1221 3016 1345 3091 septem
1383 2997 1553 3092 sequenti-

884 3087 967 3173 bus,
988 3089 1112 3182 quibus
1143 3092 1204 3164 viri
1227 3096 1388 3192 principes
1418 3095 1552 3167 vehun-

884 3204 959 3271 tur,
970 3211 1066 3258 naves
1079 3191 1191 3277 solvit,
1204 3213 1237 3263 et
1247 3193 1551 3267 inVillae-Francae

883 3304 1021 3384 portum
1049 3291 1218 3383 pervenit.
1248 3298 1277 3362 I.
1303 3313 1389 3385 454.
1428 3292 1549 3367 Valida

882 3404 1074 3481 tempestate
1100 3390 1241 3477 jactatus
1272 3392 1328 3464 vix
1356 3392 1438 3464 duas
1466 3396 1548 3462 San-

881 3504 955 3557 ctae
974 3487 1174 3585 Margaritae
1193 3490 1313 3562 insulas
1328 3490 1551 3589 importuosas

882 3603 996 3668 tenet,
1020 3586 1241 3685 quadraginta
1257 3593 1397 3686 amplius
1418 3592 1549 3662 remise

881 3706 940 3754 sua
976 3687 1193 3780 Imperatoria
1233 3689 1309 3759 navi
1342 3691 1480 3761 amissis.
1518 3694 1550 3761 Ι.

880 3804 967 3873 454.
1005 3787 1133 3879 Septem
1165 3786 1233 3857 dies
1264 3788 1307 3859 ad
1340 3814 1392 3861 cas
1427 3791 1547 3861 insulas

879 3882 1182 3954 incommodissime
1208 3910 1434 3959 commoratus
1448 3937 1460 3972 ,
1473 3888 1547 3959 for-

878 3999 998 4052 tunam
1032 3983 1130 4052 maris
1161 3988 1300 4082 experiri
1322 3991 1396 4058 vult
1416 4005 1473 4071 ,et
1501 3985 1547 4058 ad

878 4080 1077 4152 Stoechadas
1096 4081 1216 4155 insulas
1243 4087 1416 4182 procedit.
1433 4090 1548 4176 1456.

879 4182 1025 4275 Aliquot
1043 4181 1110 4253 dies
1130 4207 1198 4253 non
1211 4183 1278 4256 sine
1295 4189 1482 4257 multorum
1499 4184 1546 4254 ti-

878 4303 973 4351 more
999 4300 1032 4350 et
1052 4280 1259 4354 solicitudine
1282 4283 1547 4356 adstoechadas

876 4379 997 4450 insulas
1020 4381 1209 4450 consumit.
1235 4388 1263 4453 I.
1278 4388 1363 4473 456.
1387 4387 1544 4453 Sermone

878 4475 921 4547 de
949 4478 1080 4548 Gallica
1100 4482 1200 4551 classe
1229 4481 1396 4555 incidente
1419 4483 1453 4553 in
1482 4506 1543 4552 co-

875 4599 959 4648 rona
975 4577 1178 4673 Principum,
1192 4580 1225 4649 in
1238 4606 1311 4654 eam
1326 4605 1441 4654 vocem
1459 4604 1544 4678 7ιο-

874 4675 1019 4771 rumpit:
1042 4681 1142 4748 Siriri
1164 4702 1234 4751 sunt
1256 4685 1331 4765 isti,
1354 4685 1409 4754 but
1424 4684 1542 4753 vestime

873 4778 915 4849 ad
925 4801 974 4847 nos
995 4779 1103 4870 praelio
1125 4781 1338 4852 lacessendum.
1352 4787 1380 4852 Ι.
1398 4801 1476 4874 357.
1490 4782 1546 4849 E-

872 4875 922 4970 ius
948 4876 1152 4978 praetorium
1182 4876 1322 4961 fultnine
1347 4881 1472 4965 ictum·
1512 4882 1543 4949 I·

1457 4978 1543 5072 458.
