4170 5866
474 413 563 528 ,156

534 634 654 778 JO.
715 625 1096 760 GENESII
1157 625 1802 760 SEPULVEDAE

565 897 567 902 ·
750 892 874 1003 oa
928 890 1217 1072 uanus.
1256 886 1580 1000 oasam

549 1130 1786 1314 canotroututi

608 1427 1041 1513 'IMPERATORIS
1076 1427 1157 1505 ET
1184 1432 1359 1508 REGIS
1394 1424 1730 1531 HrsPAmAE

541 1735 810 1841 LIBER
871 1727 1390 1838 VIGESIMUS
1453 1727 1798 1841 PRIMUS.

515 2023 548 2111 1.
625 1945 828 2119 DUM
863 2008 972 2109 haec
1008 2008 1127 2150 apud
1155 2008 1366 2109 Carolum
1403 2018 1634 2111 Caesarem
1671 2043 1901 2151 geruntur,

445 2155 689 2259 Franciscus
719 2166 813 2255 Rex
846 2153 1075 2253 Gallorum
1106 2151 1301 2276 eisdem,
1325 2148 1486 2294 quibus
1522 2193 1648 2296 saepe
1684 2190 1815 2274 ante,
1836 2150 1901 2255 fii-

446 2301 520 2401 tiis
560 2295 963 2399 Mediolanensibus
1014 2293 1324 2436 agitantibus,
1377 2292 1543 2395 bellum
1593 2336 1741 2438 parare
1809 2337 1903 2398 non

449 2441 649 2558 desistit,
687 2440 812 2578 quod
847 2449 939 2571 jam
983 2441 1152 2579 pridem
1202 2438 1356 2537 animo
1407 2438 1619 2581 gerebat,
1656 2440 1904 2582 indignatus

450 2588 575 2727 quod
600 2624 626 2682 a
653 2583 822 2683 Carolo
860 2584 915 2682 de
944 2583 1264 2683 Mediolanensi
1287 2581 1539 2725 Principatu
1552 2659 1567 2702 ‚
1585 2622 1802 2726 quantum
1838 2621 1904 2687 te·

447 2767 568 2830 mere
621 2726 937 2865 concupierat,
974 2766 1067 2827 non
1109 2727 1403 2868 impetrasset.
1456 2737 1552 2827 Rex
1603 2728 1724 2828 enim
1758 2743 1906 2830 Caro-

446 2870 543 2972 lum
580 2869 627 2970 in
680 2870 863 2970 transitu
899 2871 1063 2999 Galliae
1097 2905 1325 3011 tantopere
1377 2866 1462 2971 sibi
1507 2868 1594 2969 lide
1634 2911 1725 2972 non
1760 2872 1906 2975 viola-

447 3047 493 3113 ta
526 3093 541 3135 ,
578 3052 629 3113 ac
664 3013 874 3153 praestitis
927 3008 1085 3113 officiis
1138 3013 1394 3115 demeruisse
1436 3010 1709 3136 videbatur,
1747 3053 1798 3115 ut
1847 3019 1906 3117 de

447 3154 582 3297 ipsius
618 3156 844 3259 voluntate
879 3158 1037 3257 omnia
1066 3166 1178 3289 justa
1214 3194 1257 3255 et
1292 3157 1452 3288 injusta
1489 3193 1650 3260 temere
1686 3159 1770 3261 sibi
1808 3162 1907 3299 pol-

447 3301 677 3403 liceretur.
734 3303 823 3402 Cui
858 3300 1042 3400 Carolus
1078 3298 1348 3440 gratificari,
1382 3336 1425 3401 et
1475 3302 1603 3400 novis
1654 3302 1910 3403 connubio«

446 3483 546 3546 rum
582 3443 765 3545 vinculis
800 3480 1005 3545 mutuam
1057 3443 1302 3543 amicitiam
1338 3443 1496 3545 arctius
1531 3440 1771 3587 constringi
1823 3486 1909 3549 cu*

448 3588 607 3728 piens,
642 3589 691 3687 in
727 3584 802 3686 has
844 3588 1026 3688 demum
1062 3586 1383 3707 conditiones,
1424 3625 1526 3687 cum
1575 3589 1623 3688 id
1674 3589 1909 3731 negotium

450 3770 530 3872 per
584 3730 878 3831 internuntios
927 3731 1217 3872 agitaretur,
1252 3730 1474 3833 descendit
1512 3773 1521 3830 :
1560 3768 1609 3833 ut
1662 3737 1913 3876 Margarita·

446 3873 584 4016 Regis
636 3875 833 4009 ejusdem
885 3872 973 3974 filia
1009 3873 1233 3973 ‘Fernandi
1267 3885 1573 3975 Romanorum
1610 3877 1759 4017 Regis
1810 3877 1908 3980 filio

446 4018 637 4118 secundo
672 4018 720 4118 in
756 4015 1093 4117 matrimonium
1127 4017 1389 4140 traderetur,
1412 4056 1456 4118 et
1493 4016 1560 4118 his
1595 4020 1792 4121 Carolus
1812 4021 1906 4162 ipse

443 4163 744 4303 Principatum
779 4160 1158 4263 Mediolanensem
1201 4160 1487 4280 attribueret,
1522 4163 1734 4303 idemque
1780 4205 1904 4268 suam

443 4301 581 4404 filiam
631 4305 823 4404 Mariam
873 4342 981 4405 natu
1034 4315 1248 4435 majorem
1300 4306 1460 4445 nuptui
1511 4309 1697 4407 traderet
1741 4311 1903 4408 Carolo

442 4446 578 4589 Regis
614 4448 728 4547 Galli
762 4448 930 4549 minori
965 4486 1071 4548 natu
1108 4447 1242 4567 filio,
1277 4450 1521 4586 dotemque
1564 4451 1723 4548 diceret
1757 4452 1834 4549 Bel
1868 4452 1904 4550 i«,

437 4626 540 4689 cum
576 4591 907 4730 Principatum,
945 4593 1026 4731 qui
1061 4628 1162 4730 post
1197 4592 1329 4728 ipsius
1365 4590 1561 4691 Caesaris
1610 4589 1786 4691 obitum
1844 4592 1904 4693 fi-

432 4731 538 4834 liam
574 4768 849 4876 sequereturr
886 4774 974 4876 qua
1010 4736 1180 4836 ratione
1216 4728 1341 4836 facile
1376 4770 1549 4877 poterat
1585 4772 1690 4835 cunr
1730 4774 1901 4875 magno

312 4891 314 4893 ’
463 4898 466 4903 ‘
507 4891 508 4896 '
903 4911 909 4933 ²
1815 4881 1905 4981 Hi·
