4034 5858
455 423 731 508 cxxotr
760 422 813 502 x.
856 423 984 503 tm:
1015 425 1153 503 xxx.
1327 508 1334 536 ,
1424 431 1518 519 515:

89 581 363 690 siasticomm
408 581 692 726 vectigalium
738 615 912 722 quartas
960 587 1102 723 partes
1137 577 1310 682 duobus
1354 587 1565 694 trienniis:

87 730 205 871 Regi
241 728 491 869 pendendas
526 729 843 867 imperaverat.
888 725 971 827 Sed
1006 725 1095 826 hoc
1142 725 1388 868 irrogatum
1432 738 1563 879 Regi!

88 873 374 1016 privilegium
420 907 556 1014 atque
601 876 825 974 decretum
868 880 958 1004 jam
1002 909 1081 1010 per
1128 872 1237 971 duos
1289 912 1561 981 successores.
1685 904 1686 911 ‘

88 1018 348 1119 Marcellum
385 1054 428 1117 et
463 1017 644 1118 Paulum
680 1018 959 1158 antiquatum
996 1055 1084 1115 esse
1120 1012 1381 1150 videbatur,
1402 1056 1452 1120 ut
1478 1062 1557 1123 so*-¹

88 1161 178 1263 lent
213 1161 446 1262 Pontifices
489 1160 765 1303 superiorum
808 1158 1077 1260 Pontificum
1125 1159 1279 1261 omnia
1320 1161 1366 1261 id
1410 1204 1547 1307 genus

90 1307 261 1407 decreta
305 1344 349 1407 et
390 1342 483 1406 acta
526 1307 738 1447 postridie
784 1305 971 1445 suscepti
1022 1301 1306 1405 Pontificatus
1357 1311 1559 1449 generali·

89 1450 263 1551 decreto
301 1491 376 1551 seu
411 1453 507 1593 lege
543 1486 588 1552 et
623 1445 814 1552 formula
850 1451 1043 1592 quadam
1079 1447 1343 1551 rescindere.

175 1603 289 1695 VIII.
380 1594 518 1735 Igitur
572 1595 718 1695 nuntii
782 1629 826 1693 er
881 1592 1072 1695 litterae
1098 1631 1428 1734 quoquoversus
1470 1637 1548 1740 per

88 1738 325 1839 Castellum
360 1741 417 1837 ad
452 1739 660 1839 Ecclesias
694 1737 1015 1857 dimittuntur,
1054 1774 1105 1837 ut
1141 1774 1294 1878 quarta
1330 1780 1424 1880 pars
1459 1754 1547 1844 Ec-

89 1879 428 1983 clesiasticorum
480 1882 761 2024 vectigalium
812 1880 930 2022 Regi
979 1920 1031 1979 ex
1083 1882 1258 1980 decreto
1309 1883 1555 1986 Pontificio·

86 2020 366 2134 conferatur3
405 2065 493 2166 qua
535 2024 863 2127 denuntiatione
898 2021 1083 2158 Joannis
1120 2033 1275 2125 Suarez
1310 2029 1554 2161 Carvajalis

87 2167 297 2308 Episcopi
333 2166 537 2268 Lucensis
572 2167 727 2301 judicis
762 2207 788 2267 a
822 2164 1043 2283 Pontifice
1067 2163 1169 2266 huic
1204 2169 1389 2312 negotio
1425 2171 1550 2272 dele-⁴

88 2311 183 2452 gati
217 2320 336 2442 jussu
389 2308 621 2453 verbisque
657 2304 813 2432 facta,
853 2309 1015 2411 Clerici
1050 2351 1108 2411 ex
1139 2349 1264 2411 more
1299 2314 1354 2413 ad
1390 2315 1551 2440 Ponti-

88 2453 219 2555 ficem
256 2453 508 2556 Maximum
543 2488 861 2598 provocarunt,
890 2451 1181 2595 princepsque
1214 2456 1431 2560 Toletana
1465 2470 1548 2560 Ec«

87 2597 216 2698 clesia
252 2600 483 2741 negotium
519 2599 730 2740 suscepit,
765 2639 792 2698 a
827 2638 916 2739 qua
952 2631 1112 2697 ceterae
1149 2637 1225 2737 per
1267 2599 1427 2701 litteras
1463 2605 1550 2703 ad-.

87 2740 283 2849 monitae
319 2742 449 2843 binos
472 2780 672 2883 quaeque
706 2740 872 2883 legatos
892 2740 1169 2843 Valdolitum
1191 2743 1389 2884 Regium
1415 2744 1549 2886 oppi-

85 2884 197 2986 dum
231 2926 336 2987 curn
372 2884 584 2986 mandaris
619 2884 859 3004 miserunt,
880 2882 961 3025 qui
996 2922 1098 2984 cum
1133 2887 1189 2985 ad
1226 2886 1346 2987 diem
1375 2887 1546 2991 dictum

85 3039 259 3171 praesto
294 3024 503 3149 fixissent,
540 3027 876 3130 communicatis
912 3025 1136 3146 consiliis,
1168 3027 1335 3168 placuit·
1368 3029 1457 3151 eis,
1492 3067 1543 3134 ut
1619 3153 1620 3156 Ν
1689 3110 1692 3111 f

85 3212 114 3271 a
144 3171 309 3305 Judice
344 3173 544 3313 delegato
582 3205 823 3312 peteretur,
847 3170 911 3271 uti
945 3168 1108 3270 litteras
1144 3170 1396 3272 Pontificias
1432 3214 1547 3315 pf01

86 3308 242 3435 ferret,
282 3313 442 3456 quibus
496 3319 702 3416 subsidium
736 3314 913 3415 Clericis
949 3311 1260 3454 imperaretur,
1281 3353 1323 3415 et
1348 3314 1441 3454 ipse
1469 3352 1544 3417 nee*

85 3456 215 3599 gotio
250 3459 538 3601 delegaretur.⁴
586 3456 776 3573 Protulit
811 3457 884 3559 illc
925 3456 1164 3598 postulatus
1211 3457 1326 3594 Julii
1361 3468 1446 3561 111:
1474 3461 1542 3561 di-u

85 3602 262 3741 ploma.
769 3648 772 3656 ·
1192 3635 1197 3646 '
1339 3690 1340 3693 κ
1531 3642 1535 3655 ·

108 3792 111 3800 ’
156 3755 232 3845 ΙΧ.
306 3759 515 3851 Ceterum
550 3747 820 3852 Clericorum
855 3745 991 3890 legati
1026 3747 1222 3888 diploma
1258 3743 1352 3851 non
1387 3747 1542 3851 xivenss
1686 3772 1687 3775 ‘

85 3886 141 3987 tis
175 3889 325 4011 Pauli,
362 3896 436 3992 sed
472 3891 587 4030 Julii
623 3891 844 3993 demortui
879 3889 1103 3991 Pontificis
1141 3931 1227 3989 esse
1243 3975 1245 3979 .
1264 3894 1540 3994 animadver²

84 4063 265 4151 tentes,
308 4072 409 4173 post
453 4036 633 4178 longam
676 4038 918 4138 multorum
962 4035 1132 4135 dierum
1181 4033 1542 4137 deliberationem
1649 4156 1650 4159 g

84 4215 145 4274 cx·
175 4179 406 4278 communi
424 4181 638 4283 sententia·
657 4185 883 4316 Joannam
903 4179 1050 4322 Regni
1086 4179 1426 4319 procuratricem
1461 4180 1541 4278 ada

85 4316 265 4441 ierunt,
309 4357 354 4422 et
402 4324 596 4464 exposita
636 4364 764 4426 causa
800 4322 1052 4466 diplomatis
1099 4321 1264 4421 nullam
1300 4360 1387 4424 esse
1445 4321 1543 4423 vim

84 4461 429 4586 confirmarunt,
464 4467 590 4603 Julio
634 4506 810 4571 auctore
852 4469 1118 4584 demortuo,
1159 4473 1280 4596 cujus
1322 4467 1371 4567 id
1407 4483 1556 4608 genus

85 4605 253 4704 decreta
326 4646 370 4711 et
416 4610 610 4754 irrogata
662 4612 890 4754 privilegia
934 4652 959 4710 a
1023 4607 1233 4707 Marcello
1303 4645 1346 4711 et
1407 4609 1543 4709 Paulo

84 4750 397 4856 successoribus
441 4796 497 4855 ex
544 4760 669 4858 more
711 4755 889 4857 'rescissa
937 4792 1026 4853 esse
1057 4754 1334 4876 *constarets
1380 4751 1544 4885 injussu

895 4903 1028 5011 Tttz
1463 4930 1546 4991 au-
