4034 5858
390 525 396 527 μ
515 465 599 533 ,22
884 415 967 509 nu
1015 428 1234 508 nauus.
1267 426 1489 508 Gusms

473 588 654 688 alteram
690 619 848 684 venam
884 584 930 683 in
968 583 1222 729 propinquo
1259 584 1582 724 investigasse,
1618 572 1782 722 quibus
1829 579 1920 720 lege

371 847 376 855 ,
478 767 576 870 pars
617 727 744 827 tertia
780 764 881 825 cum
919 726 1206 844 decernatur,
1243 762 1422 848 tamen,
1457 724 1602 824 nescio
1641 762 1736 863 quo
1774 760 1919 862 pacto,

479 910 572 973 rem
620 870 666 970 in
701 868 1059 1006 *controversiam
1110 864 1236 969 fitisse
1285 870 1565 989 adductam,
1598 906 1690 971 nec
1733 867 1797 969 ad.
1828 907 1918 967 eam

329 1077 333 1085 ·
480 1015 597 1114 diem
634 1014 918 1143 dijudicatam
953 1010 1174 1150 ascripsit.

550 1165 672 1253 XIX.
747 1155 925 1293 Magnis
960 1155 1139 1276 Carolus
1174 1167 1331 1254 Caesar
1365 1188 1407 1253 ct
1441 1152 1655 1252 diuturnis
1698 1150 1924 1251 laboribus.

333 1405 337 1411 ,
477 1298 716 1438 exagitatus
751 1298 921 1438 gravius
957 1332 1177 1437 aegrotare
1213 1296 1401 1434 coepit,
1440 1337 1491 1394 ex
1528 1293 1740 1404 cobello
1785 1297 1919 1435 potis-

480 1442 644 1541 simum
679 1440 909 1540 contractis
944 1436 1151 1559 morbis,
1189 1441 1312 1579 quod
1347 1477 1450 1538 cum
1486 1437 1713 1539 Germanis
1749 1438 1922 1537 durissi-

481 1622 561 1684 mo
612 1583 715 1681 anni
765 1621 965 1721 tempore
1019 1621 1229 1719 saevaque
1279 1579 1423 1681 bieme
1460 1582 1637 1722 gessit,
1674 1620 1727 1679 ut
1762 1582 1921 1679 Princi-

483 1724 612 1866 pibus
630 1721 882 1823 defectionis
918 1721 1168 1841 debellatis,
1187 1760 1338 1823 omncs
1374 1727 1432 1824 ad
1467 1719 1666 1821 officium
1704 1759 1751 1821 et
1781 1722 1921 1821 Fidem

353 1904 355 1911 ·
483 1864 756 1966 Catholicam
786 1944 800 1987 ,
836 1869 1011 1965 auctore
1047 1864 1240 1964 Luthero
1277 1867 1468 1969 relictam
1501 1942 1516 1983 ,
1548 1865 1693 1970 ,redite
1722 1866 1919 2004 ‘compel-

482 2009 614 2109 leret'.
651 2021 806 2148 Itaque
838 2047 938 2108 cum
982 2007 1195 2107 articulari
1229 2042 1368 2107 aetate
1403 2010 1733 2147 ingravescente
1762 2004 1837 2107 alii
1868 2041 1917 2105 et·

483 2151 573 2251 iarn
607 2146 803 2251 difficiles
838 2147 988 2250 morbi
1022 2143 1233 2253 afflictum
1269 2151 1552 2268 invaserunt,
1586 2148 1750 2287 quibus
1787 2150 1920 2290 impe-

484 2295 602 2393 ditus
636 2294 714 2392 diu
747 2332 832 2393 sese
870 2294 984 2391 intra
1019 2293 1275 2392 domesticos
1312 2295 1491 2434 parietes
1525 2290 1814 2399 continebam
1837 2332 1920 2391 non

485 2435 532 2532 in
567 2433 791 2573 publicum
830 2436 1040 2574 prodiret
1076 2473 1168 2533 non
1205 2475 1248 2532 se
1284 2475 1308 2531 a
1345 2473 1618 2577 quoquam,
1655 2471 1820 2573 praeter
1853 2473 1922 2553 so-

484 2604 603 2676 rores
637 2578 828 2716 Reginas
880 2610 931 2675 et
955 2575 1141 2687 ‚intimos
1176 2572 1405 2676 familiares
1439 2654 1454 2695 ,
1489 2574 1612 2673 adiri
1633 2578 1765 2716 pati;
1812 2575 1921 2673 nulli

484 2718 663 2860 publico
698 2719 882 2860 negotio
912 2756 1093 2847 uacare.
1145 2732 1295 2859 Itaque
1329 2715 1413 2820 fuit
1448 2726 1656 2856 tempus,
1689 2757 1790 2817 cum
1835 2744 1918 2816 no·

484 2899 586 2960 vem
623 2863 855 2960 continuos
892 2872 1056 2960 menses
1094 2936 1108 2979 ,
1143 2897 1192 2960 ut
1228 2863 1298 2960 vel
1319 2952 1331 2980 ,
1350 2860 1542 3003 epistolis
1592 2859 1660 2960 vel
1712 2861 1923 3001 diploma·

485 3004 538 3099 tis
574 3001 891 3119 subscriberet,
926 3003 1082 3102 adduci
1117 3042 1208 3102 non
1245 3004 1433 3146 potuerit
1458 3043 1470 3109 3
1496 3004 1619 3142 quod
1653 3041 1759 3115 cum
1799 3002 1924 3100 maxi·

488 3181 565 3241 mo
625 3142 885 3282 reipublicae
927 3144 1218 3261 incommodo
1271 3185 1516 3288 magnaque
1565 3182 1715 3243 rerum-
1762 3182 1922 3284 pertur-

487 3282 663 3385 batione
699 3324 748 3384 ac
783 3287 1008 3425 dispendio
1045 3286 1209 3406 fiebat,
1244 3328 1336 3387 non
1371 3288 1512 3388 solum
1549 3288 1653 3425 quia
1703 3286 1771 3385 de
1804 3306 1941 3385 'sum-¹

487 3427 571 3527 mis
621 3424 748 3527 rebus
802 3463 846 3527 et
881 3426 1195 3568 rempublicam
1245 3427 1555 3573 attingentibus
1596 3429 1761 3558 injussu
1799 3429 1926 3570 Regis

489 3567 598 3667 nibil
626 3605 712 3669 erat
746 3572 1050 3689 statuendum,
1074 3574 1146 3672 sed
1181 3572 1313 3672 ctiam
1351 3574 1563 3714 quoniam
1600 3572 1926 3712 pleraque-ma·

478 3711 607 3811 'xima
644 3713 819 3851 negotia
854 3712 1050 3854 undiquc
1086 3716 1143 3814 ad
1177 3715 1322 3857 ipsum
1361 3793 1382 3835 ,w
1408 3751 1458 3814 ut
1494 3715 1549 3813 ad
1584 3727 1728 3855 Reges
1766 3716 1932 3831 solent,

486 3851 816 3983 rejiciebantur.
1319 3895 1321 3897 ’

536 4006 640 4093 XX.
663 4114 668 4124 ῃ
697 3997 852 4094 Tantis
887 3996 1010 4094 malis
1035 4000 1217 4097 Carolus
1251 4030 1311 4098 ut*
1339 4034 1614 4120 occurreret,
1635 4038 1777 4099 omne
1811 4037 1927 4111 suum

486 4135 732 4277 imperandi
767 4147 831 4267 jus
867 4174 910 4267 ct
947 4173 1201 4275 potestatem
1237 4142 1284 4239 in
1321 4140 1570 4281 Philippum
1608 4140 1755 4241 filium
1795 4178 1928 4243 trans-

485 4276 596 4378 ferre
630 4279 891 4397 constituit,
940 4279 1002 4379 ita
1039 4317 1087 4379 ut
1122 4283 1194 4382 ille
1229 4282 1312 4383 sibi
1348 4320 1575 4423 tamquam
1612 4287 1844 4384 demortuo
1881 4282 1932 4381 in

488 4422 638 4519 onmia
672 4433 826 4564 Regna
859 4426 1134 4526 succederet.
1189 4437 1256 4526 De
1292 4464 1383 4564 quo
1417 4435 1508 4556 jam
1543 4426 1715 4563 pridem
1764 4425 1933 4566 cogita·

487 4596 607 4658 verat
642 4640 656 4681 ,
693 4601 822 4704 atque
858 4564 986 4697 hujus
1022 4567 1083 4666 rei
1120 4569 1257 4707 gratia
1293 4568 1377 4668 sibi
1427 4570 1614 4666 domum
1667 4567 1937 4671 exaedificati

487 4711 665 4835 jusserat
699 4705 916 4807 coenobio
961 4711 1217 4850 contiguam
1251 4709 1581 4811 Monachorum
1617 4751 1669 4810 ex
1706 4713 1939 4847 Hierony·

1872 4892 1933 4954 mr
