<?xml version="1.0" encoding="UTF-8"?>
<!DOCTYPE html PUBLIC "-//W3C//DTD XHTML 1.0 Transitional//EN"
    "http://www.w3.org/TR/xhtml1/DTD/xhtml1-transitional.dtd">
<html xmlns="http://www.w3.org/1999/xhtml" xml:lang="en" lang="en">
 <head>
  <title>
</title>
<meta http-equiv="Content-Type" content="text/html;charset=utf-8" />
  <meta name='ocr-system' content='tesseract 3.04.00' />
  <meta name='ocr-capabilities' content='ocr_page ocr_carea ocr_par ocr_line ocrx_word'/>
</head>
<body>
  <div class='ocr_page' id='page_1' title='image "./joannisgenesiis00sepgoog_0217.png"; bbox 0 0 4170 5866; ppageno 0'>
   <div class='ocr_carea' id='block_1_1' title="bbox 596 304 1662 474">
    <p class='ocr_par' dir='ltr' id='par_1_1' title="bbox 596 304 1662 474">
     <span class='ocr_line' id='line_1_1' title="bbox 596 304 1662 474; baseline 0.001 -25"><span class='ocrx_word' id='word_1_1' title='bbox 596 367 849 449; x_wconf 78' lang='lat' dir='ltr'>CAROLI</span> <span class='ocrx_word' id='word_1_2' title='bbox 899 368 952 446; x_wconf 89' lang='lat' dir='ltr'>V.</span> <span class='ocrx_word' id='word_1_3' title='bbox 1003 369 1115 448; x_wconf 76' lang='grc' dir='ltr'>ΗΒ.</span> <span class='ocrx_word' id='word_1_4' title='bbox 1157 374 1289 451; x_wconf 83' lang='lat' dir='ltr'>XXI.</span> <span class='ocrx_word' id='word_1_5' title='bbox 1547 382 1628 474; x_wconf 78' lang='lat'>175</span> <span class='ocrx_word' id='word_1_6' title='bbox 1661 304 1662 319; x_wconf 26' lang='lat' dir='ltr'>i</span> 
     </span>
    </p>
   </div>
   <div class='ocr_carea' id='block_1_2' title="bbox 210 520 1821 4706">
    <p class='ocr_par' dir='ltr' id='par_1_2' title="bbox 210 520 1821 2690">
     <span class='ocr_line' id='line_1_2' title="bbox 212 520 1677 674; baseline -0.001 -40"><span class='ocrx_word' id='word_1_7' title='bbox 212 568 370 674; x_wconf 91' lang='lat' dir='ltr'>turque</span> <span class='ocrx_word' id='word_1_8' title='bbox 401 524 448 630; x_wconf 93' lang='lat' dir='ltr'>in</span> <span class='ocrx_word' id='word_1_9' title='bbox 472 521 650 627; x_wconf 85' lang='lat' dir='ltr'>Iberum</span> <span class='ocrx_word' id='word_1_10' title='bbox 686 553 759 665; x_wconf 91' lang='lat' dir='ltr'>per</span> <span class='ocrx_word' id='word_1_11' title='bbox 793 521 884 622; x_wconf 87' lang='lat' dir='ltr'>illas</span> <span class='ocrx_word' id='word_1_12' title='bbox 921 520 1059 623; x_wconf 89' lang='lat' dir='ltr'>aridas</span> <span class='ocrx_word' id='word_1_13' title='bbox 1094 561 1210 623; x_wconf 83' lang='lat' dir='ltr'>extra</span> <span class='ocrx_word' id='word_1_14' title='bbox 1255 525 1365 666; x_wconf 88' lang='lat' dir='ltr'>ripas</span> <span class='ocrx_word' id='word_1_15' title='bbox 1402 522 1677 671; x_wconf 78' lang='lat' dir='ltr'>sitientesque</span> 
     </span>
     <span class='ocr_line' id='line_1_3' title="bbox 212 665 1678 820; baseline -0.002 -43"><span class='ocrx_word' id='word_1_16' title='bbox 212 678 451 820; x_wconf 86' lang='lat' dir='ltr'>regiones,</span> <span class='ocrx_word' id='word_1_17' title='bbox 488 708 601 812; x_wconf 87' lang='lat' dir='ltr'>quae</span> <span class='ocrx_word' id='word_1_18' title='bbox 638 670 742 768; x_wconf 89' lang='lat' dir='ltr'>ratis</span> <span class='ocrx_word' id='word_1_19' title='bbox 780 667 939 808; x_wconf 88' lang='lat' dir='ltr'>pluviis</span> <span class='ocrx_word' id='word_1_20' title='bbox 978 665 1254 789; x_wconf 88' lang='lat' dir='ltr'>madefiunt,</span> <span class='ocrx_word' id='word_1_21' title='bbox 1291 673 1525 773; x_wconf 88' lang='lat' dir='ltr'>rarissimos</span> <span class='ocrx_word' id='word_1_22' title='bbox 1572 669 1678 775; x_wconf 88' lang='lat' dir='ltr'>fon·</span> 
     </span>
     <span class='ocr_line' id='line_1_4' title="bbox 216 817 1678 956; baseline 0.001 -36"><span class='ocrx_word' id='word_1_23' title='bbox 216 861 277 920; x_wconf 89' lang='lat' dir='ltr'>tes</span> <span class='ocrx_word' id='word_1_24' title='bbox 316 818 513 935; x_wconf 89' lang='lat' dir='ltr'>habent,</span> <span class='ocrx_word' id='word_1_25' title='bbox 551 851 707 956; x_wconf 91' lang='lat' dir='ltr'>puteos</span> <span class='ocrx_word' id='word_1_26' title='bbox 734 852 917 954; x_wconf 90' lang='lat' dir='ltr'>quoque</span> <span class='ocrx_word' id='word_1_27' title='bbox 954 850 1111 930; x_wconf 91' lang='lat' dir='ltr'>raros,</span> <span class='ocrx_word' id='word_1_28' title='bbox 1147 848 1191 913; x_wconf 93' lang='lat' dir='ltr'>et</span> <span class='ocrx_word' id='word_1_29' title='bbox 1227 855 1298 916; x_wconf 92' lang='lat' dir='ltr'>eos</span> <span class='ocrx_word' id='word_1_30' title='bbox 1334 817 1594 939; x_wconf 90' lang='lat' dir='ltr'>altissimos,</span> <span class='ocrx_word' id='word_1_31' title='bbox 1633 855 1678 922; x_wconf 94' lang='lat' dir='ltr'>et</span> 
     </span>
     <span class='ocr_line' id='line_1_5' title="bbox 210 956 1683 1108; baseline -0.001 -43"><span class='ocrx_word' id='word_1_32' title='bbox 210 966 446 1106; x_wconf 89' lang='lat' dir='ltr'>plerosque</span> <span class='ocrx_word' id='word_1_33' title='bbox 483 959 798 1059; x_wconf 87' lang='lat' dir='ltr'>incommodae</span> <span class='ocrx_word' id='word_1_34' title='bbox 836 994 878 1058; x_wconf 94' lang='lat' dir='ltr'>et</span> <span class='ocrx_word' id='word_1_35' title='bbox 916 956 1101 1057; x_wconf 85' lang='lat' dir='ltr'>salsioris</span> <span class='ocrx_word' id='word_1_36' title='bbox 1137 998 1278 1099; x_wconf 88' lang='lat' dir='ltr'>aquae</span> <span class='ocrx_word' id='word_1_37' title='bbox 1315 1001 1325 1058; x_wconf 78' lang='grc' dir='ltr'><strong><em>ε</em></strong></span> <span class='ocrx_word' id='word_1_38' title='bbox 1358 960 1508 1101; x_wconf 89' lang='lat' dir='ltr'>itaque</span> <span class='ocrx_word' id='word_1_39' title='bbox 1543 964 1683 1108; x_wconf 90' lang='lat' dir='ltr'>vulgo</span> 
     </span>
     <span class='ocr_line' id='line_1_6' title="bbox 214 1097 1681 1247; baseline -0.001 -38"><span class='ocrx_word' id='word_1_40' title='bbox 214 1118 332 1243; x_wconf 82' lang='lat' dir='ltr'>juxta</span> <span class='ocrx_word' id='word_1_41' title='bbox 384 1097 504 1203; x_wconf 90' lang='lat' dir='ltr'>vicos</span> <span class='ocrx_word' id='word_1_42' title='bbox 543 1140 586 1205; x_wconf 95' lang='lat' dir='ltr'>et</span> <span class='ocrx_word' id='word_1_43' title='bbox 627 1102 795 1202; x_wconf 89' lang='lat' dir='ltr'>castella</span> <span class='ocrx_word' id='word_1_44' title='bbox 849 1098 1163 1202; x_wconf 84' lang='lat' dir='ltr'>humilioribus</span> <span class='ocrx_word' id='word_1_45' title='bbox 1212 1103 1318 1202; x_wconf 91' lang='lat' dir='ltr'>locis</span> <span class='ocrx_word' id='word_1_46' title='bbox 1371 1141 1483 1205; x_wconf 91' lang='lat' dir='ltr'>terra</span> <span class='ocrx_word' id='word_1_47' title='bbox 1535 1146 1681 1247; x_wconf 86' lang='lat' dir='ltr'>egesta</span> 
     </span>
     <span class='ocr_line' id='line_1_7' title="bbox 216 1241 1684 1391; baseline 0 -39"><span class='ocrx_word' id='word_1_48' title='bbox 216 1290 391 1391; x_wconf 84' lang='lat' dir='ltr'>capaces</span> <span class='ocrx_word' id='word_1_49' title='bbox 428 1284 685 1388; x_wconf 87' lang='lat' dir='ltr'>stagnorum</span> <span class='ocrx_word' id='word_1_50' title='bbox 736 1246 883 1346; x_wconf 88' lang='lat' dir='ltr'>alveos</span> <span class='ocrx_word' id='word_1_51' title='bbox 932 1241 1179 1366; x_wconf 86' lang='lat' dir='ltr'>efficiunt,</span> <span class='ocrx_word' id='word_1_52' title='bbox 1216 1287 1310 1387; x_wconf 92' lang='lat' dir='ltr'>quo</span> <span class='ocrx_word' id='word_1_53' title='bbox 1347 1245 1509 1384; x_wconf 86' lang='lat' dir='ltr'>hyeme</span> <span class='ocrx_word' id='word_1_54' title='bbox 1545 1291 1684 1391; x_wconf 91' lang='lat' dir='ltr'>aquae</span> 
     </span>
     <span class='ocr_line' id='line_1_8' title="bbox 217 1387 1684 1536; baseline 0.002 -42"><span class='ocrx_word' id='word_1_55' title='bbox 217 1395 386 1536; x_wconf 83' lang='lat' dir='ltr'>pluviae</span> <span class='ocrx_word' id='word_1_56' title='bbox 422 1393 715 1534; x_wconf 89' lang='lat' dir='ltr'>colligantur,</span> <span class='ocrx_word' id='word_1_57' title='bbox 734 1430 784 1489; x_wconf 89' lang='lat' dir='ltr'>ac</span> <span class='ocrx_word' id='word_1_58' title='bbox 821 1431 873 1489; x_wconf 86' lang='lat' dir='ltr'>ex</span> <span class='ocrx_word' id='word_1_59' title='bbox 910 1387 1170 1490; x_wconf 85' lang='lat' dir='ltr'>editioribus</span> <span class='ocrx_word' id='word_1_60' title='bbox 1207 1391 1312 1491; x_wconf 90' lang='lat' dir='ltr'>locis</span> <span class='ocrx_word' id='word_1_61' title='bbox 1340 1394 1410 1493; x_wconf 87' lang='lat' dir='ltr'>vel</span> <span class='ocrx_word' id='word_1_62' title='bbox 1447 1434 1522 1493; x_wconf 90' lang='lat' dir='ltr'>sua</span> <span class='ocrx_word' id='word_1_63' title='bbox 1550 1435 1684 1536; x_wconf 57' lang='lat' dir='ltr'>spon*</span> 
     </span>
     <span class='ocr_line' id='line_1_9' title="bbox 218 1529 1684 1675; baseline 0 -36"><span class='ocrx_word' id='word_1_64' title='bbox 218 1577 294 1659; x_wconf 93' lang='lat' dir='ltr'>te,</span> <span class='ocrx_word' id='word_1_65' title='bbox 331 1535 401 1636; x_wconf 89' lang='lat' dir='ltr'>vel</span> <span class='ocrx_word' id='word_1_66' title='bbox 440 1574 517 1675; x_wconf 90' lang='lat' dir='ltr'>per</span> <span class='ocrx_word' id='word_1_67' title='bbox 553 1536 702 1635; x_wconf 88' lang='lat' dir='ltr'>incilia</span> <span class='ocrx_word' id='word_1_68' title='bbox 738 1574 872 1633; x_wconf 88' lang='lat' dir='ltr'>manu</span> <span class='ocrx_word' id='word_1_69' title='bbox 918 1529 1030 1635; x_wconf 89' lang='lat' dir='ltr'>facta</span> <span class='ocrx_word' id='word_1_70' title='bbox 1067 1534 1319 1637; x_wconf 83' lang='lat' dir='ltr'>confluant.</span> <span class='ocrx_word' id='word_1_71' title='bbox 1376 1549 1557 1637; x_wconf 88' lang='lat' dir='ltr'>Horum</span> <span class='ocrx_word' id='word_1_72' title='bbox 1594 1576 1684 1639; x_wconf 91' lang='lat' dir='ltr'>sta-</span> 
     </span>
     <span class='ocr_line' id='line_1_10' title="bbox 219 1676 1683 1826; baseline 0 -44"><span class='ocrx_word' id='word_1_73' title='bbox 219 1720 406 1826; x_wconf 87' lang='lat' dir='ltr'>gnorum</span> <span class='ocrx_word' id='word_1_74' title='bbox 443 1676 746 1820; x_wconf 86' lang='lat' dir='ltr'>capacioribus</span> <span class='ocrx_word' id='word_1_75' title='bbox 783 1687 979 1807; x_wconf 87' lang='lat' dir='ltr'>jumenta</span> <span class='ocrx_word' id='word_1_76' title='bbox 1014 1717 1233 1822; x_wconf 89' lang='lat' dir='ltr'>pecusque</span> <span class='ocrx_word' id='word_1_77' title='bbox 1278 1682 1334 1780; x_wconf 92' lang='lat' dir='ltr'>ad</span> <span class='ocrx_word' id='word_1_78' title='bbox 1385 1722 1549 1822; x_wconf 88' lang='lat' dir='ltr'>aquam</span> <span class='ocrx_word' id='word_1_79' title='bbox 1601 1724 1683 1826; x_wconf 84' lang='lat' dir='ltr'>ap-</span> 
     </span>
     <span class='ocr_line' id='line_1_11' title="bbox 219 1823 1686 1968; baseline 0.002 -42"><span class='ocrx_word' id='word_1_80' title='bbox 219 1827 479 1968; x_wconf 90' lang='lat' dir='ltr'>pelluntut,</span> <span class='ocrx_word' id='word_1_81' title='bbox 513 1823 821 1924; x_wconf 85' lang='lat' dir='ltr'>commodiora</span> <span class='ocrx_word' id='word_1_82' title='bbox 868 1859 912 1922; x_wconf 92' lang='lat' dir='ltr'>et</span> <span class='ocrx_word' id='word_1_83' title='bbox 960 1824 1205 1924; x_wconf 89' lang='lat' dir='ltr'>mundioris</span> <span class='ocrx_word' id='word_1_84' title='bbox 1256 1865 1395 1966; x_wconf 91' lang='lat' dir='ltr'>aquae</span> <span class='ocrx_word' id='word_1_85' title='bbox 1446 1825 1686 1931; x_wconf 89' lang='lat' dir='ltr'>hominum</span> 
     </span>
     <span class='ocr_line' id='line_1_12' title="bbox 216 1964 1681 2110; baseline 0 -39"><span class='ocrx_word' id='word_1_86' title='bbox 216 1971 313 2071; x_wconf 91' lang='lat' dir='ltr'>usui</span> <span class='ocrx_word' id='word_1_87' title='bbox 351 2006 647 2076; x_wconf 79' lang='lat' dir='ltr'>reservantur3</span> <span class='ocrx_word' id='word_1_88' title='bbox 685 1964 847 2066; x_wconf 91' lang='lat' dir='ltr'>habent</span> <span class='ocrx_word' id='word_1_89' title='bbox 898 1967 1032 2068; x_wconf 91' lang='lat' dir='ltr'>etiam</span> <span class='ocrx_word' id='word_1_90' title='bbox 1068 1968 1253 2110; x_wconf 88' lang='lat' dir='ltr'>quidam</span> <span class='ocrx_word' id='word_1_91' title='bbox 1305 2007 1436 2071; x_wconf 90' lang='lat' dir='ltr'>tectas</span> <span class='ocrx_word' id='word_1_92' title='bbox 1479 1971 1681 2072; x_wconf 82' lang='lat' dir='ltr'>cisternas</span> 
     </span>
     <span class='ocr_line' id='line_1_13' title="bbox 219 2111 1821 2257; baseline 0.004 -43"><span class='ocrx_word' id='word_1_93' title='bbox 219 2112 427 2257; x_wconf 85' lang='lat' dir='ltr'>praealtas</span> <span class='ocrx_word' id='word_1_94' title='bbox 470 2192 484 2233; x_wconf 94' lang='lat'>,</span> <span class='ocrx_word' id='word_1_95' title='bbox 528 2115 602 2213; x_wconf 89' lang='lat' dir='ltr'>sed</span> <span class='ocrx_word' id='word_1_96' title='bbox 654 2111 740 2210; x_wconf 90' lang='lat' dir='ltr'>rari</span> <span class='ocrx_word' id='word_1_97' title='bbox 782 2152 915 2252; x_wconf 90' lang='lat' dir='ltr'>aquas</span> <span class='ocrx_word' id='word_1_98' title='bbox 966 2112 1076 2212; x_wconf 90' lang='lat' dir='ltr'>item</span> <span class='ocrx_word' id='word_1_99' title='bbox 1147 2113 1317 2254; x_wconf 89' lang='lat' dir='ltr'>pluvias</span> <span class='ocrx_word' id='word_1_100' title='bbox 1387 2116 1541 2217; x_wconf 90' lang='lat' dir='ltr'>eodem</span> <span class='ocrx_word' id='word_1_101' title='bbox 1594 2111 1685 2216; x_wconf 94' lang='lat' dir='ltr'>fere</span> <span class='ocrx_word' id='word_1_102' title='bbox 1818 2216 1821 2221; x_wconf 76' lang='grc'>,</span> 
     </span>
     <span class='ocr_line' id='line_1_14' title="bbox 220 2254 1685 2402; baseline -0.001 -42"><span class='ocrx_word' id='word_1_103' title='bbox 220 2263 360 2360; x_wconf 89' lang='lat' dir='ltr'>modo</span> <span class='ocrx_word' id='word_1_104' title='bbox 396 2257 693 2397; x_wconf 84' lang='lat' dir='ltr'>excipientes,</span> <span class='ocrx_word' id='word_1_105' title='bbox 722 2296 815 2397; x_wconf 90' lang='lat' dir='ltr'>quo</span> <span class='ocrx_word' id='word_1_106' title='bbox 854 2294 931 2397; x_wconf 91' lang='lat' dir='ltr'>per</span> <span class='ocrx_word' id='word_1_107' title='bbox 967 2257 1126 2398; x_wconf 86' lang='lat' dir='ltr'>gradus</span> <span class='ocrx_word' id='word_1_108' title='bbox 1162 2254 1389 2360; x_wconf 88' lang='lat' dir='ltr'>hauriendi</span> <span class='ocrx_word' id='word_1_109' title='bbox 1426 2259 1569 2402; x_wconf 85' lang='lat' dir='ltr'>gratia</span> <span class='ocrx_word' id='word_1_110' title='bbox 1606 2261 1685 2359; x_wconf 64' lang='lat' dir='ltr'>de⁴</span> 
     </span>
     <span class='ocr_line' id='line_1_15' title="bbox 220 2398 1684 2544; baseline 0 -40"><span class='ocrx_word' id='word_1_111' title='bbox 220 2404 462 2505; x_wconf 87' lang='lat' dir='ltr'>stenditur.</span> <span class='ocrx_word' id='word_1_112' title='bbox 514 2401 595 2500; x_wconf 90' lang='lat' dir='ltr'>Sed</span> <span class='ocrx_word' id='word_1_113' title='bbox 633 2398 697 2499; x_wconf 90' lang='lat' dir='ltr'>his</span> <span class='ocrx_word' id='word_1_114' title='bbox 741 2440 954 2544; x_wconf 89' lang='lat' dir='ltr'>aquarum</span> <span class='ocrx_word' id='word_1_115' title='bbox 1004 2402 1286 2544; x_wconf 88' lang='lat' dir='ltr'>receptaculis</span> <span class='ocrx_word' id='word_1_116' title='bbox 1323 2442 1448 2544; x_wconf 87' lang='lat' dir='ltr'>saepe</span> <span class='ocrx_word' id='word_1_117' title='bbox 1501 2440 1684 2544; x_wconf 92' lang='lat' dir='ltr'>propter</span> 
     </span>
     <span class='ocr_line' id='line_1_16' title="bbox 219 2542 1684 2690; baseline -0.001 -42"><span class='ocrx_word' id='word_1_118' title='bbox 219 2545 432 2648; x_wconf 88' lang='lat' dir='ltr'>imbrium</span> <span class='ocrx_word' id='word_1_119' title='bbox 478 2546 698 2644; x_wconf 88' lang='lat' dir='ltr'>raritatem</span> <span class='ocrx_word' id='word_1_120' title='bbox 748 2542 960 2645; x_wconf 85' lang='lat' dir='ltr'>exhaustis</span> <span class='ocrx_word' id='word_1_121' title='bbox 998 2581 1040 2647; x_wconf 97' lang='lat' dir='ltr'>et</span> <span class='ocrx_word' id='word_1_122' title='bbox 1075 2545 1322 2666; x_wconf 89' lang='lat' dir='ltr'>assiccatis,</span> <span class='ocrx_word' id='word_1_123' title='bbox 1361 2548 1540 2690; x_wconf 89' lang='lat' dir='ltr'>propius</span> <span class='ocrx_word' id='word_1_124' title='bbox 1576 2547 1684 2664; x_wconf 91' lang='lat' dir='ltr'>alii,</span> 
     </span>
    </p>

    <p class='ocr_par' dir='ltr' id='par_1_3' title="bbox 219 2690 1695 4706">
     <span class='ocr_line' id='line_1_17' title="bbox 219 2690 1684 2832; baseline 0 -41"><span class='ocrx_word' id='word_1_125' title='bbox 219 2730 313 2832; x_wconf 88' lang='lat' dir='ltr'>pars</span> <span class='ocrx_word' id='word_1_126' title='bbox 351 2732 377 2790; x_wconf 90' lang='lat' dir='ltr'>a</span> <span class='ocrx_word' id='word_1_127' title='bbox 415 2692 568 2791; x_wconf 90' lang='lat' dir='ltr'>decem</span> <span class='ocrx_word' id='word_1_128' title='bbox 604 2730 656 2789; x_wconf 91' lang='lat' dir='ltr'>ac</span> <span class='ocrx_word' id='word_1_129' title='bbox 690 2690 927 2789; x_wconf 88' lang='lat' dir='ltr'>duodecim</span> <span class='ocrx_word' id='word_1_130' title='bbox 963 2730 1169 2831; x_wconf 90' lang='lat' dir='ltr'>passuum</span> <span class='ocrx_word' id='word_1_131' title='bbox 1205 2690 1398 2791; x_wconf 88' lang='lat' dir='ltr'>millibus</span> <span class='ocrx_word' id='word_1_132' title='bbox 1430 2730 1593 2832; x_wconf 90' lang='lat' dir='ltr'>aquam</span> <span class='ocrx_word' id='word_1_133' title='bbox 1629 2733 1684 2792; x_wconf 82' lang='lat' dir='ltr'>ex</span> 
     </span>
     <span class='ocr_line' id='line_1_18' title="bbox 219 2832 1687 2976; baseline 0 -42"><span class='ocrx_word' id='word_1_134' title='bbox 219 2832 478 2936; x_wconf 85' lang='lat' dir='ltr'>fluminibus</span> <span class='ocrx_word' id='word_1_135' title='bbox 517 2871 660 2976; x_wconf 90' lang='lat' dir='ltr'>petere</span> <span class='ocrx_word' id='word_1_136' title='bbox 696 2869 951 2975; x_wconf 89' lang='lat' dir='ltr'>coguntur,</span> <span class='ocrx_word' id='word_1_137' title='bbox 981 2873 1119 2975; x_wconf 87' lang='lat' dir='ltr'>quarn</span> <span class='ocrx_word' id='word_1_138' title='bbox 1154 2833 1319 2935; x_wconf 91' lang='lat' dir='ltr'>utribus</span> <span class='ocrx_word' id='word_1_139' title='bbox 1356 2836 1567 2975; x_wconf 91' lang='lat' dir='ltr'>cupisque</span> <span class='ocrx_word' id='word_1_140' title='bbox 1603 2837 1687 2934; x_wconf 83' lang='lat' dir='ltr'>ad-</span> 
     </span>
     <span class='ocr_line' id='line_1_19' title="bbox 222 2979 1685 3120; baseline -0.002 -39"><span class='ocrx_word' id='word_1_141' title='bbox 222 3015 395 3081; x_wconf 82' lang='lat' dir='ltr'>vectam</span> <span class='ocrx_word' id='word_1_142' title='bbox 432 3014 638 3097; x_wconf 87' lang='lat' dir='ltr'>servant,</span> <span class='ocrx_word' id='word_1_143' title='bbox 675 3017 889 3119; x_wconf 90' lang='lat' dir='ltr'>parceque</span> <span class='ocrx_word' id='word_1_144' title='bbox 925 2979 1178 3119; x_wconf 90' lang='lat' dir='ltr'>dispensant</span> <span class='ocrx_word' id='word_1_145' title='bbox 1216 3019 1226 3077; x_wconf 80' lang='lat'>1</span> <span class='ocrx_word' id='word_1_146' title='bbox 1262 3019 1354 3120; x_wconf 90' lang='lat' dir='ltr'>quo</span> <span class='ocrx_word' id='word_1_147' title='bbox 1390 2980 1508 3079; x_wconf 90' lang='lat' dir='ltr'>malo</span> <span class='ocrx_word' id='word_1_148' title='bbox 1544 3019 1685 3119; x_wconf 91' lang='lat' dir='ltr'>usque</span> 
     </span>
     <span class='ocr_line' id='line_1_20' title="bbox 225 3120 1689 3255; baseline 0 -32"><span class='ocrx_word' id='word_1_149' title='bbox 225 3127 337 3225; x_wconf 92' lang='lat' dir='ltr'>adeo</span> <span class='ocrx_word' id='word_1_150' title='bbox 374 3134 464 3255; x_wconf 90' lang='lat' dir='ltr'>jam</span> <span class='ocrx_word' id='word_1_151' title='bbox 501 3123 681 3223; x_wconf 89' lang='lat' dir='ltr'>tertium</span> <span class='ocrx_word' id='word_1_152' title='bbox 726 3162 893 3223; x_wconf 90' lang='lat' dir='ltr'>annum</span> <span class='ocrx_word' id='word_1_153' title='bbox 930 3120 1219 3242; x_wconf 90' lang='lat' dir='ltr'>laborabant,</span> <span class='ocrx_word' id='word_1_154' title='bbox 1255 3160 1305 3223; x_wconf 91' lang='lat' dir='ltr'>ut</span> <span class='ocrx_word' id='word_1_155' title='bbox 1342 3123 1470 3222; x_wconf 91' lang='lat' dir='ltr'>multi</span> <span class='ocrx_word' id='word_1_156' title='bbox 1506 3125 1560 3223; x_wconf 92' lang='lat' dir='ltr'>de</span> <span class='ocrx_word' id='word_1_157' title='bbox 1597 3122 1689 3223; x_wconf 53' lang='lat' dir='ltr'>mie</span> 
     </span>
     <span class='ocr_line' id='line_1_21' title="bbox 226 3266 1690 3410; baseline 0 -42"><span class='ocrx_word' id='word_1_158' title='bbox 226 3270 396 3410; x_wconf 84' lang='lat' dir='ltr'>grando</span> <span class='ocrx_word' id='word_1_159' title='bbox 434 3268 678 3410; x_wconf 86' lang='lat' dir='ltr'>cogitarent</span> <span class='ocrx_word' id='word_1_160' title='bbox 704 3306 714 3364; x_wconf 89' lang='lat'><strong>:</strong></span> <span class='ocrx_word' id='word_1_161' title='bbox 737 3266 848 3405; x_wconf 90' lang='lat' dir='ltr'>quin</span> <span class='ocrx_word' id='word_1_162' title='bbox 886 3268 1018 3370; x_wconf 86' lang='lat' dir='ltr'>etiarn</span> <span class='ocrx_word' id='word_1_163' title='bbox 1054 3308 1109 3366; x_wconf 94' lang='lat' dir='ltr'>eo</span> <span class='ocrx_word' id='word_1_164' title='bbox 1146 3307 1262 3366; x_wconf 90' lang='lat' dir='ltr'>anno</span> <span class='ocrx_word' id='word_1_165' title='bbox 1298 3290 1441 3368; x_wconf 89' lang='lat' dir='ltr'>tantae</span> <span class='ocrx_word' id='word_1_166' title='bbox 1477 3267 1690 3368; x_wconf 88' lang='lat' dir='ltr'>siccitates</span> 
     </span>
     <span class='ocr_line' id='line_1_22' title="bbox 227 3406 1687 3551; baseline -0.002 -40"><span class='ocrx_word' id='word_1_167' title='bbox 227 3450 300 3551; x_wconf 90' lang='lat' dir='ltr'>per</span> <span class='ocrx_word' id='word_1_168' title='bbox 350 3452 530 3514; x_wconf 89' lang='lat' dir='ltr'>ornnem</span> <span class='ocrx_word' id='word_1_169' title='bbox 580 3406 671 3511; x_wconf 87' lang='lat' dir='ltr'>fere</span> <span class='ocrx_word' id='word_1_170' title='bbox 708 3411 969 3549; x_wconf 89' lang='lat' dir='ltr'>Hispaniam</span> <span class='ocrx_word' id='word_1_171' title='bbox 1020 3409 1193 3511; x_wconf 89' lang='lat' dir='ltr'>fuerant</span> <span class='ocrx_word' id='word_1_172' title='bbox 1243 3447 1536 3529; x_wconf 89' lang='lat' dir='ltr'>consecutae,</span> <span class='ocrx_word' id='word_1_173' title='bbox 1573 3446 1624 3510; x_wconf 93' lang='lat' dir='ltr'>ut</span> <span class='ocrx_word' id='word_1_174' title='bbox 1660 3450 1687 3508; x_wconf 92' lang='lat' dir='ltr'>a</span> 
     </span>
     <span class='ocr_line' id='line_1_23' title="bbox 226 3552 1688 3697; baseline -0.001 -43"><span class='ocrx_word' id='word_1_175' title='bbox 226 3593 373 3656; x_wconf 88' lang='lat' dir='ltr'>mense</span> <span class='ocrx_word' id='word_1_176' title='bbox 410 3552 604 3658; x_wconf 89' lang='lat' dir='ltr'>Octobri</span> <span class='ocrx_word' id='word_1_177' title='bbox 656 3553 888 3693; x_wconf 88' lang='lat' dir='ltr'>superioris</span> <span class='ocrx_word' id='word_1_178' title='bbox 938 3557 1042 3656; x_wconf 89' lang='lat' dir='ltr'>anni</span> <span class='ocrx_word' id='word_1_179' title='bbox 1091 3596 1230 3697; x_wconf 88' lang='lat' dir='ltr'>usque</span> <span class='ocrx_word' id='word_1_180' title='bbox 1281 3557 1335 3657; x_wconf 90' lang='lat' dir='ltr'>ad</span> <span class='ocrx_word' id='word_1_181' title='bbox 1385 3554 1688 3697; x_wconf 88' lang='lat' dir='ltr'>Septembrem</span> 
     </span>
     <span class='ocr_line' id='line_1_24' title="bbox 227 3693 1690 3819; baseline -0.003 -19"><span class='ocrx_word' id='word_1_182' title='bbox 227 3735 428 3801; x_wconf 88' lang='lat' dir='ltr'>exactum</span> <span class='ocrx_word' id='word_1_183' title='bbox 465 3701 540 3800; x_wconf 84' lang='lat' dir='ltr'>vix</span> <span class='ocrx_word' id='word_1_184' title='bbox 576 3733 685 3800; x_wconf 89' lang='lat' dir='ltr'>terra</span> <span class='ocrx_word' id='word_1_185' title='bbox 720 3693 852 3798; x_wconf 91' lang='lat' dir='ltr'>fuerit</span> <span class='ocrx_word' id='word_1_186' title='bbox 889 3694 1160 3819; x_wconf 87' lang='lat' dir='ltr'>madefacta,</span> <span class='ocrx_word' id='word_1_187' title='bbox 1187 3698 1409 3800; x_wconf 86' lang='lat' dir='ltr'>rarissimis</span> <span class='ocrx_word' id='word_1_188' title='bbox 1448 3700 1690 3799; x_wconf 90' lang='lat' dir='ltr'>multorum</span> 
     </span>
     <span class='ocr_line' id='line_1_25' title="bbox 228 3841 1691 3986; baseline -0.002 -43"><span class='ocrx_word' id='word_1_189' title='bbox 228 3846 448 3944; x_wconf 90' lang='lat' dir='ltr'>mensium</span> <span class='ocrx_word' id='word_1_190' title='bbox 486 3843 744 3961; x_wconf 81' lang='lat' dir='ltr'>intervalIO,</span> <span class='ocrx_word' id='word_1_191' title='bbox 779 3844 1030 3986; x_wconf 90' lang='lat' dir='ltr'>eisdemque</span> <span class='ocrx_word' id='word_1_192' title='bbox 1066 3843 1329 3944; x_wconf 89' lang='lat' dir='ltr'>tenuissimis</span> <span class='ocrx_word' id='word_1_193' title='bbox 1365 3841 1580 3945; x_wconf 90' lang='lat' dir='ltr'>imbribus</span> <span class='ocrx_word' id='word_1_194' title='bbox 1617 3843 1691 3941; x_wconf 91' lang='lat' dir='ltr'>de-</span> 
     </span>
     <span class='ocr_line' id='line_1_26' title="bbox 227 3986 1692 4129; baseline -0.003 -42"><span class='ocrx_word' id='word_1_195' title='bbox 227 3986 507 4108; x_wconf 90' lang='lat' dir='ltr'>cidentibus,</span> <span class='ocrx_word' id='word_1_196' title='bbox 548 4027 650 4091; x_wconf 90' lang='lat' dir='ltr'>cum</span> <span class='ocrx_word' id='word_1_197' title='bbox 704 4024 851 4088; x_wconf 87' lang='lat' dir='ltr'>tamen</span> <span class='ocrx_word' id='word_1_198' title='bbox 900 3987 1037 4090; x_wconf 83' lang='lat' dir='ltr'>nubes</span> <span class='ocrx_word' id='word_1_199' title='bbox 1086 3988 1257 4088; x_wconf 90' lang='lat' dir='ltr'>coelum</span> <span class='ocrx_word' id='word_1_200' title='bbox 1312 3986 1521 4129; x_wconf 87' lang='lat' dir='ltr'>obtegere</span> <span class='ocrx_word' id='word_1_201' title='bbox 1558 4023 1692 4085; x_wconf 87' lang='lat' dir='ltr'>num-</span> 
     </span>
     <span class='ocr_line' id='line_1_27' title="bbox 228 4127 1694 4274; baseline -0.003 -43"><span class='ocrx_word' id='word_1_202' title='bbox 228 4171 367 4274; x_wconf 92' lang='lat' dir='ltr'>quam</span> <span class='ocrx_word' id='word_1_203' title='bbox 405 4127 490 4232; x_wconf 88' lang='lat' dir='ltr'>fere</span> <span class='ocrx_word' id='word_1_204' title='bbox 526 4134 816 4252; x_wconf 89' lang='lat' dir='ltr'>desisterent,</span> <span class='ocrx_word' id='word_1_205' title='bbox 867 4167 910 4232; x_wconf 95' lang='lat' dir='ltr'>et</span> <span class='ocrx_word' id='word_1_206' title='bbox 953 4133 1071 4235; x_wconf 89' lang='lat' dir='ltr'>terris</span> <span class='ocrx_word' id='word_1_207' title='bbox 1115 4130 1362 4233; x_wconf 89' lang='lat' dir='ltr'>sitientibus</span> <span class='ocrx_word' id='word_1_208' title='bbox 1406 4131 1530 4272; x_wconf 90' lang='lat' dir='ltr'>quasi</span> <span class='ocrx_word' id='word_1_209' title='bbox 1565 4136 1694 4228; x_wconf 85' lang='lat' dir='ltr'>Tan-</span> 
     </span>
     <span class='ocr_line' id='line_1_28' title="bbox 226 4271 1693 4419; baseline -0.001 -45"><span class='ocrx_word' id='word_1_210' title='bbox 226 4277 353 4399; x_wconf 84' lang='lat' dir='ltr'>talo,</span> <span class='ocrx_word' id='word_1_211' title='bbox 389 4314 441 4378; x_wconf 93' lang='lat' dir='ltr'>ut</span> <span class='ocrx_word' id='word_1_212' title='bbox 476 4315 538 4380; x_wconf 93' lang='lat' dir='ltr'>est</span> <span class='ocrx_word' id='word_1_213' title='bbox 575 4279 622 4379; x_wconf 90' lang='lat' dir='ltr'>in</span> <span class='ocrx_word' id='word_1_214' title='bbox 671 4275 858 4396; x_wconf 87' lang='lat' dir='ltr'>fabulis,</span> <span class='ocrx_word' id='word_1_215' title='bbox 897 4319 1060 4419; x_wconf 89' lang='lat' dir='ltr'>aquarn</span> <span class='ocrx_word' id='word_1_216' title='bbox 1096 4312 1339 4378; x_wconf 85' lang='lat' dir='ltr'>ostentate.</span> <span class='ocrx_word' id='word_1_217' title='bbox 1391 4289 1599 4376; x_wconf 87' lang='lat' dir='ltr'>Ceterum</span> <span class='ocrx_word' id='word_1_218' title='bbox 1635 4271 1693 4372; x_wconf 89' lang='lat' dir='ltr'>ad</span> 
     </span>
     <span class='ocr_line' id='line_1_29' title="bbox 226 4414 1695 4563; baseline -0.004 -43"><span class='ocrx_word' id='word_1_219' title='bbox 226 4414 368 4563; x_wconf 85' lang='lat' dir='ltr'>fruges</span> <span class='ocrx_word' id='word_1_220' title='bbox 406 4423 578 4525; x_wconf 84' lang='lat' dir='ltr'>alendas</span> <span class='ocrx_word' id='word_1_221' title='bbox 616 4421 831 4522; x_wconf 90' lang='lat' dir='ltr'>imbrium</span> <span class='ocrx_word' id='word_1_222' title='bbox 885 4423 1086 4561; x_wconf 88' lang='lat' dir='ltr'>penuriae</span> <span class='ocrx_word' id='word_1_223' title='bbox 1122 4417 1454 4562; x_wconf 89' lang='lat' dir='ltr'>irrigationibus</span> <span class='ocrx_word' id='word_1_224' title='bbox 1507 4419 1695 4518; x_wconf 83' lang='lat' dir='ltr'>meden-</span> 
     </span>
     <span class='ocr_line' id='line_1_30' title="bbox 231 4563 1695 4706; baseline -0.003 -44"><span class='ocrx_word' id='word_1_225' title='bbox 231 4597 322 4667; x_wconf 92' lang='lat' dir='ltr'>tur.</span> <span class='ocrx_word' id='word_1_226' title='bbox 368 4574 493 4667; x_wconf 90' lang='lat' dir='ltr'>Nam</span> <span class='ocrx_word' id='word_1_227' title='bbox 530 4613 581 4673; x_wconf 83' lang='lat' dir='ltr'>ex</span> <span class='ocrx_word' id='word_1_228' title='bbox 617 4565 871 4668; x_wconf 84' lang='lat' dir='ltr'>fluminibus</span> <span class='ocrx_word' id='word_1_229' title='bbox 910 4605 984 4706; x_wconf 89' lang='lat' dir='ltr'>per</span> <span class='ocrx_word' id='word_1_230' title='bbox 1020 4564 1168 4666; x_wconf 89' lang='lat' dir='ltr'>incilia</span> <span class='ocrx_word' id='word_1_231' title='bbox 1205 4602 1248 4664; x_wconf 91' lang='lat' dir='ltr'>et</span> <span class='ocrx_word' id='word_1_232' title='bbox 1286 4565 1402 4664; x_wconf 84' lang='lat' dir='ltr'>rivos</span> <span class='ocrx_word' id='word_1_233' title='bbox 1441 4604 1575 4704; x_wconf 88' lang='lat' dir='ltr'>aquas</span> <span class='ocrx_word' id='word_1_234' title='bbox 1613 4563 1695 4660; x_wconf 87' lang='lat' dir='ltr'>du·</span> 
     </span>
    </p>
   </div>
   <div class='ocr_carea' id='block_1_3' title="bbox 232 4707 1697 4944">
    <p class='ocr_par' dir='ltr' id='par_1_4' title="bbox 232 4707 1697 4944">
     <span class='ocr_line' id='line_1_31' title="bbox 232 4707 1697 4943; baseline -0.005 -135"><span class='ocrx_word' id='word_1_235' title='bbox 232 4746 359 4831; x_wconf 91' lang='lat' dir='ltr'>cunt,</span> <span class='ocrx_word' id='word_1_236' title='bbox 402 4751 447 4814; x_wconf 88' lang='lat' dir='ltr'>et</span> <span class='ocrx_word' id='word_1_237' title='bbox 485 4751 581 4815; x_wconf 90' lang='lat' dir='ltr'>tum</span> <span class='ocrx_word' id='word_1_238' title='bbox 633 4713 682 4814; x_wconf 89' lang='lat' dir='ltr'>in</span> <span class='ocrx_word' id='word_1_239' title='bbox 734 4707 1041 4811; x_wconf 80' lang='lat' dir='ltr'>frumentarios</span> <span class='ocrx_word' id='word_1_240' title='bbox 1094 4749 1258 4853; x_wconf 86' lang='lat' dir='ltr'>agros,</span> <span class='ocrx_word' id='word_1_241' title='bbox 1295 4746 1394 4814; x_wconf 85' lang='lat' dir='ltr'>tunr</span> <span class='ocrx_word' id='word_1_242' title='bbox 1444 4748 1494 4809; x_wconf 85' lang='lat' dir='ltr'>rn</span> <span class='ocrx_word' id='word_1_243' title='bbox 1529 4707 1697 4943; x_wconf 68' lang='lat' dir='ltr'>oligeta</span> 
     </span>
     <span class='ocr_line' id='line_1_32' title="bbox 1626 4882 1697 4944; baseline -0.014 0"><span class='ocrx_word' id='word_1_244' title='bbox 1626 4882 1697 4944; x_wconf 87' lang='lat' dir='ltr'>or-</span> 
     </span>
    </p>
   </div>
   <div class='ocr_carea' id='block_1_4' title="bbox 0 0 2100 5866">
    <p class='ocr_par' dir='ltr' id='par_1_5' title="bbox 0 0 2100 5866">
     <span class='ocr_line' id='line_1_33' title="bbox 0 0 2100 5866; baseline 0 0"><span class='ocrx_word' id='word_1_245' title='bbox 0 0 2100 5866; x_wconf 95' lang='lat' dir='ltr'> </span> 
     </span>
    </p>
   </div>
  </div>
 </body>
</html>
