3998 5850
191 2306 314 2375 Amat.
320 2323 428 2372 nutv

495 410 574 517 508
881 421 964 503 on
1011 422 1209 502 ansus
1253 422 1474 505 cxsrts

418 576 639 684 Maximi
684 571 985 716 Ecclesiaeque
1021 589 1250 679 Romanae
1287 579 1434 679 Fidem
1472 573 1683 678 redeundi
1721 620 1895 682 consen·

450 767 499 827 su
541 728 797 840 docerent,
845 719 1061 858 simulque
1104 718 1239 820 ab
1203 762 1262 821 ers
1305 723 1514 862 supplices
1561 757 1806 862 peterent,
1846 764 1893 826 ut

448 867 661 971 Concilii
676 867 897 971 decretum
933 861 1110 963 firmum
1147 900 1191 963 et
1225 903 1370 965 ratum
1407 863 1684 985 haberent,
1671 906 1719 966 sn
1757 908 1894 1010 eoque

420 1053 570 1118 suam
602 1010 910 1117 auctoritatem
946 1007 1304 1149 interponerent,
1330 1047 1600 1151 agerentque
1631 1049 1735 1110 cum
1768 1014 1895 1154 Regi-

450 1155 600 1256 naldo
619 1154 879 1295 Apostolico
916 1161 1117 1315 Legat0,
1147 1188 1196 1251 ut
1233 1192 1316 1292 pro
1353 1194 1403 1252 ea
1441 1188 1687 1292 potestate,
1709 1194 1899 1317 quama

449 1296 663 1399 Pontifice
704 1297 910 1396 Maximo
951 1294 1227 1435 accepisset,
1271 1295 1447 1395 veniam
1490 1297 1611 1395 daret
1655 1299 1897 1419 Britannis,

447 1478 492 1540 et
526 1439 759 1582 superioris
792 1441 998 1604 temporis
1034 1475 1170 1538 errata
1205 1478 1248 1540 et
1283 1440 1429 1578 culpas
1464 1440 1757 1556 condonaret,
1789 1483 1898 1544 earn-

448 1625 536 1724 que
572 1585 798 1685 nationem
835 1624 882 1683 tn
918 1597 1146 1686 Romanae
1173 1583 1396 1744 Ecclesiae
1404 1582 1552 1683 Fidem
1579 1584 1898 1723 patrocinium

438 1767 535 1867 que
573 1728 807 1868 reciperet.

518 1878 671 1971 XLIII.
746 1881 843 1970 Hac
878 1870 1100 2013 legatione
1132 1870 1354 2033 exposita,
1391 1911 1444 1970 ae
1476 1866 1670 2011 benigne
1705 1913 1734 1972 a
1769 1870 1894 2014 Regi·

449 2009 530 2121 bus
567 2015 804 2114 laetissimis
841 2051 884 2113 et
920 2014 1079 2154 gratias
1114 2015 1250 2115 etiam
1282 2012 1509 2156 agentibus
1545 2016 1727 2135 audita,
1750 2056 1893 2157 postu

450 2157 568 2276 die,
607 2156 694 2256 hoc
730 2196 791 2258 est
828 2157 967 2297 pridie
1003 2158 1216 2258 Kalendas
1252 2155 1548 2274 Decembris,
1586 2159 1668 2298 qui
1703 2157 1896 2260 fixitan·

419 2340 532 2400 ·nus
583 2298 751 2401 Christi
802 2300 1053 2399 millesimus
1103 2302 1477 2441 quingentesimus
1519 2301 1896 2463 quinquagesimus

450 2431 655 2583 quartus,
679 2445 845 2557 cunctis
881 2444 927 2541 in
964 2445 1169 2542 eumdem
1206 2445 1386 2564 locum,
1385 2480 1462 2544 ut
1481 2445 1768 2546 constitutum
1796 2481 1899 2559 erat,

448 2587 644 2703 coactis,
679 2582 850 2684 libellus
883 2626 909 2684 a
944 2585 1149 2686 Concilio
1186 2586 1421 2730 Regibus,
1458 2588 1536 2746 qui
1572 2624 1617 2686 et
1661 2589 1740 2728 ipsi
1787 2600 1893 2688 Car

450 2730 693 2868 dinalisque
729 2766 896 2868 praesto
933 2725 1146 2848 fuerunt,
1181 2732 1305 2830 datus
1343 2766 1442 2847 est,
1481 2765 1523 2827 et
1555 2728 1666 2828 ab
1655 2734 1756 2871 rpsis
1790 2732 1892 2828 clara

449 2871 710 2973 Cancellatii
736 2912 884 2989 voce,
906 2873 967 2972 ita
1003 2908 1050 2971 ut
1086 2871 1142 2973 ab
1178 2872 1382 2974 omnibus
1420 2873 1718 2993 exaudiretur,
1743 2871 1902 2976 recitari

450 3025 622 3175 jussus,
659 3022 781 3142 cujus
817 3013 924 3112 haec
958 3024 1046 3116 erat
1087 3055 1282 3116 summa
1320 3094 1349 3135 ,‚
1367 3013 1642 3135 Pontifices,
1680 3056 1900 3179 proceres,

396 3173 401 3184 '
452 3231 483 3275 ‚,
502 3192 543 3255 et
579 3153 811 3256 civitatum
847 3157 1057 3298 legatos,
1096 3158 1175 3298 qui
1211 3158 1258 3256 in
1294 3198 1395 3259 tum
1439 3159 1587 3259 locum
1626 3161 1766 3259 ιοιιιιι
1818 3158 1900 3258 Βιι-

452 3298 669 3419 „tanniae
720 3299 902 3400 nomine
960 3339 1061 3399 cunt
1112 3299 1258 3399 liberis
1308 3302 1521 3402 mandatis
1569 3303 1897 3466 convenissent,

452 3440 709 3602 „supplices
745 3483 830 3542 esse
867 3440 1085 3584 Regibus,
1126 3443 1402 3583 precarique,
1438 3479 1488 3542 ut
1524 3444 1604 3584 qui
1640 3448 1788 3546 omnis
1824 3446 1900 3546 im-

453 3660 485 3705 „
502 3584 672 3723 pietatis
725 3586 851 3684 etin
893 3587 1046 3686 Sedem
1083 3586 1383 3725 Apostolicam
1423 3589 1728 3688 contumaciae
1765 3626 1906 3729 expet

455 3761 563 3846 „tes
600 3761 737 3826 essent
756 3729 906 3867 ,apud
942 3725 1240 3868 Reginaldum
1274 3730 1432 3829 Polum
1469 3730 1581 3865 Julii
1617 3733 1768 3832 Tertii
1796 3743 1909 3832 Pon

458 3923 491 3990 „
507 3867 635 3969 tificis
663 3868 861 3969 Maximi
895 3870 1120 4011 legatum,
1149 3880 1333 4033 ejusque
1367 3872 1464 3971 vice
1500 3912 1543 3972 et
1588 3874 1748 3973 tradita
1785 3911 1907 4015 pote·

458 4088 492 4132 ‚,
507 4047 610 4114 state
648 4006 937 4153 fitngentem,
976 4051 1058 4150 pro
1092 4014 1304 4114 Britannis
1340 4012 1546 4115 omnibus
1581 4017 1906 4134 intercederent,

453 4155 697 4296 „ipsisque
734 4154 1079 4255 misericordiam
1130 4192 1173 4255 et
1216 4156 1451 4258 criminum
1493 4158 1669 4258 veniam
1709 4162 1900 4300 impetra·

459 4334 632 4420 „rent
674 4298 845 4398 Nam
833 4337 948 4439 rpsos
980 4374 995 4415 ,
1027 4295 1106 4437 qui
1140 4339 1182 4398 se
1218 4300 1413 4398 multis
1401 4338 1447 4398 ιιι
1484 4298 1609 4399 rebus
1653 4304 1908 4443 deliquisse,

460 4477 548 4558 „et
583 4443 733 4542 Sedem
767 4441 1072 4604 Apostolicam
1107 4437 1393 4543 multifariam
1430 4440 1589 4561 dictis,
1608 4439 1736 4543 factis
1746 4480 1908 4584 ,atque

461 4656 492 4701 „
509 4583 726 4684 decretis
715 4586 846 4724 tmpie
875 4584 1059 4686 violasse
1089 4584 1428 4705 confiterentur,
1457 4622 1699 4686 erratorum
1731 4626 1911 4730 magno

458 4763 604 4866 „pere
636 4745 895 4867 poemtere,
911 4763 954 4830 et
990 4725 1055 4832 sic
1087 4769 1173 4833 csse
1208 4730 1460 4850 animatos,
1487 4764 1536 4832 ut
1566 4729 1752 4872 legibus
1785 4770 1912 4873 atque

1808 4877 1909 5000 „de
