4192 5858
490 419 580 511 ιιι
884 405 970 484 on
1009 402 1211 483 nunus
1251 399 1472 482 essars

446 565 641 706 quitarus
695 593 1003 696 veteranosque
1053 556 1306 688 jaculatores
1342 590 1385 654 et
1422 587 1538 652 extra
1585 545 1786 656 ordinem
1823 596 1905 664 va*

443 692 627 850 gantem
662 739 848 806 manum
883 699 1120 824 collocat,
1166 736 1209 802 et
1255 739 1329 798 eos
1364 735 1468 798 cum
1502 697 1735 799 Ludovico
1771 705 1904 804 Roda

440 885 485 951 et
513 844 699 950 Allonso
744 852 1073 976 Montemajore
1108 835 1331 985 praefectis
1367 839 1529 942 flumen
1557 841 1724 982 primos
1761 879 1901 946 trans-

235 1116 246 1125 ·
315 1116 317 1120 ,
438 989 504 1094 ire
538 990 661 1123 jubet
699 1065 715 1108 ,
753 1023 795 1088 et
830 987 878 1087 in
913 985 1058 1087 hostes
1096 1023 1348 1126 procurrere
1379 1023 1392 1091 3
1427 993 1548 1116 cujus
1595 983 1787 1085 fluminis
1823 987 1900 1089 etsi

438 1129 546 1234 haec
581 1168 669 1233 erat
703 1130 934 1247 altitudo,
962 1163 1012 1227 ut
1045 1128 1120 1227 vix
1171 1128 1277 1266 equi
1330 1125 1503 1247 armis,
1541 1128 1703 1265 pedites
1738 1127 1901 1229 hume·

438 1275 497 1377 ris
532 1313 661 1416 supra
695 1310 858 1413 aquam
893 1306 1104 1370 exstarent
1133 1346 1149 1388 ,
1178 1268 1372 1368 celeriter
1408 1303 1602 1388 tamen,
1637 1271 1721 1369 illis
1773 1308 1900 1374 ante·
1947 1311 2004 1323 “·
2034 1324 2094 1334 -

438 1413 690 1518 cedentibus
727 1491 744 1534 ,
778 1453 930 1515 omnes
966 1412 1087 1512 nullo
1141 1446 1323 1550 accepto
1375 1410 1667 1512 incommodo
1717 1416 1901 1516 transie-

439 1597 574 1679 runt,
610 1558 829 1697 simulque
853 1554 1097 1657 ·Abaudilla
1133 1553 1337 1686 trajecit,
1358 1549 1524 1652 hastam
1561 1594 1694 1654 manu
1731 1591 1897 1678 tenens,

441 1739 487 1803 et
521 1736 640 1802 veste
693 1700 869 1800 indutus
904 1696 1174 1814 Maurusia,
1212 1703 1333 1827 cujus
1367 1695 1492 1794 lateri
1528 1703 1726 1832 Joannes
1766 1698 1898 1800 idem

437 1845 659 1962 Pontius,
680 1878 731 1941 ut
759 1876 848 1952 erat
871 1849 1039 1974 jussus,
1065 1836 1353 1958 adhaerebat,
1385 1876 1442 1938 ne
1466 1839 1537 1937 cui
1565 1873 1762 1938 nostrum
1798 1840 1898 1960 ille,

437 1982 593 2089 habitu
646 1980 872 2101 fallente,
907 1982 1009 2082 loco
1067 1978 1201 2080 hostis
1262 1976 1522 2080 haberetur.
1571 1988 1741 2122 Neque
1790 2020 1896 2082 vero

436 2130 579 2231 modo
615 2125 780 2227 flumen
807 2162 985 2266 parvo,
1006 2160 1082 2224 aut
1118 2159 1253 2263 quam
1290 2121 1480 2223 minimo
1507 2158 1689 2264 accepto
1724 2122 1896 2225 incom-

378 2273 381 2281 ’
438 2271 580 2371 modo
616 2269 753 2369 nostri
788 2275 1086 2400 trajecerunt,
1118 2267 1193 2364 sed
1242 2261 1413 2365 hostem
1448 2304 1476 2362 a
1510 2264 1605 2405 ripa
1640 2300 1683 2364 et
1717 2265 1897 2406 impen-

439 2412 570 2510 dente
606 2447 797 2527 monte,
832 2409 980 2507 multis
1016 2406 1168 2506 occisis
1204 2401 1323 2506 facto
1368 2405 1570 2546 impetu,
1607 2407 1886 2548 repulerunt:

436 2589 630 2653 ceterum
680 2554 736 2652 ad
784 2552 865 2652 iter
915 2589 1105 2651 reversos
1142 2624 1158 2669 ,
1189 2585 1330 2648 rursus
1378 2545 1522 2648 hostes
1574 2547 1895 2690 insequunturs

436 2694 732 2836 redintegrato
767 2733 822 2793 ue
871 2692 1070 2832 praelio,
1110 2725 1351 2794 extremum
1402 2729 1596 2832 agmen,
1636 2693 1762 2833 quod
1799 2703 1898 2794 Co-

434 2872 528 2937 mes
578 2875 682 2939 cum
733 2733 832 2938 iliis
868 2871 912 2934 et
947 2831 1209 2976 propinquis
1260 2829 1520 2952 claudebat,
1550 2834 1693 2950 acrius
1741 2874 1897 2979 urgere

406 3014 673 3119 xpergunt;
727 2979 800 3079 sed
848 3000 1007 3077 'nostras
1058 3012 1226 3111 strenue
1276 2972 1667 3118 repugnantibus,
1702 2976 1764 3076 ita
1816 3016 1898 3118 per

436 3119 609 3261 aliquot
643 3118 771 3220 horas
807 3153 1020 3219 certatum
1055 3153 1157 3238 est,
1190 3152 1241 3217 ut
1277 3119 1408 3219 multi
1443 3159 1495 3220 ex
1531 3116 1731 3220 hostibus
1767 3123 1897 3223 cade·

436 3297 566 3381 rent,
602 3303 654 3364 ex
689 3260 946 3362 Christianis
982 3299 1094 3362 unus
1130 3260 1354 3361 dumtaxat
1388 3261 1728 3364 desideraretur.

506 3412 623 3504 XLI.
705 3414 960 3545 Insequente
1011 3402 1082 3502 die
1123 3399 1349 3505 aTibida
1382 3401 1522 3523 vico,
1556 3406 1675 3505 unde
1727 3401 1900 3513 flumen

436 3545 742 3686 praeterfluens
794 3584 962 3646 nomen
1012 3544 1181 3666 traxit,
1218 3583 1402 3647 movens
1437 3543 1536 3678 (ibi
1587 3547 1707 3648 enim
1756 3587 1905 3652 castra

468 3690 670 3822 osuerat)
725 3686 838 3789 circa
887 3695 1213 3788 Tremezenum
1272 3689 1595 3828 progreditur,
1641 3691 1903 3832 idoneoque

435 3725 538 3930 lirco
574 3829 796 3931 consedit.
845 3839 945 3930 Huc
981 3840 1162 3931 Maurus
1199 3830 1383 3970 quidam
1418 3829 1666 3934 Mahumeti
1701 3827 1898 3935 familia-

436 3972 527 4092 ris,
562 4006 613 4073 ut
646 3973 796 4115 copias
833 3972 1167 4093 consideraret,
1200 3974 1273 4073 sed
1342 4011 1385 4073 er
1423 4013 1596 4075 causam
1630 3974 1892 4096 Comitem,

436 4115 511 4214 cui
545 4150 675 4216 notus
710 4150 835 4232 erat,
878 4114 1123 4233 salutandi,
1160 4116 1260 4215 data
1296 4012 1527 4235 licultate,
1560 4115 1617 4216 in
1643 4153 1779 4217 castra
1816 4157 1892 4218 ve-

438 4257 538 4376 nit,
575 4267 696 4389 cujus
733 4254 921 4359 hominis
967 4257 1155 4376 idonei,
1194 4258 1268 4357 cui
1303 4259 1456 4378 daret,
1494 4258 1721 4360 occasione
1773 4258 1893 4360 invi-

430 4432 548 4498 tatus
584 4411 780 4517 Comes,
820 4398 1075 4530 hujusmodi
1127 4399 1285 4502 litteras
1339 4404 1395 4503 ad
1438 4414 1610 4545 Regem
1656 4398 1894 4504 Mahume-

436 4570 535 4637 tum
570 4542 734 4641 mittit.
770 4553 1004 4662 „Quanto
1041 4540 1192 4643 melius
1244 4538 1386 4645 famae
1428 4579 1472 4642 et
1506 4543 1630 4645 saluti
1680 4537 1894 4649 fortunis-

437 4755 471 4805 „
489 4720 575 4824 que
627 4681 711 4783 tuis
758 4683 1085 4830 consuluisses,
1119 4685 1155 4785 si
1201 4686 1450 4828 perstitisses
1486 4687 1533 4787 in
1576 4726 1632 4789 eo
1661 4687 1894 4809 consilio,

1719 4905 1754 4953 „
1771 4830 1899 4973 quod
