4102 5864
535 432 616 545 362
898 444 981 525 os
1029 435 1509 529 aususausus
1560 505 1563 513 ,

494 604 677 717 locum,
713 596 796 739 'qui
838 601 985 700 Parcus
1025 600 1219 718 dicitur,
1257 596 1444 705 libenter
1483 591 1643 711 vidiri,
1679 590 1756 695 ubi
1791 594 1947 696 Gallo-

497 783 596 846 rum
630 755 725 843 Rex
753 745 1033 860 Franciscus,
1070 735 1166 841 fuso
1206 739 1401 840 maximo
1438 737 1655 853 exercitu,
1681 735 1824 836 victus
1856 777 1945 858 esc,

500 922 544 985 et
587 924 688 984 cum
724 921 779 980 co
818 885 946 984 multi
977 881 1091 984 Galli
1129 883 1341 1021 principes
1393 916 1436 978 et
1472 902 1715 1019 proceres,
1757 919 1784 978 a
1819 881 1946 980 duci-

501 1026 581 1127 bus
606 1063 649 1125 er
688 1025 824 1164 copiis
853 1025 1002 1124 Caroli
1032 1025 1222 1147 Caesaris
1259 1021 1450 1161 Philippi
1489 1020 1629 1161 patris.
1655 1020 1819 1160 praelio.
1850 1061 1947 1122 mc·

500 1166 707 1266 motabili
740 1205 888 1306 captus
926 1243 941 1285 ,
976 1166 1085 1306 quiri
1133 1166 1283 1269 ctiam.
1302 1166 1422 1269 locus
1455 1163 1545 1302 ipse
1588 1197 1858 1263 *monstratus
1909 1163 1953 1282 ei

502 1343 597 1425 cst,
623 1309 701 1409 ubi
732 1319 827 1408 Rex
863 1308 910 1407 in
962 1303 1067 1448 fuga
1123 1344 1273 1447 captus
1320 1301 1457 1411 fuerat
1493 1305 1549 1406 ab
1604 1302 1825 1442 equitibus
1859 1306 1953 1403 Hi·

502 1450 667 1587 spanis.
700 1462 926 1549 Certosam
963 1489 1144 1589 quoque
1180 1449 1358 1548 invisere
1394 1446 1594 1586 placuit,
1626 1445 1966 1552 nobilissimum

439 1602 454 1617 ’“
500 1589 647 1687 Italiae
685 1592 1041 1690 Cartusianorum
1090 1588 1358 1690 coenobium
1383 1644 1409 1707 1,
1442 1589 1505 1694 ad?
1521 1589 1656 1726 ,quod
1686 1599 1785 1687 Rex
1818 1589 1986 1694 initis»

504 1732 789 1838 consederat3
838 1731 989 1871 ibique
1024 1744 1170 1832 Deum
1206 1748 1450 1831 veneratus·
1477 1729 1709 1835 Binascum
1745 1752 1986 1871 passuum

501 1871 640 1975 millia
673 1915 697 1972 a
725 1873 979 1973 Mediolano
1016 1875 1165 1972 decem
1199 1872 1432 2012 processit.
1512 1891 1550 1937 Ψ
1619 1931 1635 1939 -κ
1671 1973 1676 1977 ,
1807 1962 1810 1977 2

565 2022 715 2114 XXV.
787 2022 893 2152 jam
925 2016 1178 2116 Mediolani
1215 2047 1372 2113 cuncta
1420 2030 1545 2115 erant
1594 2015 1651 2112 ad
1694 2011 1956 2152 Philippum

502 2153 802 2292 recipiendum
836 2157 1111 2294 paratissima
1149 2195 1247 2256 cura
1282 2190 1324 2255 ct
1346 2155 1573 2296 diligentia
1590 2156 1820 2281 Pernandi
1838 2165 1947 2255 Gon·

503 2334 636 2433 zagae
677 2297 1001 2434 potissimum,
1038 2298 1118 2438 qui
1152 2298 1278 2429 hujus
1316 2297 1378 2398 rei
1403 2335 1540 2443 causa
1569 2335 1622 2401 ex
1644 2307 1811 2401 'Genua
1852 2333 1943 2395 ante

503 2434 758 2576 Philippum
796 2439 1067 2558 discesserat.
1134 2451 1265 2540 Erant
1305 2437 1433 2542 multi
1486 2438 1619 2540 arcus¹
1657 2456 1711 2537 et'
1738 2439 1944 2577 imagines

502 2576 823 2718 columnaeque
857 2617 1052 2698 erectae,
1088 2616 1241 2679 cuncta
1284 2578 1640 2721 inscriptionibus
1673 2617 1721 2683 et
1758 2579 1945 2681 versibus

464 2805 469 2812 Α,
501 2720 791 2828 ornantibuss
824 2722 913 2823 vias
945 2762 995 2822 ac
1032 2715 1231 2822 fenestras
1252 2757 1412 2861 tapetes
1450 2758 1493 2820 et
1524 2718 1797 2855 conchyliata
1833 2721 1948 2858 peri-

503 2892 709 2962 stromata
767 2863 1050 2966 decorabant.
1128 2865 1283 2969 Aditus
1333 2864 1381 2965 in
1398 2921 1401 2925 ‚
1420 2861 1572 2962 urbem
1628 2857 1863 2962 faberrime
1911 2898 1953 2962 et

504 3001 860 3105 commodissime
897 3006 956 3104 ita
989 3001 1254 3123 fabricatus,
1291 3041 1340 3104 ut
1375 3045 1467 3106 non
1501 3023 1577 3142 per
1612 3041 1789 3141 portam
1833 3041 1957 3103 moe·

504 3136 632 3239 nibus
670 3140 907 3273 subjectam
945 3222 960 3264 ,
999 3148 1073 3245 scd
1106 3185 1181 3284 per
1212 3181 1397 3285 pontem
1428 3179 1471 3244 et
1507 3145 1626 3243 viam
1678 3181 1809 3284 supra
1859 3183 1962 3244 mu-

502 3317 602 3380 rum
637 3317 823 3382 stratam
845 3285 1065 3426 Philippus
1098 3289 1302 3386 intraret.
1343 3289 1415 3389 Ad
1450 3285 1767 3386 duodecimum
1819 3285 1964 3424 igimr

502 3423 683 3525 Kalend.
725 3426 924 3557 Januarii
970 3428 1274 3528 Mediolanum
1327 3425 1701 3566 appropinquanti
1744 3423 1966 3567 Philippo

502 3565 680 3665 Carolus
713 3565 950 3667 Sabaudiae
999 3581 1134 3687 Dux,
1166 3571 1244 3708 qui
1295 3566 1423 3699 hujus
1461 3569 1522 3666 rei
1568 3594 1693 3666 causa
1727 3567 1965 3668 Mediola-

502 3741 611 3803 num
644 3743 859 3826 venerat,
893 3709 1065 3850 longius
1099 3711 1323 3827 occurrit,
1357 3709 1516 3811 deinde
1553 3721 1730 3809 Senatus
1769 3710 1968 3810 Medio·

500 3843 683 3948 lanensis
716 3888 819 3947 cum
854 3888 1132 3989 procuratore
1173 3861 1387 3991 Gonzaga
1424 3890 1436 3957 3
1478 3845 1693 3953 cuicum
1739 3852 1969 3950 occurris·

497 4025 636 4230 grint,
678 3988 795 4090 dicta
847 3992 1102 4132 redditaque
1130 3992 1289 4094 :salute
1348 3993 1408 4092 sic
1454 4030 1613 4133 agmen
1655 3991 1974 4132 compositum

444 4176 448 4177 f
548 4166 605 4231 rt.
676 4192 678 4195 ·
1187 4227 1191 4234 ,
1421 4234 1424 4237 ,
1525 4224 1537 4245 .

516 4342 517 4345 κ
562 4283 729 4376 XXVI.
810 4271 1003 4414 Philippi
1038 4275 1170 4376 latera
1182 4349 1206 4392 ,.
1223 4274 1471 4378 ,cardinalis
1510 4272 1797 4379 Tridentinus
1846 4277 1969 4378 ‘dex-

494 4443 609 4511 tmm
647 4491 662 4532 ,
697 4414 913 4517 sinistrum
948 4428 1053 4516 Dux
1085 4414 1322 4519 Sabaudiae
1347 4415 1612 4520 2claudebant
1642 4454 1662 4523 s
1695 4450 1800 4517 anre
1834 4417 1968 4523 ,Phi-

491 4548 664 4689 lippum
713 4559 953 4658 Femandus
1010 4571 1280 4702 Gonza'ga..
1312 4558 1474 4663 deinde
1514 4554 1967 4694 Hispani-proceres,

489 4686 796 4820 incedebant,
857 4738 1046 4844 cumque
1090 4699 1169 4804 his..
1196 4701 1446 4815 franciscus
1465 4699 1660 4805 'Esssttr'rsis
1711 4701 1967 4841 Ferrarien·

1764 4929 1771 4942 .
1884 4878 1962 4957 sis,
