4042 5864
135 489 337 561 comitatur.
380 485 426 553 11.
456 502 537 576 351·
580 470 734 580 Philippo
756 501 799 553 ert
839 476 1561 556 ’511111111110111111111111111.

133 588 317 684 Rhodopes
346 602 447 680 portu
471 582 670 681 navigaturo
688 581 797 654 adest.
899 583 970 654 niae
991 585 1090 654 Duce
1109 582 1348 678 exspoliantur.
1370 579 1416 651 11.
1438 601 1518 671 32⁰·

134 693 181 758 ΙΙ.
203 708 282 780 353.
308 687 348 755 In
369 706 464 755 tornea
480 733 492 767 ,
506 682 571 753 sive
590 682 725 754 militari
739 706 799 780 pe·
850 686 1070 754 Surrentum.
1103 686 1132 756 1.
1153 685 1234 753 261.
1274 729 1277 734 -

133 787 235 858 destri
272 783 450 857 certamine
491 782 674 857 contrariae
717 782 798 857 aciei
827 786 1016 880 isusunaga
1034 782 1208 877 (Sanctius)
1224 779 1567 862 Cantaber,triremir
1600 842 1603 847 .

134 907 311 982 praeesset
337 883 489 979 Philippo
512 888 678 955 Asturum
700 883 798 954 Prin-
898 880 1082 981 praefectus
1105 882 1290 953 occiditur.
1317 881 1363 952 ΙΙ.
1387 902 1465 948 121.

134 985 206 1081 cipe
221 986 364 1073 jubetur.
381 985 426 1052 II.
440 989 517 1076 365.
534 984 683 1079 Nuptiali
696 985 796 1054 Gon·
848 985 991 1079 Sycorus
1006 981 1186 1080 Hispaniie
1206 987 1280 1054 Rex
1294 1026 1303 1045 ·
1334 984 1361 1048 Ι.
1380 979 1414 1047 8.
1595 990 1596 997 ’

132 1105 235 1180 zagae
270 1083 356 1155 filiae
381 1106 503 1154 coenae
535 1107 614 1153 cum
645 1083 796 1179 Philippo
823 1083 1087 1180 ·Symmanchae
1109 1081 1293 1180 oppidum·
1331 1079 1361 1153 1.
1381 1081 1415 1147 6.
1442 1077 1500 1169 85.
1524 1096 1560 1150 et

133 1182 329 1254 accumbit.
358 1183 697 1276 1131411111]
729 1184 797 1254 du·
898 1186 943 1252 II.
968 1208 1046 1253 101.

132 1284 179 1351 cit
203 1282 238 1351 in
259 1281 400 1373 equestri
420 1281 619 1354 certamine.
650 1289 695 1353 11.
717 1286 796 1374 366.
846 1284 937 1377 Sysla
961 1282 1163 1354 coenobium
1194 1301 1300 1386 prope
1318 1277 1505 1353 Toletum·
1531 1282 1562 1352 Ι.

81 1385 241 1453 Suesanus
256 1383 340 1452 Dux
368 1386 383 1466 (
394 1381 586 1453 Ludovicus
606 1381 795 1463 Corduba)
902 1404 984 1456 112.
1587 1390 1589 1393 ’
1612 1388 1615 1393 ’

131 1479 175 1551 ad
192 1476 404 1551 Hadrianum
420 1483 482 1551 VI.
496 1489 594 1552 Pout.
611 1483 704 1552 Max.
731 1488 796 1555 Le·

131 1599 251 1676 gatus.
286 1582 315 1648 Ι.
348 1598 425 1671 139.
469 1583 523 1649 De
551 1581 795 1676 compositione
1184 1540 1239 1670 Τ

129 1701 210 1748 cum
222 1680 395 1748 Clemente
412 1678 574 1748 Pontifice
587 1684 666 1778 agit.
680 1686 794 1752 Laut.

130 1777 288 1862 Ejusdem
301 1777 475 1849 interitus.
493 1782 522 1847 Ι.
538 1801 619 1850 202.
843 1729 976 1874 Tllgi
1001 1774 1094 1848 fluvii
1120 1797 1248 1862 cursus.
1273 1777 1301 1844 Ι.
1328 1797 1361 1844 2.
1432 1869 1433 1874 7

82 1876 216 1944 Suevia.
241 1877 286 1946 11.
307 1899 389 1971 173.
405 1894 438 1943 11
458 1893 539 1961 191.
842 1879 958 1974 Tagus
990 1874 1109 1946 fluvius
1137 1899 1157 1946 11
1182 1876 1281 1969 Tago
1314 1880 1407 1971 Rege
1430 1873 1476 1945 ita
1501 1892 1559 1970 ap·

78 1973 192 2057 Suevis
206 2021 218 2056 ,
245 1993 283 2045 ut
307 1998 349 2048 ex
366 1998 397 2047 se
420 1978 549 2074 Regem
567 1995 794 2076 creent,per·
891 1977 1051 2071 pellaeus.
1087 1979 1115 2045 Ι.
1135 1973 1170 2041 8.
1187 1992 1220 2041 et
1241 1995 1296 2065 31.
1368 1973 1370 1975 ’

118 2071 301 2165 mittitur.
330 2079 358 2143 1.
376 2090 432 2156 29.
840 2083 956 2172 Tagus
979 2072 1158 2167 Hispaniae
1180 2077 1278 2147 Rex.
1300 2072 1327 2141 1.
1349 2072 1382 2140 8.

76 2166 224 2239 Suffolcii
244 2173 350 2244 Dux.
378 2174 423 2242 ΙΙ.
450 2192 533 2260 471.
562 2173 727 2262 Joannam
747 2172 791 2244 fi-
840 2174 996 2260 Tamajus
1031 2174 1197 2268 Hispanus
1228 2171 1328 2245 miles
1343 2173 1554 2241 Germanum

125 2267 205 2338 liam
238 2267 534 2341 Northumberlani
571 2273 677 2342 Ducis
719 2272 809 2364 filio,
888 2271 1108 2367 quemdame
1136 2269 1245 2342 castris
1265 2268 1412 2341 hostium
1442 2291 1555 2364 egres-

126 2367 229 2436 tertio
251 2369 284 2437 in
302 2368 552 2440 matrimonium
568 2372 724 2443 collocat.
742 2373 788 2442 ΙΙ.
886 2396 986 2455 sunt,
1011 2369 1222 2444 Caesarianos
1237 2366 1283 2442 ad
1307 2369 1469 2465 singulare
1480 2389 1556 2436 cer·
1598 2398 1600 2406 v

123 2486 208 2555 474.
235 2470 371 2537 Senatus
386 2469 539 2538 consulto
563 2469 706 2543 Mariam
726 2493 788 2565 pro
888 2490 1001 2543 tamen
1018 2486 1276 2572 provocantem,
1288 2466 1479 2569 prosternit.
1504 2466 1553 2534 ΙΙ.

122 2565 254 2659 Regina
269 2567 433 2637 salutandi
453 2567 519 2662 ipse
546 2590 683 2660 quoque
708 2567 789 2641 sub·
889 2570 975 2662 284.

121 2664 255 2732 scribit.
276 2666 424 2756 11480.
447 2669 500 2737 Ex
523 2668 702 2747 custodia,
726 2690 787 2740 ex·
834 2677 970 2765 Tampa
1014 2664 1171 2741 francisci
1212 2662 1313 2763 Regis
1361 2661 1552 2738 concubina
1593 2717 1597 2725 .

121 2780 218 2830 orata
249 2762 415 2858 Regina,
447 2765 586 2835 eductus
614 2765 787 2858 conspira-
883 2792 962 2841 curn
980 2767 1147 2837 Eleonota
1171 2762 1302 2858 Regina
1330 2763 1497 2834 Bruxellas
1514 2780 1550 2832 et

123 2859 223 2928 tionis
248 2860 292 2931 de
323 2862 449 2931 Mariae
486 2864 634 2959 Reginae
668 2864 786 2935 matri·
884 2865 1106 2962 Antuerpiam
1136 2860 1373 2959 progreditur,
1407 2881 1440 2930 et
1473 2883 1548 2930 ma-

120 2959 240 3026 mouio
264 2958 475 3055 impediendo
504 2961 701 3031 auctoribus
719 2984 786 3032 sese
881 2987 953 3061 gno
978 2986 1159 3064 puerorum
1188 2983 1378 3042 concursu,
1400 2962 1473 3033 haec
1503 2978 1549 3030 est

11 3072 15 3075 ’
120 3054 297 3154 adjungit.
318 3064 364 3127 ΙΙ.
389 3059 474 3148 488.
504 3059 668 3131 Ducentis
691 3061 787 3152 equi·
880 3066 965 3154 Regis
993 3063 1144 3134 concubina
1159 3060 1399 3142 clamantium,
1426 3057 1462 3130 in
1482 3057 1549 3127 ho*

120 3154 209 3223 tibus
226 3160 349 3226 ‘coactis
372 3156 528 3228 Londino
549 3159 583 3227 in
602 3159 785 3232 Varoicen-
883 3160 1019 3255 spitium
1039 3158 1144 3232 redire
1157 3158 1299 3254 cogitur.
1317 3160 1449 3249 IL257.
1466 3160 1547 3227 Do·

115 3275 186 3320 sem
209 3257 418 3326 Comitatum
442 3256 646 3326 contendens
677 3259 782 3347 Joan-
880 3283 923 3330 na
961 3257 1078 3353 accipit
1110 3282 1128 3325 a
1162 3260 1302 3328 Caesare
1342 3255 1545 3329 ducatorum

119 3373 196 3419 nam
214 3352 323 3424 filiam
345 3379 402 3452 per
421 3378 593 3451 praecones
617 3358 782 3453 Reginam
877 3380 1060 3430 aureorum
1077 3352 1456 3452 millibusquadraginta
1472 3362 1548 3426 ami

119 3453 335 3545 pronuntiare
361 3453 487 3549 pergit.
528 3459 574 3523 ΙΙ.
605 3457 689 3543 489.
721 3455 779 3526 Ad
881 3455 964 3552 plius
986 3456 1175 3528 aestimata.
1198 3452 1366 3544 11.256.'

118 3549 275 3619 nuntium
298 3550 506 3621 adventantis
537 3554 783 3625 Northantonis
827 3556 981 3625 Tanarus
997 3551 1136 3625 fluvius.
1162 3557 1208 3622 II.
1226 3573 1311 3641 411.

117 3649 262 3717 Comitis
283 3651 457 3719 consilium
481 3651 542 3719 init
566 3652 707 3721 latenter
719 3676 781 3723 ex·
828 3652 962 3726 Tarasia
980 3652 1110 3726 Allonsi
1127 3652 1190 3719 Vl.
1215 3650 1317 3723 notha
1333 3646 1402 3725 filia
1417 3697 1429 3736 ,
1443 3649 1542 3720 Hen-

118 3762 168 3814 tra
207 3747 411 3817 Britanniam
452 3746 685 3846 profugiendi.
732 3757 778 3822 ΙΙ.
868 3750 935 3822 'rici
972 3749 1206 3850 Locharingiae
1245 3748 1394 3825 Comitis
1432 3771 1544 3821 111101.

115 3844 198 3932 489.
233 3846 570 3941 Agricolaecuidam
603 3873 664 3919 suo
691 3848 780 3920 villi·
878 3849 907 3916 1.
936 3869 989 3940 35.

116 3952 158 4012 co
190 3965 221 4011 se
246 3968 406 4037 suamque
444 3948 581 4017 salutem
606 3971 780 4019 commen·
825 3942 1544 4031 Τ111111Μ1111110(Ρ1111111111111111111

116 4037 197 4108 dat.
228 4046 272 4110 11.
288 4045 371 4132 489.
398 4045 509 4115 Abeo
528 4047 562 4114 in
591 4069 706 4118 cavam
722 4072 779 4116 ar·
875 4046 1024 4126 Rivera)
1052 4047 1214 4118 Castellae
1249 4045 1404 4121 Concilio
1434 4045 1540 4116 inter·

117 4138 235 4207 borcm
278 4140 487 4228 deducitur,
526 4167 596 4238 quo
640 4146 779 4216 rusticus
871 4163 945 4214 est.
971 4148 1018 4216 IL
1034 4146 1092 4233 67.

114 4237 319 4332 temporibus
362 4240 485 4311 idoneis
528 4242 686 4316 accedens
714 4244 777 4314 ali-
822 4241 976 4314 Tarraco
992 4237 1084 4314 sedes
1104 4243 1209 4316 totius
1235 4241 1428 4317 Provinciae
1443 4249 1543 4316 Prae·

114 4355 225 4406 menta
255 4337 502 4410 subministrat.
534 4344 580 4412 11.
613 4345 698 4433 489.
745 4349 778 4414 Α
873 4342 967 4413 sidis.
992 4343 1022 4411 Ι.
1044 4363 1081 4431 4.
1108 4346 1155 4413 ΙΙ.
1183 4342 1262 4415 181.

112 4435 233 4504 rustico
251 4457 324 4531 post
348 4437 417 4507 dies
444 4440 573 4531 aliquot
597 4445 651 4513 vel
674 4442 778 4513 timo-
826 4439 1542 4519 ’111111011111111111111011111111111111·

112 4554 166 4615 re,
179 4535 231 4601 vel
243 4535 427 4630 eupiditate
450 4537 591 4610 inducto
609 4542 776 4638 proditur.
874 4539 1029 4638 goncnsis
1062 4539 1297 4636 degeneratio.
1321 4546 1350 4610 I.
1367 4566 1402 4636 7.
1490 4601 1491 4604 ,

110 4635 159 4702 ΙΙ.
174 4631 259 4719 489.
288 4640 417 4730 Captus
444 4638 639 4712 Londinum
662 4642 696 4712 in
726 4666 780 4711 ar·
824 4638 975 4738 Tarraga
996 4638 1182 4735 oppidum.
1214 4644 1260 4709 11.
1283 4664 1358 4733 177.

108 4752 182 4800 cem
219 4729 405 4821 reducitur.
445 4738 493 4809 11.
520 4758 612 4833 490.
658 4740 779 4841 Capite
825 4738 1006 4822 Tartessis,
1031 4761 1085 4808 seu
1105 4739 1266 4813 Baetica.
1288 4745 1317 4814 1.
1334 4759 1369 4831 9.

107 4828 283 4930 plectitur.
311 4837 358 4904 11.
375 4840 456 4926 496.
632 4882 638 4888 ·
692 4836 694 4840 ’
824 4837 1000 4916 7111111111
1019 4835 1159 4918 fluvius.
1181 4844 1210 4912 1.
1222 4857 1258 4939 9.

1449 4941 1540 5011 Tar·
