4110 5888
486 359 610 431 XLVI.
946 358 1461 434 sUMMnRrUln.
1612 357 1618 369 ’

467 482 691 573 semianimis
721 510 767 568 ex
795 488 897 598 equo'
937 481 1177 591 deturbatur,
1285 484 1385 567 LXI.
1446 484 1561 566 Hanc
1576 481 1935 600 conditionemrpet-

467 627 584 718 atque
613 603 653 686 in
681 600 820 686 lectum
849 603 1067 714 deportatus
1095 629 1176 687 san·
1228 598 1394 685 tinaciter
1438 625 1670 713 aspernante
1693 599 1810 686 Paulo
1838 664 1850 708 ,
1879 606 1935 687 O·

466 724 580 837 guine
609 720 720 806 misso
749 720 788 804 in
822 717 974 805 tertium
1004 718 1103 804 diem
1128 718 1179 831 ja·
1227 718 1369 804 ctavius
1393 741 1520 803 tamen
1552 741 1591 803 et
1623 716 1832 804 Alexander
1847 723 1935 805 Car·

464 862 546 924 cet.
605 837 732 923 Caroli
778 836 829 921 ad
873 865 963 921 eum
1003 836 1179 922 nuntium
1207 835 1358 920 >dimus
1376 834 1626 949 accipiendam
1647 834 1832 946 judicant.
1862 842 1935 921 Ca-

466 955 745 1060 conturbatio,
779 978 819 1040 et
848 954 1097 1041 amantissima
1129 953 1179 1039 ad
1228 952 1349 1036 millus
1379 953 1537 1038 Ursinus
1549 957 1705 1038 Parmae
1730 949 1935 1066 praefectus

466 1072 585 1160 filium
620 1074 758 1159 verba.
805 1073 912 1158 Idem
937 1075 1073 1156 Caesar
1105 1077 1179 1156 Zu-
1228 1071 1395 1157 Octavio
1448 1098 1571 1155 arcem
1624 1097 1811 1184 occupate
1869 1102 1936 1185 per

466 1192 619 1309 gnigam
636 1191 687 1276 ad
715 1219 754 1275 se
772 1190 988 1275 accersitum
1017 1217 1088 1304 pro
1113 1217 1181 1274 sua
1229 1184 1402 1275 fraudem
1455 1186 1615 1276 tentanti
1674 1188 1936 1276 denuntiatum

466 1309 701 1396 humanitate
728 1307 964 1394 consolatur.
1229 1306 1370 1412 mittit,
1385 1307 1441 1391 uti
1474 1306 1576 1390 nulla
1593 1307 1807 1421 interposita
1828 1337 1937 1393 mora

545 1429 645 1514 LVI.
722 1424 861 1511 Paulus
914 1421 1086 1512 Pontifex
1131 1425 1181 1511 de
1227 1424 1374 1538 oppido
1406 1424 1589 1510 discedat.
1621 1424 1770 1511 Octavii
1802 1422 1938 1512 disces-

467 1572 558 1631 neoe
583 1543 682 1629 Petri
700 1542 826 1629 Aloisii
858 1541 945 1645 filii,
962 1542 1087 1657 deque
1113 1571 1178 1629 oc·
1228 1571 1312 1626 sus.
1359 1538 1465 1625 Pauli
1498 1540 1684 1627 Pontificis
1716 1543 1830 1628 animi
1864 1544 1934 1629 do

469 1687 607 1776 cupata
622 1661 808 1747 Placentia
822 1660 981 1766 dolens,
998 1659 1181 1746 Catulum
1228 1657 1323 1762 lor3
1348 1659 1407 1744 cui
1447 1660 1584 1746 morbo
1614 1660 1793 1747 absumto
1818 1660 1938 1774 Julius

469 1808 536 1894 per
565 1779 792 1896 legationem
819 1803 957 1896 rogat,
973 1804 1022 1863 ne
1050 1807 1179 1897 grave·
1229 1778 1360 1863 tertius
1388 1772 1587 1864 sufficitur.

468 1921 561 2005 tur,
588 1926 673 1982 eam
705 1899 841 1984 urbem
872 1896 938 1984 sibi
973 1922 1014 1982 et
1056 1896 1180 1982 Eccle
1299 1899 1414 1982 LXII.
1481 1895 1623 1983 Carolo
1670 1896 1720 1982 ad
1767 1895 1938 2014 Belgium

470 2012 543 2100 siae
566 2015 776 2101 restintere.
808 2013 1033 2100 Placentiam
1063 2017 1181 2101 Caro·
1230 2014 1552 2130 Germaniamque
1567 2039 1851 2121 commorante,
1871 2018 1938 2102 Hi·

467 2131 526 2218 lus
574 2130 814 2220 Ecclesiastici
862 2131 946 2247 juris
994 2159 1073 2218 esse
1115 2159 1181 2218 ne·
1229 2134 1381 2246 spaniae
1413 2133 1673 2248 tranquillitas.
1719 2133 1826 2245 Justa
1849 2135 1935 2220 Phi-

468 2276 556 2368 gat.
1148 2354 1151 2359 Ι
1230 2249 1321 2364 lippi
1347 2250 1551 2366 primum,
1589 2249 1723 2335 deinde
1760 2252 1938 2336 Maximi·

280 2416 281 2425 κ
463 2418 467 2425 .
528 2369 644 2454 LVII.
690 2369 756 2454 Ille
778 2370 889 2487 igitur
907 2368 973 2454 ira
986 2365 1178 2505 flagrans,
1229 2365 1317 2452 liani
1351 2392 1391 2455 et
1432 2367 1556 2453 uxoris
1586 2366 1731 2450 Mariae
1761 2396 1938 2480 procura-

467 2508 623 2573 utrem
666 2483 775 2572 faciat
806 2486 955 2573 Caesari
986 2511 1179 2603 mgtatrssr·
1230 2484 1312 2569 tio.
1354 2485 1530 2602 Dragutis
1557 2482 1728 2598 piraticae
1755 2487 1932 2572 excursio

467 2631 599 2709 mam,
628 2603 841 2690 Bononiam
870 2603 921 2690 ad
955 2620 1042 2690 suos
1073 2602 1172 2720 lega·
1232 2630 1299 2688 nes
1330 2630 1377 2690 ex
1401 2602 1629 2717 Aphrodisio
1658 2601 1752 2686 urbe
1779 2602 1820 2687 in
1842 2600 1942 2690 Afri·

467 2745 528 2806 tos
542 2720 686 2826 scribit,
709 2723 801 2810 dent
825 2750 1007 2840 operam,
1022 2725 1174 2808 utCon·
1233 2747 1301 2806 cae
1331 2749 1400 2807 ora
1432 2719 1634 2806 maritima.

467 2835 593 2924 tilium
622 2837 848 2946 dimittant,
913 2838 993 2925 uod
1024 2839 1064 2924 in
1097 2868 1183 2925 eam
1294 2839 1424 2924 LXIII.
1470 2836 1776 2952 Aphrodisienses
1800 2837 1850 2924 ab
1864 2842 1942 2927 Ha·

463 2956 602 3042 urbem
632 2959 852 3043 translatum
941 2983 1049 3062 erat,
1073 2956 1180 3051 reela,
1233 2985 1346 3044 zeno
1361 2960 1468 3074 Rege
1502 2957 1553 3042 ad
1581 2955 1826 3070 Solymanum
1856 2955 1941 3044 defi·

468 3074 658 3160 mantibus
693 3101 733 3161 et
760 3073 940 3162 Tridenti
963 3073 1185 3160 remanenti·
1236 3075 1368 3181 ciunt,
1399 3075 1631 3190 tandemque
1657 3101 1733 3160 sese
1764 3073 1804 3159 iu
1831 3072 1944 3162 liber·

437 3302 443 3307 X
471 3191 543 3278 bus
572 3192 747 3308 Hispanis
781 3190 999 3308 Episcopis.
1234 3218 1356 3280 tatem
1384 3192 1592 3280 vindicant.
1622 3197 1811 3308 Dragutes
1834 3222 1938 3308 prae·

531 3312 662 3396 LVIII.
722 3315 888 3427 Joanncs
916 3306 1042 3396 Maria
1066 3312 1182 3398 Mon·
1238 3311 1295 3398 do
1325 3310 1561 3424 tyrannidem
1595 3307 1748 3397 civitatis
1778 3309 1944 3399 invadit.

472 3424 544 3516 tius
558 3427 715 3514 Consilii
734 3435 860 3516 Patres
886 3427 1184 3543 persuadenda
1297 3432 1436 3514 LXIV.
1493 3427 1664 3514 Andreas
1691 3427 1810 3513 Dotia
1845 3427 1945 3542 jussu
2022 3456 2024 3459 ·

466 3573 551 3658 que
590 3547 752 3632 domum
783 3545 1056 3632 discedentibus
1085 3548 1187 3632 Con·
1239 3547 1367 3632 Caroli
1396 3552 1634 3662 Dragutem,
1669 3543 1822 3660 ejusque
1854 3545 1945 3630 clas·

475 3660 599 3746 cilium
630 3664 897 3751 intermittitur.
1240 3692 1320 3749 sem
1351 3663 1537 3749 deletunts
1581 3662 1621 3746 in
1651 3661 1806 3747 Siciliam
1838 3664 1946 3752 navi·

535 3781 635 3864 LIX.
694 3785 780 3865 Hac
823 3780 1019 3868 occasione
1072 3776 1188 3870 fretus
1239 3806 1332 3898 gat,
1364 3806 1403 3868 et
1431 3782 1481 3868 ad
1511 3787 1730 3895 Drepanum
1760 3778 1846 3865 alias
1876 3781 1945 3867 tri-

476 3894 613 3982 Paulus
641 3896 851 3983 Concilium
874 3929 913 3984 se
932 3899 1189 3986 restituturum
1238 3928 1357 3985 remes
1384 3898 1449 3984 sibi
1481 3897 1669 4013 adjungit.

477 4013 620 4100 Carolo
647 4014 863 4130 pollicetur,
888 4016 1009 4103 modo
1023 4015 1099 4131 ipse
1118 4019 1191 4105 suis
1290 4019 1427 4120 LXV.
1499 4020 1686 4130 Dragutes
1726 4014 1946 4101 stationibus

479 4131 671 4243 postulatis
701 4158 868 4218 annuat.
1242 4133 1400 4220 subinde
1441 4132 1627 4217 mutandis
1668 4157 1825 4218 conatus
1869 4132 1947 4244 ejus

539 4253 621 4334 Lx
688 4249 847 4338 Carolus
878 4278 972 4340 vero
1003 4253 1185 4341 conditio·
1240 4248 1458 4336 frustrantr.
1485 4250 1604 4337 Doria
1618 4249 1656 4334 in
1672 4245 1835 4336 Africam
1856 4277 1941 4335 con

480 4389 571 4449 nem
600 4362 697 4473 lert,
730 4369 757 4454 si
793 4370 928 4453 Parma
953 4392 991 4454 et
1008 4369 1192 4457 Placentia
1240 4398 1368 4455 versus
1415 4367 1689 4454 Monasterium
1731 4392 1817 4447 cum
1862 4394 1947 4452 arce

481 4480 614 4567 ditioni
631 4485 903 4572 Mediolanensi
930 4487 1190 4593 restituantur,
1239 4511 1430 4602 expugnat
1461 4514 1474 4585 3
1509 4507 1549 4566 et
1585 4481 1635 4567 ad
1678 4480 1947 4594 Aphrodisium

481 4624 520 4680 se
558 4600 722 4686 Octavio
759 4604 930 4692 Famesio
962 4605 1113 4691 abunde
1140 4633 1191 4689 sa-
1240 4602 1464 4686 tentandum
1499 4626 1564 4712 per
1595 4592 1833 4683 fernandum
1871 4600 1947 4685 Ve-

478 4709 725 4805 tisfacturum.
1244 4745 1336 4833 gam
1358 4717 1407 4803 ab
1437 4714 1514 4832 ejus
1549 4737 1654 4834 patre
1692 4713 1827 4801 Siciliae
1847 4720 1947 4804 Pro·

1895 4860 1948 4921 te·
