4170 5866
469 421 799 506 οιιιοιιι
848 422 1482 530 L13.xx11.205

100 625 130 684 o
177 578 416 724 impeditus
453 579 720 720 Antuerpiae
771 578 1006 676 necessario
1043 578 1258 680 substitit.
1313 591 1529 747 Gpnzaga

101 727 422 842 andresinum,
456 723 591 826 obvia
626 762 826 863 quaeque
863 721 1133 823 vastantibus
1170 729 1425 848 Germanis,
1454 775 1527 833 ex-

101 875 257 973 rcitum
299 909 401 968 cum
436 866 704 984 induxisset,
741 904 872 1006 atque
916 867 962 965 id
1007 868 1271 1031 oppidum,
1308 806 1528 1010 quode-

101 1054 135 1116 ιι
172 1052 214 1114 et
249 1006 451 1153 operibus
497 1048 540 1110 et
592 1008 807 1150 praesidio
860 1011 1236 1131 munitissimum,
1274 1051 1530 1158 oppugnare

101 1053 316 1276 atuissetp,
353 1154 497 1294 copias
533 1153 744 1315 bipartito
780 1152 1035 1274 distribuit,
1073 1191 1124 1254 ut
1161 1197 1213 1255 ex
1249 1157 1381 1258 altera
1425 1199 1529 1300 pat-

101 1312 254 1402 :Dux
279 1298 513 1416 Ariscoti,
549 1334 592 1398 et
627 1297 791 1400 Rusiae
826 1312 990 1399 Comes
1024 1337 1128 1400 cum
1163 1301 1338 1438 Belgis,
1375 1344 1428 1403 ex
1464 1305 1527 1404 al-

101 1485 161 1545 ra
196 1444 287 1585 ipse
330 1482 434 1540 cum
489 1442 747 1583 Hispanis,
784 1444 1010 1543 Germanis
1047 1479 1090 1543 et
1125 1444 1278 1549 Italicis
1326 1443 1530 1548 obsidio-

101 1627 171 1689 em
208 1623 410 1728 urgeret.
447 1587 527 1686 Sed
563 1625 668 1685 cum
705 1597 800 1685 Rex
831 1588 1069 1687 Franciscus
1107 1587 1338 1726 oppidanis
1375 1591 1532 1692 subve

102 1732 222 1832 iendi
257 1731 397 1872 gratia
434 1729 787 1869 appropinquare
818 1729 1126 1849 nuntiaretur,
1163 1758 1302 1831 rursus
1347 1736 1525 1875 copias,

102 1918 125 1974 e
175 1876 415 2005 disjunctae
451 1869 712 1973 infirmiores
758 1909 893 1972 essent
912 1875 1233 2038 ,conjunxit,
1267 1915 1359 1977 non
1410 1879 1530 1982 enim
1600 1947 1601 1950 κ

101 2018 198 2118 tcile
232 2054 433 2159 propter
450 2017 670 2146 interjecta
705 2017 916 2181 paludosa
951 2019 1095 2119 loca
1084 2020 1277 2119 invicem
1330 2022 1528 2143 auxili0,

101 2162 321 2301 praelio
386 2162 736 2282 lacesserentur,
772 2161 921 2262 venite
976 2199 1208 2325 poterant.
1278 2164 1424 2264 Gallus
1475 2166 1532 2265 ad

101 2307 358 2406 [antilonem
406 2305 551 2403 castris
589 2304 802 2418 munitis,
839 2305 1037 2445 equites,
1076 2306 1155 2447 qui
1205 2343 1376 2408 nostros
1428 2347 1532 2447 par

101 2451 136 2550 is
185 2445 456 2591 equestribus
488 2448 681 2617 ‘praeliis
723 2449 1005 2569 lacesserent,
1043 2446 1327 2552 immittebat.
1383 2449 1532 2554 Rebus

100 2630 217 2693 utem
260 2592 555 2733 comparatis,
593 2601 763 2722 majore
800 2630 844 2691 et
880 2631 1066 2693 numero
1126 2630 1169 2694 et
1204 2593 1378 2755 impetu
1428 2635 1533 2696 cum

101 2739 418 2855 rocurrissent,
454 2736 612 2835 nostris
646 2735 839 2877 graviter
874 2734 1252 2896 repugnantibus,
1289 2738 1442 2836 acriter
1479 2779 1531 2839 u

101 2884 250 3022 tinque
285 2877 623 2982 dimicabatur
614 2944 626 2984 ‚
668 2914 766 2978 tum
818 2880 954 2978 oculis
991 2916 1035 2979 et
1071 2917 1228 2978 animis
1273 2915 1532 2985 nostrorum

101 3065 119 3124 ι
156 3064 356 3167 pugnam
392 3023 609 3122 conversis
644 3058 688 3121 et
723 3022 944 3143 intende,
982 3021 1251 3164 praesidium
1286 3023 1532 3143 Gallicum,

103 3171 196 3268 uod
231 3209 337 3270 cum
371 3203 622 3267 commeatu
669 3165 930 3266 instructum
966 3202 1009 3265 et
1044 3203 1349 3307 comparatum
1397 3202 1530 3287 erat,

101 3311 405 3454 ximproviso
460 3307 713 3453 procurrit,
749 3311 952 3451 priusque
1004 3309 1137 3410 muris
1173 3307 1433 3409 Landresini
1482 3349 1532 3408 ac

101 3494 225 3556 ortae
262 3455 492 3575 successit,
525 3494 662 3595 quam
698 3456 824 3594 plane
859 3495 884 3552 a
920 3454 1075 3554 nostris
1112 3490 1257 3617 posset
1293 3453 1404 3593 quid
1470 3452 1535 3553 rei

101 3636 289 3701 ereretur
347 3598 689 3716 animadverti,
732 3636 808 3697 aut
857 3597 1004 3747 aliqua
1055 3599 1226 3696 ratione
1277 3592 1540 3735 prohiberi

101 3754 176 3844 loc
213 3744 369 3845 nuntio
407 3777 657 3853 commotus
685 3742 894 3859 Carolus,
931 3777 974 3840 et
1012 3742 1176 3839 ducum
1212 3742 1416 3839 damnata
1452 3777 1536 3837 ne

101 3889 321 4048 ligentia‚
351 3888 552 3986 nondum
589 3884 687 3983 satis
723 3882 885 3984 morbo
922 3883 1215 4024 explicitus,
1203 3922 1250 3981 ιιι
1286 3921 1420 3984 castra
1455 3921 1537 3980 ve-

103 4031 177 4146 it,
213 4029 293 4130 hac
333 4071 513 4192 quoque
564 4028 733 4129 ratione
787 4029 1031 4148 inductus,
1065 4029 1190 4166 quod
1225 4041 1321 4129 Rex
1357 4023 1536 4143 Gallus,

101 4172 306 4273 ollatis
276 4212 437 4314 signis,
476 4173 586 4274 velle
626 4214 713 4273 sese
748 4171 957 4319 dimicare
994 4106 1239 4316 magnificis
1289 4165 1434 4270 verbis
1480 4207 1537 4267 o

101 4316 326 4420 Qendebat

145 4471 251 4563 XX.
327 4459 560 4563 Carolus
548 4460 714 4601 rgitur,
754 4458 943 4559 inductis
994 4453 1169 4597 copiis,
1207 4489 1340 4555 castra
1391 4448 1539 4554 castris

101 4635 187 4704 ntra
222 4607 433 4708 tormenti
469 4546 636 4734 jacttim
670 4597 874 4722 confert,
912 4602 1203 4741 instructaque
1258 4599 1349 4698 acie
1399 4598 1539 4700 tribus

101 4747 292 4851 ontinuis
351 4745 542 4867 diebus,
577 4746 797 4849 Francisco
832 4680 1060 4888 pitgnandi
1110 4783 1255 4885 aequo
1298 4742 1400 4843 loco
1456 4780 1537 4837 co-

1418 4883 1540 5020 piam
