3998 5850
463 445 704 528 cauom
745 445 798 525 v.
838 386 1176 524 1111111111.
1431 447 1510 534 sos
1591 464 1593 467 ’

92 598 329 703 damtione
366 602 571 743 recepit,
622 601 670 702 in
717 598 1022 762 palatiumque
1067 596 1301 717 deduxit,
1330 596 1410 702 ubi
1453 602 1549 739 pari

90 741 366 846 humanitate
402 783 445 847 et
487 744 709 846 laetitiaa
756 743 932 885 Regina
972 781 1175 906 exceptus
1223 779 1322 862 est,
1361 783 1404 843 et
1445 783 1548 884 post

91 887 224 992 breve
261 891 533 1031 colloquium
568 927 672 992 cum
708 926 938 1029 procerum
974 890 1188 987 comitatu
1223 886 1272 987 in
1314 924 1546 1054 1111111111-

91 1069 188 1133 tum
224 1032 466 1174 hospitium
500 1032 730 1133 dimissus.
781 1037 904 1131 Tum
944 1033 1135 1132 consiliis
1176 1032 1544 1157 communicatis,

87 1178 222 1312 (nam
259 1214 303 1278 et
339 1177 580 1280 Cardinalis
616 1177 672 1277 ad
707 1176 928 1315 Principes
964 1176 1169 1296 revertit,
1207 1210 1249 1275 et
1289 1184 1385 1276 Rex
1422 1177 1544 1299 vicis-

89 1320 172 1419 sim
208 1320 256 1420 in
291 1321 533 1422 cardinalis
570 1317 811 1460 hospitium
854 1314 995 1421 officii
1032 1357 1075 1420 et
1114 1318 1398 1458 colloquendi
1441 1358 1543 1460 gra-

16 1563 18 1567 .
89 1462 195 1577 tia,
230 1474 407 1594 trajecto
443 1459 600 1604 scapha
642 1462 864 1583 flumine,
904 1464 1141 1602 processit)
1195 1461 1452 1562 Concilium
1490 1505 1543 1598 ea

85 1642 212 1706 more
260 1610 309 1708 in
351 1608 493 1708 aulam
535 1640 848 1725 convocatur,
889 1609 1015 1745 quod
1060 1601 1505 1746 frequentissimum
1493 1645 1541 1727 m

86 1787 227 1856 unum
289 1751 620 1893 capacissimum
679 1749 887 1852 conclave
943 1790 994 1850 ex
1046 1748 1252 1851 omnibus
1308 1748 1553 1863 ordinibus.

86 1896 324 1995 convenit.
1549 2010 1553 2017 ι

156 2045 253 2137 XL.
329 2049 538 2179 Cumque
578 2050 677 2140 Rex
717 2035 980 2178 Reginaque
1023 2039 1244 2154 adessent,
1296 1987 1551 2139 Cardinalis.

85 2217 224 2320 pauca
260 2176 506 2320 praefatus,
542 2217 586 2282 et
622 2179 731 2282 ab
719 2220 819 2320 ipsis
861 2179 1190 2319 Principibus
1177 2214 1412 2320 impetrata
1458 2217 1536 2277 ue-

66 2360 187 2482 nia,
227 2325 281 2422 acl
304 2324 535 2487 populum
571 2361 850 2444 conversus,
888 2325 1164 2464 amplissimis
1201 2319 1344 2422 verbis
1387 2358 1553 2461 „gra

80 2467 886 2607 ,,11111811Β1111111111,1111011111
936 2509 1012 2574 sua
1053 2507 1222 2585 causa,
1261 2504 1392 2606 seque
1437 2500 1550 2627 11011,

81 2608 315 2749 „longum
351 2609 596 2709 exsilium
584 2648 632 2708 m
668 2611 872 2750 patriam
894 2612 1171 2728 reducendo,
1207 2644 1250 2707 et
1294 2646 1341 2706 m
1386 2609 1536 2745 pristi-
1624 2696 1626 2699 ,

81 2827 113 2873 ,,
129 2790 233 2849 nam
269 2752 529 2891 dignitatem
564 2752 830 2852 restituendo
869 2789 959 2852 tam
1002 2750 1193 2852 humane
1230 2786 1273 2849 et
1309 2747 1536 2849 liberaliter

80 2968 115 3012 „
133 2892 413 3002 statuissents
449 2932 545 2994 tum
582 2894 764 2994 eisdem
781 2896 891 2994 de
880 2933 1094 3034 insperata
1142 2888 1349 2993 felicitate
1395 2928 1438 2992 et
1480 2892 1534 2991 li·

80 3031 295 3159 „bertate
342 3076 421 3177 per
463 3037 660 3199 0111111101
702 3072 746 3135 11
786 3037 1010 3178 religiosos
1056 3037 1274 3198 Principes
1316 3071 1416 3176 post
1464 3069 1534 3134 tot

81 3178 319 3295 „miserias
355 3215 398 3278 et
434 3181 683 3280 servitutem
717 3216 870 3279 asserta
905 3180 1166 3342 gratulatur,
1203 3217 1250 3278 m
1319 3220 1398 3278 uae
1436 3215 1535 3275 ma-

81 3317 170 3444 „la
207 3321 442 3421 Henrici
430 3322 580 3454 injusti
636 3360 680 3421 11
720 3321 1079 3485 impotentissimi
1128 3321 1285 3482 Regis
1286 3220 1444 3420 lurore
1492 3353 1536 3420 11

78 3459 268 3601 „impio
304 3464 488 3567 consilio
526 3464 685 3595 dejecti
718 3461 926 3584 fixissent,
964 3465 1044 3604 qui
1093 3476 1190 3568 Rex
1224 3462 1307 3563 suis
1343 3463 1532 3603 paternis

83 3641 172 3724 „et
208 3606 333 3706 avitis
368 3604 626 3708 fidelissimis
662 3645 706 3707 et
747 3606 1048 3709 amantissimis
1091 3605 1372 3746 popularibus
1418 3601 1531 3704 nihil

80 3747 183 3869 „de
219 3790 262 3848 se
304 3751 417 3851 male
452 3751 618 3850 metitis
658 3790 726 3849 eas
761 3752 1024 3853 calamitates
1066 3751 1218 3849 volens
1261 3787 1303 3848 11
1349 3748 1565 3888 prudens

76 3965 109 4009 ‚,
127 3889 436 4051 importasset,
455 3893 615 4033 quibus
649 3932 702 3992 ne
725 3898 898 3993 Tuscae
933 3894 1115 4034 quidem
1150 3890 1294 3990 hostes
1328 3886 1532 3990 infensis

77 4109 108 4151 „
125 4034 226 4130 simi
261 4034 517 4137 Christianis
553 4035 734 4137 devictis
768 4033 921 4136 afferre
957 4037 1145 4134 soleant.
1194 4039 1359 4134 Turcas
1395 4033 1530 4150 enim,

82 4176 277 4295 „multis
324 4179 458 4279 etiam
499 4218 622 4319 saepe
674 4180 846 4311 jacturis
889 4216 932 4277 et
975 4179 1274 4293 incommodis
1317 4176 1531 4337 acceptis,

78 4320 307 4437 „victoria
343 4356 492 4421 tamen
527 4323 693 4461 potitos
729 4364 784 4422 eo
820 4358 1051 4423 contentos
1089 4361 1205 4439 esse,
1240 4357 1289 4419 ut
1324 4317 1496 4417 hostes
1485 4357 1532 4420 m

82 4503 249 4579 „suam
285 4464 508 4565 ditionem
542 4466 792 4606 redigant,
830 4504 999 4603 suoque
1036 4463 1225 4604 imperio
1265 4500 1453 4602 parere,
1490 4495 1532 4581 11
1662 4511 1664 4524 ·

76 4603 211 4723 „sibi
245 4608 476 4768 vectigales
512 4649 598 4709 esse
635 4644 827 4751 cogant,
848 4621 994 4710 Deum
1031 4643 1176 4708 autem
1195 4607 1421 4717 arbitratu
1455 4645 1534 4706 suo

77 4822 113 4870 ,,
129 4784 172 4846 11
210 4787 393 4888 prntma
427 4752 764 4896 Christianaque
800 4753 1114 4856 consuetudine
1150 4752 1382 4854 venerandi
1418 4788 1536 4846 sum

158 4892 270 4995 Tam
290 4906 346 4994 ΙΙ.
988 4909 1064 4997 Sss
1385 4927 1538 5012 „mam
