3998 5850
474 365 561 480 456
871 380 956 462 nn
1002 378 1212 465 nouus,
1250 376 1471 460 cussis

433 539 598 642 chione
632 534 955 642 ‘contradicente
990 529 1131 636 fuerat
1168 534 1374 656 decreta,
1408 532 1468 635 sic
1503 529 1780 678 negligenter
1817 534 1896 636 acl-

436 683 784 787 ministrabatur

506 840 647 931 XXII.
723 837 803 937 Per
841 825 886 926 id
923 861 1094 967 tempus
1130 865 1184 924 ex
1218 820 1451 924 Germania
1485 821 1567 924 tria
1604 832 1696 953 ejus
1754 823 1888 966 gentis

435 952 670 1074 hominum
706 971 844 1070 millia
878 1009 981 1070 cum
1017 969 1156 1070 electo
1198 962 1464 1108 praefecto
1452 1006 1500 1067 ιιι
1537 968 1892 1109 supplementum
1939 969 1944 976 ’

432 1114 661 1217 imminuti
705 1113 913 1213 exercitus
963 1112 1184 1214 aCarolo
1236 1149 1411 1213 missa·
1403 1177 1416 1218 ‚
1450 1151 1503 1210 ex
1539 1112 1737 1250 Neapoli
1788 1150 1891 1213 vero

436 1260 741 1400 Hispanorum
776 1260 896 1377 duo,
916 1299 969 1358 ex
1004 1255 1182 1357 Corsica
1248 1255 1348 1355 aulo
1384 1291 1486 1354 ante
1523 1255 1704 1355 devecta
1720 1294 1892 1396 ,quam

436 1439 620 1537 manum
655 1401 867 1503 Canariae
909 1400 1071 1502 insulae
1108 1294 1348 1539 praelietus
1383 1396 1621 1516 ducebat,
1659 1399 1709 1497 in
1761 1435 1894 1500 castra

437 1580 755 1687 pervenerunt
806 1544 873 1645 Sic
910 1581 1039 1644 aucto
1077 1542 1315 1661 exercitu,
1353 1577 1471 1680 parte
1522 1544 1577 1641 ad
1614 1541 1894 1644 obsidionem

435 1689 583 1788 relicta
617 1722 920 1827 ,aegrotante
957 1682 1264 1803 Marcbione‚
1302 1683 1483 1786 Carolus
1527 1697 1744 1826 Gonzaga
1794 1724 1894 1784 cum

439 1830 619 1968 reliquis
654 1832 711 1929 ad
747 1829 1001 1968 occupanda
1036 1828 1259 1927 maritima
1289 1828 1479 1929 Senensis
1514 1827 1692 1929 ditionis
1730 1828 1893 1928 castella

439 1971 758 2113 proficiscitur,
788 1972 945 2112 quibus
978 1971 1160 2070 castellis
1196 1964 1287 2069 fere
1323 1968 1531 2072 omnibus
1568 1972 1638 2071 vel
1673 2008 1792 2110 expu

298 2152 302 2157 ·
440 2115 527 2236 tis,
564 2116 633 2215 vel
669 2116 724 2215 ad
761 2115 1034 2216 deditionem
1069 2113 1410 2253 compulsis,
1399 2152 1447 2214 ιιι
1494 2151 1632 2214 castra
1668 2011 1889 2214 Marcili

442 2258 509 2358 nis
546 2259 684 2358 redit.
738 2258 883 2358 Nec
871 2257 1049 2359 interim
1084 2258 1254 2375 nostri,
1292 2258 1373 2356 virs
1424 2255 1628 2358 omnibus
1684 2254 1890 2372 obsessis,

402 2445 407 2454 ·
442 2399 663 2500 cessabant
696 2438 851 2542 agrum
885 2413 1115 2500 Senensem
1164 2436 1314 2499 noctes
1350 2436 1395 2500 et
1430 2401 1520 2499 dies
1574 2398 1888 2500 incursionibus

445 2539 670 2644 infestare.
721 2488 905 2665 Quibus
941 2540 1067 2643 rebus
1116 2536 1242 2642 fracti
1289 2556 1541 2663 Senenses,
1580 2581 1624 2643 et
1673 2536 1888 2642 {iumento

442 2684 702 2825 reliquoque
745 2707 995 2786 commeatu
1030 2683 1301 2805 deficiente,
1337 2684 1461 2785 rebus
1497 2684 1692 2826 denique
1743 2687 1888 2823 despe-

445 2827 593 2947 ratis,
630 2829 889 2928 Florentiam
937 2830 994 2927 ad
1046 2840 1261 2928 Cosmum
1296 2841 1469 2931 Ducem
1524 2864 1568 2927 et
1632 2828 1891 2928 Franciscum

444 2906 656 3070 Toletitm
710 2972 872 3111 legatos
908 2971 963 3069 de
998 2968 1221 3070 deditione
1255 3004 1298 3073 et
1344 3008 1450 3111 pace
1505 2970 1754 3090 miserunt,
1790 3006 1890 3109 quae

448 3149 538 3207 non
576 3111 739 3252 iniquis
791 3109 1121 3213 conditionibus
1173 3114 1233 3212 eis
1262 3113 1371 3214 data
1423 3150 1525 3237 est
1519 3182 1531 3222 ,
1571 3113 1726 3252 itaque
1761 3123 1890 3244 ejecto

449 3252 618 3353 Gallico
672 3253 939 3393 praesidio,
985 3268 1183 3357 Senenses
1229 3256 1547 3357 Caesarianum
1597 3256 1892 3394 Hispanorum

425 3403 861 3537 Germanorumque
911 3396 1017 3497 urbe
1067 3433 1321 3537 receperunt
1377 3438 1523 3499 mense
1577 3399 1721 3538 Aprili
1788 3435 1895 3499 anno

162 3588 256 3659 ΔΜ
283 3604 364 3658 ,η
371 3604 428 3655 ,v
450 3536 618 3639 Christi
654 3540 888 3641 millesimo
924 3539 1289 3703 quingentesimo
1311 3541 1684 3701 quinquagesimo
1723 3542 1897 3682 quinto.

452 3693 681 3784 XXIII.
752 3681 919 3782 Ceteris
955 3721 1088 3782 veto
1083 3683 1236 3822 copiis
1277 3683 1323 3783 in
1360 3722 1482 3786 oram
1518 3683 1790 3784 maritimam
1832 3684 1900 3783 in·

450 3824 628 3945 ductis,
653 3825 870 3927 castellum
901 3862 1206 3965 expugnatum
1241 3862 1303 3926 est
1338 3829 1488 3967 portui
1524 3826 1759 3988 Herculis,
1792 3827 1900 3929 unde

451 4006 616 4072 nornen
652 3968 867 4109 accepit,
915 3966 1223 4105 impositum,
1260 3971 1382 4111 quod
1418 3970 1533 4071 Galli
1587 3968 1762 4111 magnis
1799 3970 1902 4069 intra

453 4147 660 4251 extraque
694 4106 901 4251 operibus
935 4109 1087 4210 addito
1125 4108 1258 4211 firmo
1293 4111 1508 4253 praes-idio
1545 4114 1828 4230 munierant,
1858 4145 1901 4210 et

452 4253 663 4396 Hispanis
699 4253 1036 4355 custodiendum
1066 4253 1249 4353 datum.
1295 4251 1471 4374 Quibus
1508 4253 1670 4355 dirutas
1697 4252 1904 4355 munitio-

455 4434 528 4495 nes
564 4395 729 4496 reficere
733 4392 1112 4560 incipientibus,
1147 4395 1333 4497 Turcica
1369 4436 1548 4498 centum
1583 4398 1773 4538 amplius
1803 4397 1907 4495 lon

455 4574 610 4677 garum
646 4538 825 4642 navium
863 4539 1002 4640 classis
1038 4580 1123 4640 sese
1159 4541 1394 4660 ostendit,
1428 4581 1542 4682 quae
1579 4580 1604 4640 a
1638 4551 1768 4682 Rege
1804 4537 1910 4640 Gal-

454 4678 601 4781 lorum
635 4721 719 4825 pro
755 4683 950 4789 amicitia
986 4716 1029 4785 et
1065 4680 1269 4801 societate
1320 4684 1369 4789 in
1421 4686 1589 4803 malum
1623 4681 1911 4801 Caesariano-

1816 4860 1912 4925 tum
