4102 5864
536 466 617 552 400
921 450 1003 530 ms
1038 447 1239 528 nanus
1280 447 1505 529 onst-rs

492 609 763 733 contendit,
797 647 847 711 ut
883 608 980 750 ipso
1017 609 1194 709 volente
1231 644 1274 706 et
1308 616 1482 739 juvante
1519 596 1603 708 sibi
1653 604 1799 707 liceret
1853 617 1962 710 cum

493 757 791 899 Imperatoriis
828 751 1132 855 Delectoribus
1168 788 1340 892 agere,
1387 786 1435 850 ut
1470 787 1567 890 post
1617 753 1815 878 ejusdem
1864 745 1959 857 fta-.

491 903 567 1001 tris
619 898 793 998 obitum
829 895 1054 1037 Philippus
1108 891 1218 993 filius
1269 896 1448 1034 Imperii
1484 895 1677 996 Romani
1735 933 1952 994 successor

490 1044 586 1184 Iege
623 1044 980 1143 constitueretur.
1017 1049 1112 1138 Rex
1150 1072 1296 1136 autem
1333 1113 1347 1156 ,
1385 1075 1434 1136 ut
1471 1035 1669 1176 precibus
1720 1031 1950 1155 fraternis,

394 1187 397 1191 ⁴
489 1226 599 1326 quas
652 1224 808 1324 parum
860 1181 1087 1322 .equitatis
1139 1177 1298 1277 habere
1351 1178 1572 1308 judicabat
1604 1257 1621 1298 ,
1663 1181 1949 1280 verecundius

344 1349 348 1358 '
417 1442 420 1449 .
490 1329 739 1447 resisteret,
777 1328 832 1425 ad
862 1201 1225 1592 bppimilianum
1262 1321 1437 1440 filium,
1463 1331 1584 1451 cujus
1620 1323 1825 1421 animum
1860 1323 1949 1463 ipse

491 1469 711 1570 offendere
749 1510 827 1569 nec
864 1509 917 1568 ve
950 1503 1026 1582 et,
1063 1505 1143 1564 nec
1180 1463 1396 1583 deberet,
1432 1465 1570 1599 magis
1606 1465 1766 1581 etiam,
1814 1505 1946 1603 quam

495 1616 552 1712 ad
589 1653 632 1711 se
669 1615 881 1754 pertincte
918 1607 1142 1747 respondit
1175 1644 1319 1710 scum
1355 1603 1441 1704 hoc
1477 1607 1609 1745 igitur
1645 1609 1782 1746 magis
1817 1648 1946 1747 agen-

491 1757 604 1853 dum
641 1796 760 1874 esse,
800 1795 878 1853 nec
916 1754 969 1849 de
1021 1785 1143 1847 tanto
1181 1750 1362 1889 negorio
1400 1749 1642 1887 quidquam
1694 1755 1801 1849 cum
1836 1751 1941 1850 illius

490 1895 687 2030 injuria,
723 1898 790 1998 vel
828 1894 964 1995 animi
999 1889 1238 1991 offensione
1275 1925 1453 1991 statuere
1489 1928 1713 2030 oportere.
1798 1955 1803 1965 ν

566 2050 836 2140 LXXXVII.
913 2046 1016 2133 Hoc
1053 2073 1156 2132 cum
1200 2033 1470 2173 placuisset,
1517 2034 1847 2134 Maximilianus
1891 2072 1938 2137 er

490 2183 744 2321 Hispania,
781 2219 946 2321 quam,
985 2213 1035 2275 ut
1070 2214 1196 2316 supra
1233 2176 1459 2294 diximus,
1492 2216 1595 2276 cum
1630 2216 1764 2276 uxore
1802 2179 1934 2277 Maria

489 2325 781 2461 procurabat,
820 2355 1020 2421 evocatur
1038 2398 1057 2416 ..
1086 2319 1166 2419 Sed
1203 2317 1238 2417 is
1273 2358 1376 2419 cum
1411 2319 1459 2417 in
1495 2321 1692 2460 Belgium
1728 2321 1933 2439 venisset,

490 2466 618 2562 nullis
655 2505 735 2563 nec
761 2463 920 2563 'Caroli
955 2540 967 2576 ,
997 2501 1078 2559 nec
1113 2461 1282 2559 Mariae
1317 2461 1472 2560 sororis
1509 2470 1597 2590 ejus
1634 2462 1836 2601 precibus
1870 2504 1932 2561 ex·

488 2609 607 2705 orari
642 2607 820 2746 potuit3
859 2605 937 2745 qui
971 2607 1079 2703 dum
1116 2644 1159 2702 sc
1194 2603 1412 2702 excusaret
1439 2680 1453 2722 ,
1485 2637 1527 2701 et
1562 2644 1704 2704 causas
1742 2601 1925 2723 inferret,

486 2787 564 2848 cur
616 2751 830 2888 postulata
864 2748 1015 2846 Caroli
1063 2744 1240 2846 honeste
1281 2740 1421 2845 facere
1474 2785 1566 2845 non
1602 2783 1790 2887 posset,
1828 2747 1926 2847 hanc

485 2887 639 2990 habuit
678 2892 888 2991 orationis
940 2927 1158 2990 summam
1195 2929 1205 2987 t
1241 2902 1453 3027 „Cupere
1489 2889 1671 3028 quidem
1723 2932 1812 2992 sese
1847 2901 1927 2989 Ca-

485 3033 617 3152 „roii
650 3034 841 3132 Caesaris
878 3068 921 3131 et
958 3032 1145 3171 patrui,
1193 3066 1235 3128 et
1271 3032 1406 3131 soceri
1442 3033 1659 3131 voluntati
1712 3035 1762 3133 in
1815 3030 1928 3132 rebus

484 3248 517 3295 „
534 3174 769 3292 omnibus,
805 3176 929 3315 quod
964 3174 1078 3272 salva
1114 3172 1200 3271 fide
1236 3212 1285 3272 ac
1321 3174 1535 3313 dignitate
1572 3171 1711 3273 facere
1774 3176 1929 3314 possit,

487 3392 520 3436 „
539 3354 708 3416 morem
743 3356 925 3458 gereres
961 3352 1154 3416 ceterum
1191 3316 1343 3416 Caroli
1380 3317 1649 3453 postulatum
1686 3316 1932 3446 hujusmodi

488 3499 622 3578 „esse
643 3512 670 3579 ,·
694 3494 743 3559 ut
777 3500 869 3561 non
905 3460 1042 3558 modo
1077 3459 1133 3556 ad
1169 3497 1290 3557 suam
1307 3535 1322 3577 ,
1361 3460 1435 3556 sed
1471 3458 1606 3557 ctiam
1640 3461 1697 3557 ad
1731 3461 1936 3558 omnium

488 3600 785 3740 „Principum
839 3614 1161 3702 Germanorum
1211 3601 1525 3701 contumeliam
1576 3602 1809 3741 pertineret
1845 3679 1860 3720 ‚
1894 3637 1941 3701 ut

488 3819 521 3862 „
540 3743 599 3840 eis
635 3742 840 3846 omnibus
876 3744 1104 3843 contemtis
1142 3820 1157 3861 ‚
1193 3779 1389 3844 externus
1444 3782 1559 3843 nova
1611 3745 1780 3845 ratione
1819 3782 1943 3883 prae-

488 3919 600 4004 „ter
636 3886 750 4026 leges
779 3926 1036 4037 moremque
1061 3894 1283 4013 majorum
1308 3885 1459 4006 ,nulla
1494 3884 1756 4024 reipublicae
1793 3926 1945 3986 neces·

488 4103 520 4147 „
538 4028 660 4127 sitate
697 4028 939 4167 postulante
962 4056 977 4144 ,'
1004 4022 1264 4167 praeferatur
1285 4106 1298 4146 ,
1320 4067 1455 4166 quam
1489 4067 1583 4126 rem
1619 4027 1673 4126 ab
1709 4027 1818 4167 ipsis
1855 4042 1947 4129 De-

488 4168 772 4289 „lectoribus
807 4247 821 4288 ,
857 4208 1051 4308 quorum
1088 4171 1300 4268 statuendi
1334 4179 1400 4299 jus
1438 4205 1540 4269 esset
1576 4247 1591 4288 ,
1627 4171 1756 4270 nullis
1803 4173 1952 4310 preci-

492 4308 618 4430 „bus
676 4312 899 4451 impetrari
954 4350 1078 4451 posse
1114 4349 1195 4451 pto
1246 4345 1363 4410 cetto
1412 4310 1588 4413 haberet
1638 4353 1688 4453 ac
1742 4315 1952 4452 explora·-

488 4472 520 4570 „
538 4486 607 4611 ro.
627 4471 657 4513 “
693 4457 820 4555 Talia
854 4454 986 4596 igitur
1021 4454 1346 4555 Maximilianus
1371 4458 1603 4593 respondit
1629 4455 1654 4578 ,I
1678 4489 1720 4555 et
1757 4457 1808 4557 in
1850 4499 1954 4558 sen-

491 4628 624 4695 tentia
660 4598 923 4732 permansit.

454 4784 457 4787 ¹
563 4744 849 4841 LXXXVIII.
925 4750 1048 4838 Haec
1093 4742 1261 4883 repulsa
1297 4738 1504 4880 Hispanis
1550 4738 1668 4842 haud
1715 4783 1957 4888 quaquam

1882 4929 1954 4989 inf
