4034 5858
496 392 737 476 cauom
771 389 832 471 V.
882 391 998 471 LIB.
1031 391 1174 472 XXX·
1436 398 1520 493 335

98 553 248 667 miliae
294 564 476 696 proptor
511 552 752 684 jucundam
787 547 1155 648 consuetudinem
1188 580 1231 647 et
1264 542 1570 655 facttumser-

103 740 290 810 monem
326 731 528 835 acceptus
566 732 579 803 3
615 694 688 794 sed
725 731 829 794 cum
866 692 943 792 diu
980 731 1061 832 pro
1098 730 1172 793 sua
1223 684 1378 794 fricata
1423 689 1571 800 frome

105 885 265 951 munus
304 840 488 981 aliquod
524 881 550 940 a
584 838 750 939 Carolo
788 835 1115 958 contendisset,
1155 873 1200 937 ct
1234 878 1290 939 nc
1320 838 1574 944 Alexandro

106 990 293 1132 quidem
330 985 611 1085 intercessore
649 981 895 1122 quidquam
922 976 1219 1124 profecisset,
1256 983 1467 1122 repulsam
1494 987 1576 1088 in-

110 1134 222 1273 iquo
259 1129 410 1230 animo
447 1166 543 1229 non
579 1124 764 1226 obscure
799 1120 995 1245 ferebat,
1016 1166 1097 1225 nec
1132 1125 1282 1226 Caroli
1318 1127 1575 1267 parcitatem

117 1273 314 1377 cavillari
350 1269 610 1373 desistebat.
656 1281 707 1370 In
743 1266 925 1410 epistola
963 1269 1148 1409 quidem
1183 1281 1378 1369 Romam
1415 1275 1469 1373 ad
1503 1314 1576 1374 so-

110 1417 226 1519 dales
263 1414 390 1515 missa
413 1491 428 1533 ,
455 1412 542 1514 hoc
579 1412 625 1513 in
661 1410 775 1513 illius
811 1414 1002 1513 maxima
1038 1412 1168 1513 laude
1203 1411 1423 1552 ponebat,
1450 1417 1576 1555 quod

109 1596 215 1661 esset
250 1559 451 1698 Princeps
488 1552 807 1699 frugalissimus.
831 1598 855 1658 ε·
896 1591 939 1656 et
975 1557 1031 1656 ad
1080 1555 1244 1655 amicos
1281 1556 1328 1655 in
1378 1557 1576 1663 circulist

109 1716 334 1839 tErgone,
375 1700 530 1839 inquit
565 1750 582 1819 ,
622 1704 786 1801 'Carolus
816 1706 950 1801 saesar
993 1706 1158 1800 animam
1193 1700 1368 1800 inducere
1402 1743 1577 1836 umquam

104 1853 231 1984 potuit
257 1921 273 1963 ,
298 1872 357 1944 >ut
388 1849 453 1944 orl
483 1848 653 1944 claudam
688 1848 826 1942 melam
857 1849 952 1943 mibi
989 1867 1081 1941 arno
1117 1846 1252 1939 daret?
1312 1843 1397 1941 His
1434 1857 1577 1946 Caro-

109 1989 175 2088 lus
212 1986 267 2086 ad
303 2027 346 2086 se
381 1985 590 2125 perlatis:
631 1995 765 2120 Lange
804 2059 819 2103 ,
855 1982 1034 2123 inquit,
1072 2024 1139 2082 sua
1175 1989 1340 2117 opinione
1362 1985 1578 2114 fallebatur

101 2137 248 2264 Jooius
271 2135 336 2249 ,si
360 2136 400 2226 in
435 2169 508 2249 eo,
540 2131 641 2264 qaod
669 2132 863 2228 historiam
889 2132 1050 2244 scribit,
1075 2133 1168 2226 satis
1201 2132 1445 2228 inuitamenti
1480 2133 1578 2266 apud

111 2311 171 2373 me
199 2275 308 2406 sore<
332 2276 494 2405 patabat
532 2274 660 2371 adea
692 2274 923 2391 tribuenda,
961 2309 1054 2408 qaae
1085 2278 1165 2404 ipse
1201 2274 1334 2371 tibia
1371 2311 1429 2371 me
1478 2276 1580 2374 leoi-

114 2445 174 2516 ter
207 2419 475 2547 pollicebatur:
505 2453 587 2513 cam
613 2416 657 2511 ob
694 2416 737 2512 ib
765 2423 924 2548 ipsam,
960 2414 1060 2548 quod
1087 2419 1280 2512 historiam
1313 2418 1477 2532 scribit,
1515 2455 1583 2516 sa-

115 2564 168 2656 tis
197 2561 329 2656 babeat
370 2595 533 2674 causae,
564 2596 631 2655 car
661 2594 684 2654 a
722 2594 799 2653 me.
820 2557 916 2654 nibil
955 2562 1117 2655 muneris
1148 2584 1370 2686 exspectare
1415 2559 1581 2658 debeat.

117 2708 221 2815 Qua
257 2735 367 2799 voce
396 2770 413 2821 ,
439 2737 553 2838 quae
588 2695 784 2796 celeriter
819 2696 1098 2835 percrebuit,
1133 2695 1386 2796 confirmare
1420 2697 1586 2797 cunctis

123 2839 241 2941 visus
278 2875 376 2964 est,
412 2877 506 2938 nou
540 2878 584 2938 se
619 2839 989 2958 commissurum,
1024 2872 1076 2937 ut
1110 2876 1256 2938 rerum
1293 2879 1319 2937 a
1355 2878 1398 2938 se
1444 2878 1589 2981 gesta-

117 3019 218 3083 tum
266 2981 520 3120 scriptorem
570 2979 825 3084 muneribus
871 2981 1117 3121 corrupisse
1168 2980 1434 3089 videretut3
1483 3021 1585 3083 nam

123 3124 249 3264 quod
302 3158 526 3263 postremo
574 3123 905 3264 pensiunculam
958 3124 1197 3264 quamdam
1242 3124 1386 3261 Jovio
1440 3124 1586 3229 eidem

122 3264 357 3386 attribuit,
396 3266 444 3368 id
481 3266 544 3368 ita
578 3264 717 3386 fecit,
754 3303 804 3367 ut
838 3259 963 3366 facile
999 3300 1224 3404 appareret
1267 3267 1412 3405 ipsum
1456 3266 1585 3369 labo·
1638 3316 1642 3327 ‘

123 3408 256 3508 rantis
292 3409 443 3550 generi
497 3409 698 3549 precibus
733 3410 886 3511 cedere
925 3486 943 3530 ,
976 3406 1087 3510 nibil
1138 3409 1293 3510 merita
1327 3409 1456 3546 Jovii
1508 3448 1584 3515 aut

126 3589 416 3689 exspectatam
451 3554 639 3694 gratiam
676 3591 888 3695 spectare.
1278 3638 1280 3643 .

195 3703 410 3821 XXXIV.
487 3697 623 3815 Quod
661 3697 813 3797 Caroli
849 3730 1130 3837 praeceptum
1185 3730 1231 3796 et
1264 3692 1493 3796 consilium
1527 3699 1584 3800 ad

122 3835 411 3936 leviculomm
446 3838 710 3977 scriptorum
750 3841 981 3939 avaritiam
1017 3836 1315 3938 cohibendam
1339 3839 1581 3978 pertinens,

123 3977 185 4076 sic
214 3979 517 4118 accipiendum
554 4016 597 4080 ct
631 3978 911 4120 probandum
948 4022 1032 4081 esse
1053 3982 1285 4100 uidetur,
1331 3982 1582 4083 dummodo

124 4115 352 4218 historiam
401 4121 617 4223 scribendi
652 4163 811 4223 munus
843 4202 859 4244 ,
886 4126 1052 4264 quod,
1092 4126 1129 4225 si
1166 4161 1283 4225 recte
1318 4161 1362 4222 ct
1398 4122 1584 4227 fideliter

125 4261 339 4379 obeatur,
376 4261 729 4366 honestissimum
746 4292 856 4387 est,
893 4301 936 4366 et
971 4269 1126 4368 multas
1177 4267 1310 4370 habet
1345 4267 1584 4406 rempubli-

125 4426 221 4501 cam
259 4403 524 4545 attingentcs
559 4409 930 4526 commoditates,
950 4448 1120 4550 estque
1155 4413 1210 4509 ad
1247 4410 1584 4547 exemplorum,

127 4544 288 4681 quibus
319 4547 597 4685 potissimum
620 4549 824 4650 homines
850 4552 906 4649 ad
938 4552 1242 4651 aemulandam
1267 4555 1474 4652 virtutem
1507 4595 1582 4653 ex·
1681 4625 1683 4627 -

126 4686 347 4807 citantur,
385 4727 430 4791 ct
467 4692 667 4794 virorum
702 4691 813 4794 bene
849 4696 904 4794 de
955 4690 1176 4832 republica
1210 4696 1465 4798 meritorum
1514 4691 1583 4792 fa-

1298 4881 1299 4885 *
1465 4873 1587 4936 mam
