3998 5850
464 397 708 494 CAROLI
748 410 803 491 V
845 413 961 492 LIB
993 415 1167 494 XXIX.
1430 424 1504 511 501

99 557 315 671 salutandi
344 558 483 708 gratia
522 601 690 705 magno
728 557 952 664 nobilium
982 559 1195 664 comitatu
1225 566 1286 666 ad
1324 605 1421 670 eam
1454 612 1556 713 per·

95 711 327 829 venisset,
366 742 483 808 tanta
519 704 823 809 benevolentia
853 742 895 807 et
933 704 1204 808 humanitate
1244 747 1420 851 excepta
1462 753 1557 839 est,

94 852 222 1015 quasi
264 887 387 950 soror
419 885 558 967 esset,
591 884 666 949 aut
704 851 837 949 altera
870 850 1075 990 Reginus
1104 851 1284 991 vulgo
1290 888 1435 955 tamen
1470 860 1556 960 Ηι

99 994 222 1136 spani
275 1029 426 1133 parum
462 991 651 1093 humane
703 1030 946 1153 parumque
983 991 1269 1153 hospitaliter
1282 1035 1307 1092 a
1344 998 1558 1104 Britannis

100 1133 464 1252 tractabantur,
452 1169 514 1235 ιιι
553 1168 703 1233 utres
742 1135 992 1233 necessarias
1023 1135 1156 1288 longe
1188 1135 1321 1277 carius
1359 1173 1557 1244 commu-

96 1278 144 1377 ni
176 1276 318 1419 pretio
355 1314 499 1376 emere
499 1310 819 1437 cogerentur.
859 1287 1068 1378 Ceterum
1105 1313 1287 1377 manum
1325 1282 1555 1387 militarem

95 1419 143 1520 in
163 1419 383 1582 Belgium
420 1416 558 1548 trajici
609 1417 815 1557 Philippo
852 1418 1045 1557 placuit,
1081 1453 1125 1517 et
1160 1421 1215 1518 ad
1250 1422 1401 1523 Caroli
1443 1434 1553 1527 Cae·

96 1561 196 1663 saris
236 1596 371 1688 castra
410 1560 618 1745 perducta
659 1594 769 1659 est·
760 1625 772 1669 ‚
829 1593 956 1661 naves
1010 1560 1059 1662 in
1096 1560 1355 1739 Hispaniam
1415 1566 1553 1746 redire

93 1713 256 1835 jussae
360 1739 364 1746 ·

163 1842 360 1949 XXXV.
399 1837 604 1949 Paucis
619 1842 819 1949 diebus
807 1885 934 1978 mter]
923 1845 1039 1946 ectis
1052 1922 1068 1965 ,
1091 1780 1317 1986 Philippus
1357 1859 1553 1952 Ducatus

91 1978 435 2089 Mediolanensis
476 1991 802 2129 possessionem
838 1890 1064 2087 volbntate
1101 1985 1250 2085 Caroli
1290 1990 1424 2126 patris
1474 2033 1548 2091 ca-

91 2168 194 2269 pere
234 2129 494 2237 constituit3
483 2170 788 2270 ‚quamquam
826 2132 944 2229 enim
978 2140 1068 2258 jam
1104 2129 1274 2267 pridem
1308 2139 1412 2230 Dux
1443 2141 1547 2232 Me-

92 2271 352 2371 diolanensis
383 2269 438 2371 ab
472 2274 631 2374 eodem
665 2273 914 2433 Carolo,
900 2311 992 2401 Jure
1030 2268 1190 2371 scilicet
1225 2274 1545 2411 Imperatorio,

91 2406 231 2512 fuerat
272 2413 557 2534 constitutus,
578 2415 709 2514 misso
750 2415 798 2513 in
836 2410 1116 2552 Hispaniam
1132 2454 1182 2511 ex
1209 2414 1366 2567 Belgio
1404 2415 1547 2555 diplo-

91 2589 241 2674 mate,
274 2588 513 2656 testamen
552 2558 720 2656 occulte
763 2590 932 2696 peracta
966 2590 1088 2672 erat,
1108 2586 1204 2653 tum
1243 2589 1292 2654 ut
1330 2557 1448 2656 locus
1483 2599 1546 2657 es··

51 2763 56 2769 -
92 2731 156 2797 set
190 2697 312 2796 novis
348 2697 535 2797 consiliis
575 2698 749 2837 ‚siqua
791 2695 900 2795 honi
940 2695 1105 2836 publici
1140 2695 1250 2793 ratio
1289 2698 1544 2802 sententiam

89 2871 257 2939 mutare
290 2835 618 2956 cohortaretur,
657 2873 840 2937 tumne
874 2848 1147 2935 Venetorum
1188 2836 1545 2978 reliquorumque

89 2979 336 3080 Italicorum
365 2981 530 3080 animos
563 2914 801 3079 οιιειιιιοιοι
815 2978 931 3116 ,qui
965 3015 1089 3116 saepe
1122 3018 1148 3076 a
1185 2981 1345 3078 Carolo
1375 2982 1542 3083 cunctis

88 3117 285 3260 precibus
321 3159 397 3262 per
434 3121 670 3261 legationes
705 3120 994 3282 petiverant,
1025 3158 1213 3260 nequem
1252 3132 1422 3262 Regem
1465 3161 1541 3224 aut
1632 3216 1634 3221 ,

86 3263 221 3403 Regis
268 3301 551 3363 successorem
599 3262 786 3364 Ducatui
814 3261 1134 3361 Mediolanensi
1175 3260 1459 3423 praeficeret,
1483 3303 1540 3366 ne

88 3403 144 3501 ad
181 3405 369 3545 Regiam
413 3406 655 3545 potentiam
688 3402 1023 3504 Mediolanensis
1062 3403 1328 3565 Principatus
1378 3401 1536 3542 opibus

86 3546 423 3705 accedentibus,
462 3544 617 3647 harum
624 3546 823 3707 locique
855 3546 1185 3686 opportunitate
1226 3583 1268 3643 et
1304 3546 1536 3646 occasione

86 3678 292 3787 invitatus
332 3689 567 3830 quisquam
621 3688 670 3787 in
707 3688 871 3789 vicinas
909 3689 1056 3788 ltaliae
1099 3687 1295 3787 civitates
1334 3688 1536 3792 animum

85 3823 362 3964 intenderet,
391 3866 434 3931 et
464 3829 686 3969 publicam
712 3869 864 3972 pacem
895 3831 1147 3931 solicitaret.
1193 3830 1273 3928 Sed
1307 3865 1408 3928 cum
1440 3837 1532 3958 jam

86 3941 269 4069 Carolus
319 3972 609 4073 invaletudine
657 4008 698 4073 et
749 3970 913 4073 morbis
968 3968 1252 4071 multifariam
1300 3970 1532 4131 impeditus

85 4150 304 4213 summam
340 4153 477 4215 rerum
511 4115 931 4218 administrationem
965 4111 1058 4214 filio
1085 4115 1252 4213 tradere
1289 4111 1530 4252 cogitaret,

84 4254 156 4353 cui
187 4256 382 4394 Neapoli
431 4258 654 4379 cesserat,
691 4257 792 4358 huic
827 4258 935 4397 quin
984 4254 1227 4356 Mediolani
1244 4291 1530 4414 possessrone

84 4398 284 4517 cederet,
321 4395 437 4498 haud
477 4399 659 4537 amplius
698 4401 780 4501 sibi
815 4398 1106 4498 cunctandum
1136 4395 1424 4493 existimavit.
1530 4431 1533 4436 ·

88 4549 351 4640 XXXVI
412 4550 547 4672 Cujus
581 4542 644 4641 rei
684 4580 807 4641 causa
842 4538 1066 4678 Philippus
1104 4537 1379 4636 Ludovicum
1417 4547 1532 4636 Cor-

83 4675 251 4862 dubam
294 4682 567 4788 Comarensis
603 4682 872 4787 Marchionis
904 4679 1044 4784 lilium
1077 4679 1339 4785 industrium
1376 4678 1529 4778 adole-=

112 4863 117 4869 i
1292 4918 1293 4921 ,
1403 4856 1523 4917 SCCss
