4110 5888
629 366 1135 449 SUMMARIUM·
1464 376 1594 454 XXIII.
1717 417 1719 421 ·

139 524 258 586 nunt.
301 491 407 585 Pauli
436 495 537 613 Jovii
570 493 669 585 laus.
911 524 999 602 nes,
1021 501 1169 583 Duram
1196 496 1446 617 opgugnandi
1472 503 1616 620 gratia,

186 621 255 704 VI.
300 618 489 733 Hispani,
518 648 616 734 quos
634 618 748 733 pisces
775 646 864 703 cum
912 616 1038 731 copias
1068 616 1230 704 inducit.
1646 731 1649 736 Δ

139 736 355 824 Columella
378 768 448 824 suo
468 736 659 822 Surdinus
695 763 862 844 vocant,
985 738 1052 820 XI.
1123 740 1237 822 Hanc
1271 737 1400 828 valido
1437 740 1620 854 praesidio

141 856 300 944 inlacu
327 861 479 943 Benaco
524 857 786 962 demirantur,
809 886 863 942 o·
913 855 1097 940 munitam
1129 856 1285 974 Hispani
1326 858 1480 976 ltalique
1527 861 1619 948 mili·

142 974 295 1092 leasque
338 1005 419 1062 non
457 974 602 1094 longe,
639 1002 679 1064 et
710 975 863 1062 limonia
911 1001 969 1061 tes
1009 980 1199 1093 Gonzaga
1258 978 1354 1064 duce
1399 1010 1622 1098 oppugnare

144 1121 289 1212 praeter
309 1094 466 1214 algentis
484 1095 644 1214 regionis
668 1121 854 1183 naturam.
913 1095 1206 1212 aggrediuntur.
1235 1100 1423 1203 Mutum,
1439 1128 1516 1214 qua
1540 1130 1619 1216 pat-

144 1213 234 1325 Ejus
271 1212 528 1329 phaenomeni
564 1243 713 1321 causa,
747 1238 863 1329 prout
913 1237 952 1299 te
1001 1238 1191 1300 tormenta
1247 1212 1351 1302 illum
1409 1217 1622 1328 diruerant,

145 1333 192 1417 ab
222 1333 385 1449 antiquis
421 1333 655 1450 philosophis
681 1333 862 1440 traditur,
912 1335 1165 1420 conscendere
1198 1333 1325 1421 conati
1361 1364 1503 1453 magno
1533 1367 1622 1426 cum
1745 1414 1748 1423 .

149 1450 362 1567 explicatum.
914 1451 1141 1539 detrimento
1175 1453 1424 1569 repelluntur.

207 1572 289 1657 Vll.
351 1573 489 1657 Caesar
514 1600 561 1658 ex
588 1572 747 1659 Piscaria
772 1602 858 1689 pro·
972 1574 1056 1658 XlI.
1115 1575 1224 1657 Dura
1266 1598 1376 1690 capta
1405 1633 1418 1678 ,
1451 1572 1621 1691 direpta,

148 1683 293 1798 lectus,
325 1691 482 1776 Venetis
512 1690 641 1807 legatis
668 1693 857 1778 deducen·
914 1714 1003 1776 eta
1034 1690 1234 1776 Germanis
1278 1692 1452 1779 militibus
1499 1692 1624 1780 incen-

147 1807 282 1916 ttbus,
317 1809 490 1897 Athesim
530 1809 691 1897 fluvium
730 1810 862 1923 trajicit
915 1802 974 1894 sa'.
1020 1810 1190 1897 Caesaris
1218 1807 1348 1928 religio
1387 1836 1428 1898 et
1455 1804 1613 1902 humani

148 1952 267 2133 duobis}
281 1925 864 2164 ,eduliaeiiiffliuics‘qitfeecti’c’lii-
914 1951 1078 2134 tasRIII.
1154 2050 1303 2135 Rumor
1349 2047 1399 2134 de
1434 2047 1626 2165 Hispano,-

148 2191 326 2252 netorum
355 2164 560 2284 insignibus
589 2194 749 2253 ornato.
917 2195 1003 2254 turn
1042 2162 1180 2253 ferocia
1213 2167 1468 2282 perhorrenda
1507 2164 1627 2278 facie,
1708 2206 1710 2209 ·

205 2288 309 2371 Vlll.
368 2285 596 2371 Tridentum
630 2286 734 2372 venit
773 2313 861 2372 cum
918 2310 959 2371 et
1001 2285 1175 2371 inusitata
1209 2286 1412 2404 agilitate,
1443 2287 1629 2373 dentium·

149 2403 379 2490 Praesulibus
390 2402 703 2518 Compostellano
718 2466 731 2511 ,
744 2404 862 2491 Gien·
915 2432 993 2520 que
1044 2404 1093 2489 ad
1150 2404 1416 2492 devorandum
1462 2432 1630 2494 exserto-

153 2523 254 2608 nensi
298 2546 337 2608 et
375 2521 576 2627 Oscensi;
621 2524 688 2609 sed
718 2524 863 2609 Conci·
917 2550 1001 2608 rum
1034 2521 1188 2607 immani
1216 2523 1451 2642 longitudine
1481 2525 1628 2642 dissipa·

150 2640 239 2728 lium
265 2671 346 2728 non
366 2671 624 2758 processurum
639 2642 862 2761 intelligens,
917 2665 978 2727 tus
1017 2642 1117 2728 adeo
1163 2664 1303 2727 ceteras
1349 2641 1515 2729 civitates
1545 2673 1627 2759 per-

147 2761 326 2877 superatis
374 2759 525 2847 summis
554 2759 711 2876 Alpibus
749 2821 764 2868 ,
796 2791 864 2876 per
917 2759 1014 2846 cellit
1048 2821 1061 2866 ,
1093 2784 1137 2846 ut
1173 2766 1343 2846 Ducatus
1389 2760 1629 2873 Juliacensis,

151 2880 443 2997 Oenspruchum
473 2878 617 2995 Spiram
644 2879 775 2986 venit,
797 2881 862 2967 ubi
917 2903 956 2963 et
986 2880 1091 2964 bona
1121 2908 1205 2993 pars
1229 2880 1471 2984 Geldtenst's,
1487 2904 1527 2965 et
1542 2881 1627 2967 Cle-

154 2999 231 3086 dies
251 2999 410 3117 aliquot
452 3023 736 3103 commoratur,
768 3000 862 3085 dum
917 2998 1039 3085 vensis
1074 3027 1113 3083 se
1153 2998 1193 3082 in
1229 2996 1357 3082 Caroli
1401 3022 1627 3113 potestatem

154 3117 284 3204 milites
322 3117 556 3206 conveniunt
602 3118 652 3204 ad
697 3116 862 3226 bellum,
917 3144 984 3232 per
1014 3116 1159 3233 legatos
1188 3116 1436 3230 permiserint.

154 3237 261 3352 quod
301 3239 341 3324 in
387 3236 633 3325 Guilielmum
684 3236 863 3323 Geldriae
976 3235 1083 3319 XIV.
1144 3234 1210 3319 Ad
1232 3240 1377 3320 Duram
1409 3234 1529 3322 biduo
1544 3268 1627 3324 mo

156 3357 299 3443 Ducem
323 3419 337 3466 ,
360 3381 402 3445 et
440 3355 674 3443 franciscum
714 3360 863 3473 Regem
917 3375 1020 3439 tatus
1059 3351 1220 3439 Carolus
1260 3353 1446 3467 Juliacum
1507 3355 1628 3443 diver·

155 3475 324 3562 molitur.
916 3470 998 3578 tit,
1031 3497 1071 3558 et
1102 3473 1389 3558 Ruremondam
1421 3473 1545 3587 copias
1565 3475 1628 3561 ad-

209 3599 279 3679 lX.
339 3592 545 3682 Guilielmo
582 3592 679 3711 Regi
724 3590 863 3680 Gallo-
917 3587 1059 3697 hibet,
1091 3620 1191 3706 quae
1222 3590 1349 3677 civitas
1395 3590 1490 3676 datis
1529 3620 1628 3678 acce·
1716 3664 1717 3667 κ

156 3740 236 3799 rum
266 3715 443 3801 studente
466 3737 507 3799 et
532 3736 746 3817 annuente,
762 3714 865 3797 Mar·
906 3709 1064 3824 'ptisque
1094 3738 1142 3793 ex
1171 3708 1248 3823 ejus
1269 3709 1467 3796 voluntate
1497 3711 1628 3798 condi·

159 3833 250 3919 tinus
286 3833 499 3918 Rossemius
527 3860 633 3917 anno
675 3830 864 3945 superiore
916 3825 1081 3913 tionibus
1115 3855 1192 3913 sese
1221 3828 1260 3913 in
1293 3827 1459 3940 ejusdem
1491 3834 1621 3916 Caesa·

157 3952 394 4040 Bravantiam
442 3950 648 4037 invaserat.
698 3958 863 4035 Antuer-
916 3943 963 4031 ris
987 3969 1213 4061 potestatem
1240 3946 1438 4062 permittit.
1604 3966 1607 3971 ’

157 4071 215 4184 pia
260 4096 300 4157 et
344 4069 558 4161 Louanium
596 4092 689 4166 tunc
728 4063 864 4156 frustm
991 4068 1081 4151 XV.
1167 4065 1432 4183 Vagnelonem
1491 4064 1629 4155 deinde

156 4210 328 4275 tentata.
917 4184 1112 4301 procedit,
1146 4208 1261 4299 atque
1286 4183 1461 4270 invadere
1482 4209 1624 4298 parat,

229 4311 281 4394 X.
358 4309 516 4395 Carolus
559 4336 627 4424 per
672 4307 863 4421 Joannem
918 4304 984 4389 sed
1000 4302 1223 4390 Guilielmus
1238 4308 1329 4386 Dux
1361 4301 1469 4387 rebus
1498 4304 1629 4418 despe-

156 4429 339 4543 Zapatam
372 4428 423 4514 ad
478 4426 655 4513 Geldriae
715 4429 865 4510 Ducem
918 4422 1003 4507 ratis
1035 4420 1276 4533 Caesarisque
1312 4443 1462 4506 tanturn
1492 4420 1641 4509 huma,

159 4545 386 4664 legationem
429 4544 478 4632 de
521 4544 677 4631 induciis
723 4541 863 4629 mittit:
918 4539 1033 4625 nitate
1053 4535 1168 4625 fretus
1191 4539 1230 4622 in
1253 4538 1329 4651 eius
1352 4565 1471 4625 castra
1501 4542 1626 4627 venit.

159 4692 272 4778 quam
304 4664 366 4748 hic
394 4666 495 4751 elato
530 4664 659 4749 animo
697 4661 862 4777 respuit.
978 4659 1082 4744 XVI.
1143 4662 1177 4744 Is
1216 4655 1254 4741 in
1301 4659 1427 4743 Caroli
1474 4688 1619 4775 conspe
1762 4756 1766 4765 ,
1898 4656 1902 4666 ’

157 4785 217 4868 lra
247 4811 421 4871 accensus
451 4787 590 4869 Caesar
630 4782 669 4868 in
709 4778 788 4894 ejus
823 4777 869 4873 fi·
918 4801 1024 4866 ctum
1048 4805 1137 4866 curn
1167 4777 1359 4894 majonte
1387 4777 1545 4872 sedentis
1559 4779 1615 4978 (qe

1586 4922 1627 4978 u.
