3998 5850
500 462 588 573 aas
810 459 1241 542 nonanus
1254 455 1565 539 ousrrs

459 627 582 730 stitia
596 638 653 723 e‘t
682 615 929 786 impietate
966 616 1273 741 dehortabar,
1305 659 1360 720 ne
1396 656 1495 720 rum
1532 616 1672 761 impie
1731 631 1834 722 rum
1872 623 1937 726 ct-

460 771 552 873 iam
587 765 717 869 nimis
754 766 1053 866 inconstanter
1075 804 1220 931 agere
1243 762 1554 896 videretur,
1523 803 1559 865 ιι
1593 767 1797 869 Romani
1816 777 1934 870 Pon-

460 915 588 1017 tificis
624 947 888 1055 potestatem
925 911 1307 1014 etauctoritatem
1345 954 1371 1013 a
1406 843 1602 1013 Chiisro
1623 910 1860 1033 traditam,
1889 949 1932 1016 et

459 1064 721 1163 Sanctorum
771 1066 974 1156 Parrum
1005 1091 1052 1156 et
1054 1051 1298 1158 Ecclesiae
1353 1054 1628 1159 Catholicae
1671 1056 1933 1203 testimoniis

459 1244 662 1310 assertam
698 1235 1030 1322 contemneret,
1071 1199 1282 1305 damnato
1319 1200 1472 1323 libro,
1503 1236 1640 1343 quem
1678 1197 1773 1348 ipse
1809 1213 1934 1306 Hen-
1984 1308 1987 1311 ,

459 1353 567 1454 ricus
604 1347 854 1452 doctissime
891 1384 935 1447 et
970 1347 1181 1496 singulari
1225 1349 1388 1490 pietate
1424 1280 1625 1450 adversus
1662 1342 1932 1449 Lurheranos

462 1534 623 1599 errores
661 1532 745 1636 pro
774 1504 1004 1595 Romanae
1033 1489 1248 1594 Ecclesiae
1285 1492 1503 1656 dignitate
1537 1528 1582 1593 et
1618 1531 1826 1641 suprema
1860 1533 1933 1595 au·

462 1641 662 1743 ctoritate
705 1635 1078 1776 conscripsisset,
1116 1647 1238 1773 cujus
1289 1638 1352 1738 rei
1388 1676 1515 1738 causa
1565 1676 1776 1741 ostensor
1830 1677 1931 1738 non

460 1822 585 1887 novo
629 1820 674 1885 et
709 1780 958 1967 honorifico
1010 1781 1142 1925 titulo
1177 1822 1204 1883 a
1239 1774 1472 1931 Pontifice
1506 1783 1713 1907 Maximo
1767 1782 1927 1886 tributo

462 1965 726 2034 vocaretur.
952 1962 953 1967 ‘
1612 1966 1652 2010 w

466 2133 473 2146 ·
576 2081 718 2177 XLV
812 2070 894 2172 Sed
947 2070 1019 2173 ille
1072 2071 1183 2174 odio
1234 2107 1278 2174 et
1332 2070 1422 2173 ira
1447 2109 1597 2176 caecus
1667 2073 1924 2234 surdusque,

460 2221 580 2324 nulla
615 2216 820 2357 monita,
838 2214 1009 2318 nullum
1046 2256 1198 2318 sanum
1235 2216 1472 2319 consilium
1503 2213 1807 2321 admittebat·
1797 2284 1810 2326 ‚
1829 2254 1899 2358 qur
1909 2292 1922 2335 ,

460 2363 564 2465 cum
600 2403 626 2462 a
642 2359 876 2462 sententia
912 2359 1139 2462 Pontificis
1176 2360 1369 2462 Maximi
1406 2361 1524 2462 nulla
1560 2392 1667 2464 essct
1716 2400 1923 2506 provoca·

461 2507 581 2631 tio,
622 2502 792 2608 sibi
757 2543 798 2605 cr
835 2505 1092 2626 standum,
1130 2540 1205 2606 aut
1243 2544 1269 2605 a
1305 2505 1407 2606 Fide
1444 2503 1675 2630 Catholica
1729 2542 1772 2605 et
1804 2512 1924 2645 Apo·

416 2696 422 2710 ·
461 2650 612 2753 stolica
671 2648 931 2750 auctoritate
982 2647 1280 2752 deficiendum
1327 2638 1654 2814 intelligebat
1631 2719 1658 2762 ‚
1685 2660 1923 2790 jamquea

461 2795 692 2898 Clemente
728 2793 980 2916 Pontifice,
1016 2788 1142 2937 quod
1180 2792 1391 2896 Ecclesiae
1428 2794 1598 2929 judicio
1643 2835 1740 2896 non
1776 2824 1921 2909 staret,

463 2937 682 3041 sacrificiis
719 2966 809 3039 erat
846 2872 1149 3063 interdictus,
1197 2973 1241 3040 et
1291 2939 1339 3040 in
1390 2978 1579 3040 numero
1630 2939 1918 3042 sceleratorum

463 3081 734 3185 habebatur
769 3095 877 3208 Quo
914 3072 1067 3185 dolore
1105 3083 1344 3225 exagitatus
1369 3077 1582 3183 maluit
1571 3114 1661 3185 rrae
1699 3121 1780 3238 per
1815 3117 1918 3181 sum

438 3255 622 3340 ‘mum
644 3226 829 3327 dedecus
882 3228 1103 3369 scelusque
1139 3221 1355 3329 nefarium
1392 3227 1654 3391 indulgere,
1692 3254 1832 3370 quam
1862 3223 1919 3321 in·

464 3372 627 3472 ultus
613 3369 800 3503 justitiae
836 3412 887 3471 ac
922 3370 1155 3535 religionis
1182 3371 1343 3475 finibus
1380 3412 1468 3473 sese
1504 3367 1728 3473 continere
1764 3405 1919 3509 reoque

464 3510 623 3664 furoris
661 3514 914 3655 processit,
943 3554 993 3617 ut
1030 3514 1254 3632 Pontificis
1290 3515 1490 3621 Romani
1525 3550 1757 3618 contemta
1793 3552 1837 3616 et
1869 3550 1919 3610 re·

466 3654 579 3813 jecta
614 3659 897 3780 auctoritate,
919 3695 963 3760 se
999 3659 1046 3760 in
1082 3699 1173 3762 suo
1185 3671 1352 3801 Regno
1383 3659 1648 3762 Pontificem
1683 3658 1921 3760 Maximum

468 3842 607 3922 esse,
647 3838 690 3901 et
726 3803 774 3902 in
811 3805 1082 3905 moderanda
1119 3803 1358 3947 religione
1388 3836 1437 3904 et
1473 3804 1608 3907 causis
1644 3797 1923 3906 ecclesiasticis

468 3945 728 4089 proximum
757 3944 1004 4049 Christo
990 3987 1056 4079 Jus
1109 3983 1152 4050 et
1161 3984 1453 4112 potestatem
1507 3947 1736 4052 obtinere
1768 3941 1926 4117 praedi

469 4123 629 4213 caret,
668 4124 811 4231 poena
843 4090 998 4256 capitis
1035 4092 1271 4194 constituta
1307 4132 1386 4235 per
1421 4093 1636 4237 legem
1620 4133 1741 4226 Jussu
1786 4100 1930 4222 ejusa

467 4235 648 4378 publico
681 4233 930 4337 Britanniae
965 4236 1201 4358 Consilio,
1238 4241 1362 4381 quod
1398 4241 1688 4342 Parlamentum
1726 4233 1924 4335 nomina

468 4416 576 4500 tur,
580 4380 1049 4546 comprobatam,
1019 4381 1154 4545 siquis
1177 4381 1552 4496 contradiceret
1579 4392 1701 4515 cujus
1736 4378 1796 4478 rei
1833 4413 1929 4476 cau

446 4549 534 4623 sa
549 4524 633 4624 viri
686 4526 850 4665 optimi
884 4555 928 4626 et
964 4524 1206 4668 religiosi,
1220 4528 1315 4670 qui
1351 4560 1606 4629 constanter
1635 4522 1814 4629 nefariis
1850 4529 1929 4663 ejus

470 4665 673 4808 inceptis
690 4663 1049 4812 refragabantur,
1069 4673 1138 4771 tle
1173 4671 1324 4772 medio
1361 4670 1546 4773 sublati
1557 4702 1688 4773 sunt.
1708 4681 1931 4787 Quorum

469 4809 687 5032 principes
739 4806 915 4934 fuerunt
949 4821 1181 4958 Joannes
1178 4813 1374 4939 Fisherus
1410 4813 1630 4924 Roffensis
1666 4814 1932 4963 Episcopus,

1896 4977 1933 5044 er
