4192 5858
500 342 591 438 294
870 321 953 405 DE
993 317 1484 406 nunusycustts,

455 522 500 591 et
536 479 739 589 Albertus
775 477 980 584 Marchio
1017 475 1291 599 ductabant,
1324 515 1445 581 atrna
1478 474 1714 622 expedire,
1754 517 1799 584 et
1836 477 1936 587 lina

455 670 541 737 teas
586 627 845 748 subuculas,
891 661 941 726 ut
975 627 1166 727 candore
1221 663 1294 765 per
1330 658 1566 726 nocturnas
1603 627 1799 729 tenebras
1849 630 1934 733 di-

487 807 813 894 noscerentur,
859 770 1115 916 superindui
1149 769 1303 903 jubet,
1339 811 1530 913 curnque
1566 768 1634 872 his
1669 773 1810 915 copiis
1842 776 1930 879 Al-

452 818 620 1024 banum
655 932 830 1021 Ducem
866 918 1010 1019 castris
1047 916 1219 1019 silentio
1256 913 1511 1055 proficisci,
1546 951 1591 1019 et
1635 914 1779 1020 hostes
1830 921 1929 1024 im·

450 1101 624 1209 paratos
659 1063 888 1183 lacessere,
924 1099 968 1164 et
1003 1059 1066 1161 rei
1105 1058 1219 1163 bene
1255 1061 1470 1203 gerendae
1507 1061 1827 1183 occasionem,
1860 1066 1930 1167 si·

451 1251 541 1352 qua
577 1245 729 1327 esset,
759 1247 913 1351 urgere
949 1205 1101 1341 jubet.
1158 1206 1244 1307 His
1281 1204 1527 1349 digressis,
1562 1242 1722 1308 ceteras
1772 1211 1928 1352 copias

449 1356 497 1456 in
533 1352 663 1458 armis
699 1389 743 1453 et
781 1387 946 1494 paratas
999 1392 1087 1454 esse
1139 1349 1381 1491 praecipitr
1418 1351 1511 1493 ipse
1560 1390 1666 1453 curn
1717 1352 1927 1494 equitum

450 1500 670 1602 nobilium
700 1499 920 1599 comitatu
955 1533 1071 1602 extra
1107 1532 1245 1598 castra
1279 1495 1447 1596 idoneo
1483 1497 1779 1638 expeditoque
1814 1497 1926 1600 loco

451 1644 666 1761 nuntios,
706 1640 869 1783 quibus
904 1638 961 1742 ab
998 1637 1172 1743 Albano
1207 1636 1425 1740 derebus
1460 1638 1707 1761 omnibus,
1746 1676 1796 1741 ut
1830 1679 1930 1744 erat

450 1787 746 1928 imperatum,
785 1787 946 1890 certior
998 1783 1158 1904 lieret,
1195 1819 1487 1924 exspectans,
1526 1784 1668 1887 noctis
1717 1784 1930 1927 longitu-

448 1933 551 2033 dine
588 1970 632 2033 et
667 1928 846 2073 frigoris
907 1928 1213 2070 magnitudine
1263 1926 1563 2048 cohortante,
1599 1928 1648 2030 in
1684 1967 1814 2030 curru
1855 1966 1929 2031 te-

448 2111 561 2201 cto,
597 2115 733 2218 quern
769 2074 989 2177 Pannonii
1024 2077 1192 2174 Gochem
1228 2109 1422 2192 vocant,
1458 2105 1509 2172 ut
1557 2106 1647 2174 erat
1698 2108 1927 2196 armatus,

448 2260 493 2320 se
529 2258 689 2321 somno
728 2220 851 2324 dedit
881 2296 896 2338 ,
926 2254 976 2321 ut
1029 2253 1232 2359 ternpore
1285 2253 1528 2358 poscente,
1563 2216 1766 2359 vegetior
1815 2257 1930 2321 esset

450 2364 506 2463 ad
543 2402 637 2464 rem
673 2364 941 2507 gerendam,
978 2395 1023 2461 et
1058 2400 1172 2503 quae
1207 2359 1305 2461 usui
1366 2356 1550 2479 forent,
1586 2360 1928 2502 imperandum.

450 2506 533 2607 Sed
568 2506 763 2612 Albanus
798 2546 958 2651 magna
994 2504 1214 2607 celeritate
1249 2542 1395 2624 usus,
1431 2502 1580 2645 copias
1613 2544 1735 2608 curn
1785 2504 1930 2609 indu·-

447 2648 576 2751 xisset
592 2730 613 2771 „
646 2650 729 2754 nee
765 2652 1029 2795 quingentos
1065 2648 1253 2790 amplius
1291 2684 1436 2788 passus
1473 2689 1500 2749 a
1536 2649 1679 2750 castris
1722 2645 1930 2752 hostiurn

449 2790 648 2916 abesset,
688 2793 864 2897 hostiles
897 2792 1098 2896 excubias
1135 2793 1434 2934 stationesque
1462 2790 1600 2896 solito
1641 2787 1930 2936 frequentio-

450 2975 516 3036 res
552 2938 879 3082 diligentissime
915 2938 1149 3081 invigilare
1184 2935 1573 3060 animadvertens,
1607 2950 1770 3080 agmen
1808 2980 1924 3041 con-

450 3080 597 3182 sistere
644 3080 790 3215 jubet.
821 3166 826 3176 ,
852 3077 926 3185 Ab
961 3079 1315 3183 antecursoribus
1350 3122 1568 3224 quoque,
1609 3083 1795 3227 propius
1851 3084 1925 3184 in-
1998 3128 2004 3218 j

450 3225 602 3365 spectis
639 3227 819 3347 castris,
854 3224 999 3356 hostes
1035 3264 1186 3327 omnes
1228 3226 1443 3328 inarmis
1480 3267 1568 3327 esse
1615 3227 1926 3330 renuntiatum
1992 3264 1998 3384 p

451 3405 551 3479 ests
584 3408 634 3471 ut
670 3367 871 3471 dubitari
899 3410 992 3471 non
1028 3408 1202 3512 posset,
1240 3369 1318 3506 (id
1356 3371 1484 3511 quod
1520 3405 1672 3512 postea
1720 3411 1924 3515 comper⁴

451 3545 547 3614 turn
584 3518 680 3652 est)
717 3513 829 3656 quin
864 3515 1007 3614 multo
1044 3553 1144 3616 ante
1194 3516 1266 3614 de.
1300 3514 1486 3615 consilio
1524 3551 1568 3615 et
1604 3516 1796 3617 adventu
1833 3556 1924 3618 no⁴
1980 3503 1987 3615 l

452 3691 642 3760 sttorum
678 3695 755 3797 per
805 3658 1096 3798 exploratores
1142 3654 1250 3759 facti
1301 3696 1441 3760 essent
1476 3658 1712 3761 certiores.
1767 3671 1924 3802 Itaque
1972 3657 1981 3718 l

450 3801 624 3921 nostri,
659 3800 823 3903 sublata
858 3802 1128 3923 occasione,
1162 3841 1252 3944 qua
1288 3802 1356 3906 uti
1391 3800 1694 3947 cogitabant,
1728 3844 1772 3906 re
1810 3801 1922 3907 infe·

450 3978 553 4066 cta,
590 3945 638 4047 in
673 3983 840 4078 castra,
876 3985 1115 4089 antequam
1150 3946 1449 4070 illucesceret,
1483 3950 1746 4070 redierunt,
1779 3946 1922 4052 hosti·
1955 3890 1970 4075 l

449 4084 530 4191 bus
567 4089 778 4194 inarmis
813 4126 958 4193 totam
994 4129 1175 4193 noctem
1210 4093 1603 4233 permanentibus,
1629 4135 1743 4237 quos
1778 4095 1920 4196 iidem
1958 4103 1961 4134 ⁵

447 4233 619 4356 nostri,
654 4237 896 4380 imperante
932 4236 1140 4358 Carolo,
1173 4275 1249 4381 per
1284 4278 1360 4339 eos
1396 4238 1487 4342 dies
1523 4235 1809 4343 multifariam
1843 4132 1960 4351 ind

446 4370 600 4479 festare
635 4419 729 4482 non
766 4380 1062 4483 desistebant.
1667 4470 1670 4481 ,
1932 4384 1949 4559 p

517 4531 615 4622 XL.
712 4524 794 4626 Sed
828 4536 921 4658 jam
955 4562 1056 4630 eum
1102 4523 1253 4626 locum
1298 4523 1506 4632 hibernus
1542 4525 1709 4633 humor
1744 4524 1893 4671 pluvia

442 4699 530 4808 que
566 4701 609 4770 et
655 4665 837 4792 lutum,
872 4670 1294 4814 perincommodum
1343 4711 1447 4781 curn
1496 4674 1790 4798 reddidisset,
1825 4572 1941 4798 ἢ]

1834 4799 1931 4994 ‘tl

1912 5051 1920 5225 l
