4102 5864
528 463 616 560 394
924 440 1008 519 DE
1047 439 1247 518 REBUS
1288 435 1507 520 GESTIS

492 639 585 700 non
622 595 762 695 solum
798 594 974 733 repressi
1009 629 1155 714 sunt,
1193 595 1267 693 sed
1303 631 1457 693 eorum
1494 592 1697 693 nonnulli
1747 590 1947 713 concisi,

492 741 649 881 reliqui
686 738 843 899 repulsi
879 772 921 836 et
955 734 1202 837 conturbati
1224 738 1338 877 ,qui
1375 738 1540 837 occlusa
1576 774 1733 876 porta,
1761 778 1818 839 ne
1855 737 1942 839 ho·

496 922 578 985 stes
614 882 787 983 simul
776 916 1108 1021 irrumperent,
1144 881 1379 981 necessario
1416 921 1503 982 sese
1539 920 1649 980 marr
1701 882 1939 982 commise-

496 1062 626 1146 runt,
663 1026 1034 1164 adnatantesque,
1074 1062 1149 1124 aur
1184 1026 1259 1125 vix
1294 1025 1436 1166 capite
1479 1065 1529 1123 ex
1552 1065 1678 1185 ‘aqua
1729 1061 1941 1126 exstantes

496 1209 626 1272 muro
663 1203 987 1286 successerunt,
1023 1206 1237 1330 aegreque
1273 1208 1298 1266 a
1334 1209 1454 1286 surs,
1489 1168 1567 1306 qui
1604 1205 1773 1331 partem
1812 1170 1939 1269 mui-

496 1315 652 1412 timam
683 1244 1013 1430 custodiebant,
1032 1314 1183 1412 servati
1219 1348 1263 1410 er
1298 1312 1467 1453 excepti
1502 1348 1625 1411 sunt.
1665 1314 1784 1411 Huic
1822 1353 1939 1452 prae-

495 1456 558 1556 lio
595 1456 770 1554 Garcias
806 1452 1045 1555 Tolerus
1034 1456 1301 1556 rnrervenit·
1293 1521 1304 1562 ι
1335 1494 1437 1554 nam
1475 1494 1663 1594 represso
1713 1467 1964 1595 Dragure„

497 1599 690 1699 celeriter
724 1637 750 1695 a
785 1598 972 1737 Vega
961 1636 1010 1697 ιιι
1044 1634 1178 1696 castra
1229 1598 1426 1698 remissus
1462 1636 1573 1716 est,
1608 1640 1712 1699 cum
1762 1599 1936 1698 iuterim

497 1754 710 1882 Dragutes
747 1777 915 1840 nostros
951 1741 999 1839 in
1034 1776 1166 1839 castra
1195 1743 1418 1841 redeuntes
1429 1740 1668 1902 longiore
1710 1741 1934 1840 intervallo

500 1923 666 1983 eminus
703 1883 990 2015 jaculando
978 1919 1321 2023 insequeretur·
1314 1951 1325 1992 ‚
1364 1884 1474 2023 quin
1523 1885 1654 1982 etiam
1704 1884 1860 1984 nostris
1891 1885 1933 1983 in

498 2063 636 2129 castra
672 2029 880 2145 reversis,
915 2027 970 2124 ad
1006 2027 1209 2126 macerias
1246 2029 1499 2167 quasdam,
1535 2066 1627 2166 quo
1681 2028 1823 2124 telum
1865 2026 1931 2124 ad

497 2169 560 2311 igi
597 2207 784 2307 posset,
822 2210 920 2269 suos
955 2169 1174 2269 continuit
1206 2247 1220 2289 ‚
1257 2208 1335 2309 qur
1371 2208 1464 2268 non
1499 2167 1718 2271 cessabant
1769 2169 1902 2268 tela
1892 2207 1934 2267 ιιι

428 2342 429 2346 '
498 2351 631 2412 castra
683 2313 908 2442 jaculari,
943 2314 1084 2412 donec
1121 2321 1315 2449 Joannes
1361 2323 1487 2452 Vega
1537 2312 1751 2410 Alvarum
1802 2311 1932 2410 filium

499 2443 815 2555 adolescentem
867 2494 969 2553 curn
1003 2455 1146 2553 valida
1181 2457 1467 2585 jaculatorum
1502 2492 1637 2553 manu
1686 2453 1832 2553 hostes
1866 2456 1932 2552 ad

499 2596 606 2695 oriri
642 2596 765 2727 jubet
798 2674 812 2717 ,
847 2641 871 2696 a
907 2638 999 2737 quo
1053 2598 1115 2696 illi
1150 2599 1293 2737 primo
1329 2597 1499 2738 impetu
1535 2598 1695 2738 pulsi
1683 2637 1732 2697 ιιι
1786 2593 1930 2739 fugam

498 2736 678 2839 effusam
715 2740 905 2872 conjecti
940 2776 1065 2841 sunt.

569 2890 791 2984 LXXVII.
869 2883 1046 3024 Duplici
1096 2882 1281 2984 victoria
1329 2881 1449 2984 laetis
1492 2883 1649 2983 nostris
1704 2880 1930 2984 Malrume·

499 3057 565 3122 tus
601 3035 698 3124 Rex
740 3025 925 3125 Curubis
961 3102 976 3143 ‚
1012 3027 1135 3164 quod
1185 3027 1403 3166 oppidum
1442 3027 1804 3129 mediterraneum
1853 3064 1931 3123 non

497 3165 651 3303 procul
700 3163 820 3266 abest
870 3165 1188 3329 Aplrrodisio,
1225 3170 1352 3270 missa
1400 3169 1618 3331 legatione
1669 3169 1928 3310 gratulatur

497 3315 644 3437 Hujus
678 3309 799 3408 enim
834 3310 1072 3409 amicitiam
1106 3312 1245 3411 nostri
1295 3313 1467 3411 duces
1457 3313 1636 3430 mitro,
1670 3312 1933 3411 societatem·

499 3489 586 3588 que
623 3490 697 3591 per
732 3452 890 3552 litteras
917 3487 959 3552 er
1000 3455 1173 3553 nuntios
1210 3456 1502 3593 expetiverant
1537 3455 1732 3556 adversus
1771 3467 1935 3591 Dragu-

498 3627 621 3711 tem,
658 3629 909 3735 ceterosque
954 3598 1185 3736 praedones
1235 3595 1419 3695 humani
1467 3596 1637 3738 generis
1686 3634 1936 3696 communes

498 3730 685 3835 hostes·
677 3802 689 3843 ‚
727 3778 805 3837 nec
850 3738 921 3837 ille
971 3739 1189 3878 postulatis
1239 3737 1500 3856 abnuerat,
1535 3740 1674 3839 modo
1710 3748 1937 3838 Monaste-

496 3875 649 3999 rium,
686 3912 729 3976 et
763 3879 844 3979 Sici
878 3882 922 3979 ul
972 3882 1137 4020 oppida
1188 3882 1444 4000 maritima,
1480 3920 1656 4021 quaea
1630 3882 1849 3982 anosrris
1896 3880 1941 3979 in

496 4019 642 4120 littore
677 4058 801 4160 capta
837 3919 1052 4139 (ierant,
1090 4022 1220 4123 sibi
1209 4065 1256 4123 m
1292 4018 1511 4124 ditionem
1554 4062 1814 4164 perpetuam
1863 4058 1941 4121 tra

496 4163 695 4264 derentur
715 4203 856 4304 ,quae
890 4100 1090 4263 conditio
1126 4167 1279 4266 nostris
1316 4167 1401 4265 hoc
1438 4168 1580 4267 minus
1615 4169 1794 4307 gravior
1830 4163 1944 4283 fixit,

497 4308 621 4441 quod
666 4308 736 4407 illa
784 4306 949 4445 oppida
1000 4307 1122 4407 nullo
1158 4306 1508 4409 Christianorum
1556 4310 1773 4450 praesidio
1824 4345 1947 4407 tene

495 4446 698 4567 bantur,
736 4451 809 4548 sed
860 4488 1064 4612 exparte
1115 4452 1258 4552 diruta
1300 4455 1552 4592 desertaque
1587 4447 1784 4552 fuerant.
1842 4461 1949 4550 Hoc

464 4623 650 4747 xtamen
673 4588 824 4691 foedus
860 4595 1018 4731 partim
1054 4631 1301 4695 nostrorum
1333 4596 1631 4738 negligentia,
1658 4589 1820 4734 partim
1857 4606 1949 4695 Re·

494 4731 560 4871 gis
596 4734 785 4854 astutia,
817 4737 896 4876 qui
932 4779 983 4838 ex
1020 4775 1177 4847 eventu
1212 4776 1358 4839 rerum
1394 4779 1470 4840 sua
1506 4737 1591 4842 sibi
1626 4738 1811 4840 consilia
1850 4778 1951 4837 nro

1868 4882 1948 4981 de·
