4034 5858
113 580 197 633 num
213 556 364 627 animum
384 582 402 625 a
420 556 546 626 Carolo
561 555 664 653 gerit,
681 574 714 624 et
731 554 778 626 ab*

112 658 262 730 Henrico
286 657 466 727 Gallorum
494 660 587 753 Rege
614 654 774 725 auxilium

112 757 157 828 ad
168 754 387 827 destctionem
405 757 497 851 petit.
525 757 571 823 ΙΙ.
590 759 675 846 416.
698 755 776 823 Lit-.

113 857 190 926 teris
206 878 263 951 per
289 855 504 925 Germaniam
526 855 715 952 evulgatis,
740 871 775 922 et

113 956 197 1026 inito
217 952 351 1024 foedere
367 977 445 1023 curn
470 955 651 1024 Gallorum
666 958 773 1049 Rege,

114 1056 301 1128 Germanos
329 1052 501 1136 hortatur,
519 1073 557 1122 ut
584 1077 615 1123 se
639 1050 775 1123 aservi-

114 1171 188 1223 tute
205 1151 371 1224 vindicent
388 1203 399 1236 ,
423 1170 456 1221 et
473 1151 621 1248 captivos
645 1148 773 1223 Princi-

114 1274 170 1349 pes
199 1251 357 1321 liberent.
388 1254 432 1321 II.
459 1274 541 1344 417.
578 1247 775 1339 Conjunctis

114 1374 194 1422 cum
209 1351 374 1421 Mauricio
390 1351 508 1445 copiis,
533 1348 774 1420 Donaverdam

873 552 1011 627 Adamo'
1029 554 1151 649 Tropo
1174 554 1310 650 accipit,
1327 555 1449 649 quibus
1462 561 1536 628 Lu*

873 653 1001 725 therani
1036 651 1135 723 duces
1170 674 1283 746 pacem
1312 674 1452 750 petunt.
1485 659 1531 724 Π.

875 757 956 838 196.
982 752 1113 824 Caesari
1135 752 1305 847 epistolam
1325 755 1403 851 legit
1420 775 1477 837 ,et
1492 779 1534 828 ex

873 854 941 941 ejus
967 854 1141 923 voluntate
1168 849 1533 948 Adamo‘respondet,

874 952 1038 1023 Carolum
1055 976 1122 1021 non
1150 971 1220 1021 tam
1242 952 1319 1040 juris
1341 976 1445 1045 quam
1468 954 1534 1022 hu-

874 1051 1041 1121 manitatis
1075 1075 1257 1122 memorem
1291 1050 1393 1134 fore,
1428 1051 1533 1121 modo

851 1147 1052 1222 'Lutherani
1080 1149 1179 1222 duces
1205 1150 1357 1246 depositis
1380 1151 1476 1220 armis
1502 1173 1534 1220 se

872 1251 907 1320 in
922 1249 1019 1345 ipsius
1037 1269 1235 1347 potestatem
1251 1249 1463 1347 permittant.
1487 1250 1534 1320 ll.

875 1372 893 1417 2
899 1356 956 1440 97'.
972 1369 1005 1417 et
1020 1350 1101 1432 298.

28 1535 30 1542 Ι
113 1445 244 1541 aliaque
262 1448 386 1546 oppida
401 1451 502 1544 capit,
518 1468 551 1518 et
560 1449 776 1545 Magistratus
827 1448 1022 1519 Bravantiae
1039 1452 1211 1519 Ducatus.
1229 1450 1273 1516 Il.
1295 1466 1372 1533 109.

52 1578 66 1589 ’
114 1548 255 1645 abrogat
269 1549 330 1630 ,et
348 1550 521 1645 pecuniam
536 1547 700 1645 imperat.
726 1549 773 1615 II.
825 1552 952 1621 Bravus
974 1555 989 1634 (
1002 1548 1168 1639 Joannes)
1191 1547 1435 1646 Sagoviensium
1458 1571 1532 1619 ma·

113 1668 197 1738 417.
215 1664 248 1715 et
275 1649 360 1739 418.
385 1650 513 1716 Frustra
536 1645 672 1717 Ulmam
689 1645 776 1715 obsi·

872 1645 932 1716 nui
949 1643 1150 1741 praefectus.
1167 1649 1196 1715 Ι.
1220 1652 1277 1716 66.

114 1744 184 1815 det.
208 1747 252 1813 II.
268 1745 559 1837 419.Stocachum
575 1767 771 1843 progressus,
825 1748 950 1818 Bravus
965 1747 1128 1832 (Petrus)
1144 1745 1187 1815 ad
1205 1746 1357 1817 Villalare
1381 1705 1530 1842 capitur.

113 1843 226 1939 ibique
241 1843 402 1943 stipendio
418 1845 574 1915 trimestri
586 1847 631 1915 ab·
649 1844 772 1914 Henri-

113 1968 155 2015 co
186 1948 280 2042 Rege
308 1942 467 2014 militibus
495 1943 625 2026 soluto,
644 1940 774 2012 obsides

113 2040 217 2112 tradit
243 2062 276 2110 et
303 2041 439 2136 accipit.
458 2043 503 2108 ΙΙ.
534 2060 619 2130 419.
648 2041 772 2135 Copias

873 1848 901 1912 Ι.
924 1862 982 1935 97.
1015 1847 1061 1911 Et
1089 1843 1211 1913 ibidem
1235 1843 1392 1939 postridie
1424 1864 1534 1914 morte

872 1943 1074 2019 mulctatur3
1088 1942 1167 2028 ejus,
1183 1966 1261 2012 curn
1277 1940 1321 2012 ad
1336 1965 1449 2013 necem
1465 1942 1532 2013 du·

871 2060 1022 2121 ceretur,
1040 2039 1255 2113 memoranda
1271 2064 1360 2111 vox.
1378 2043 1406 2108 1.
1423 2044 1481 2127 98.

114 2140 148 2223 in
176 2138 448 2237 Noribergensem
479 2163 596 2235 agrum
620 2138 771 2209 inducit.
824 2138 948 2210 Bravus
971 2139 1179 2226 (Sanctius)
1210 2140 1334 2237 primus
1371 2141 1533 2212 exercitus

114 2239 161 2308 II.
176 2260 263 2330 421.
288 2239 407 2328 Homo
424 2237 591 2309 seditiosus
608 2256 642 2307 et
664 2238 773 2309 minus

116 2335 159 2406 de
182 2340 372 2435 Lantgravii
387 2337 580 2407 liberatione
602 2339 770 2421 laborans,

871 2241 1071 2334 inspectora
1102 2244 1240 2310 Caesare
1260 2238 1367 2310 factus
1389 2245 1532 2313 Carma-

872 2340 991 2436 gnolae
1007 2359 1116 2409 arcem
1133 2338 1268 2434 recipit.
1293 2341 1339 2407 II.
1362 2363 1393 2432 3.

115 2433 158 2506 ad
174 2436 331 2510 Rhenum
347 2433 487 2506 fluvium
504 2436 649 2533 regiones
664 2437 772 2508 incur·
821 2436 1037 2511 Bredestenus
1052 2438 1271 2524 (Conradus)
1287 2439 1416 2508 Hessiae
1426 2443 1533 2510 Lant-

114 2533 261 2606 sionibus
284 2533 436 2606 infestare
461 2559 530 2605 non
555 2534 694 2607 desistit.
721 2536 769 2605 11.

114 2654 200 2725 429.
230 2634 448 2705 Trevirorum
476 2634 639 2730 oppidum
670 2658 770 2706 occu-

115 2753 186 2831 pat.
201 2735 247 2802 II.
263 2755 306 2827 43
316 2744 346 2826 3.
360 2733 514 2802 Treviros
530 2733 666 2816 deserit,
685 2754 719 2803 et
735 2736 770 2802 in

870 2535 972 2635 gravii
994 2534 1162 2607 familiaris
1184 2560 1289 2630 equos
1318 2538 1533 2611 velocissimos

871 2635 914 2705 ad
939 2635 1006 2723 ejus
1031 2658 1049 2702 e
1071 2635 1221 2705 custodia
1246 2635 1363 2733 fugam
1392 2659 1533 2734 compa-

874 2753 946 2804 rat.
962 2734 1008 2800 II.
1029 2753 1108 2827 339.

115 2830 264 2902 Galliam
284 2830 472 2901 interiorem
488 2855 552 2902 sese
568 2832 705 2927 recipit.
725 2833 770 2902 II.
822 2831 1009 2932 Brigantius
1034 2837 1117 2904 Dux
1136 2830 1395 2919 (Theodosius)
1426 2831 1533 2905 Ducis

115 2951 200 3023 433.
233 2930 339 3001 Gallis
358 2948 522 3027 suspectus
551 2955 620 3000 non
651 2931 771 3029 ignaris

114 3031 223 3126 ipsum
239 3032 374 3099 moleste
389 3027 472 3099 ferre
494 3029 677 3101 Henricum
695 3032 773 3101 Me-

115 3130 177 3199 tim
194 3128 331 3198 retinere
344 3176 354 3210 ,
367 3147 400 3197 et
416 3129 615 3225 stipendium
624 3130 684 3199 sibi
701 3154 772 3200 non

116 3228 270 3299 mittere.
295 3229 339 3297 11.
351 3248 436 3321 433.
455 3234 486 3298 Α
504 3230 638 3300 Nassavi
652 3229 774 3300 Conri-

116 3346 150 3397 te
167 3325 343 3411 adductus,
353 3347 389 3396 ut
405 3329 439 3396 in
452 3328 567 3399 Caroli
576 3328 716 3426 gratiam
725 3352 774 3399 re·

115 3423 186 3496 dire
207 3446 320 3526 pergat
336 3474 348 3509 ,
364 3425 498 3498 Albano
515 3451 573 3524 per
601 3428 772 3523 epistolam

115 3524 234 3624 gratias
266 3525 356 3623 agit,
383 3546 488 3619 utque
503 3527 674 3626 negotium
702 3552 774 3598 sus·

115 3624 227 3719 cipiat,
239 3643 490 3721 comprecatur.
514 3629 560 3697 11.
576 3649 661 3719 434.
682 3631 773 3698 Cum

870 2929 1089 3026 Methymnae
1111 2930 1261 3001 Sidoniae
1285 2931 1403 3001 sororis
1424 2930 1532 3003 filius.

870 3035 916 3103 11.
957 3055 973 3098 2
983 3053 1038 3123 35.
1069 3030 1159 3100 Duci
1182 3030 1430 3124 Methymnensi
1456 3053 1531 3126 per-
1607 3100 1608 3107 ,

870 3129 1005 3213 suadet,
1020 3149 1056 3199 ut
1076 3131 1153 3199 loco
1175 3130 1396 3226 Portugalliae
1428 3131 1531 3226 Regis

871 3228 983 3328 legatis
1013 3227 1126 3299 cedat.
1155 3230 1200 3296 ΙΙ.
1220 3235 1300 3321 136.
1329 3227 1420 3299 Duci
1452 3231 1528 3298 Me-

870 3328 1059 3423 thymnensi
1075 3346 1108 3396 et
1126 3326 1241 3396 Siliceo
1265 3326 1430 3420 Episcopo
1450 3328 1541 3397 Ma⁴

872 3429 954 3498 riam
982 3426 1201 3523 Portugalliae
1217 3425 1318 3522 Regis
1333 3424 1436 3496 filiam
1458 3443 1530 3495 tra-

873 3526 922 3597 dit
956 3523 999 3594 ad
1020 3548 1177 3623 sponsum
1205 3525 1392 3621 Philippum
1420 3521 1530 3598 dedu-

875 3623 1032 3697 cendam.
1049 3627 1094 3693 11.
1115 3646 1196 3714 ²4⁰·

116 3722 180 3795 suis
196 3723 230 3792 in
251 3743 355 3795 castra
374 3725 566 3798 Caesariana
582 3727 717 3797 transire
740 3746 774 3796 et
827 3726 985 3824 Brignola
1004 3725 1194 3794 castellum.
1213 3724 1240 3790 Ι.
1256 3721 1340 3815 438.

115 3819 278 3916 stipendia
299 3845 419 3892 merere
440 3826 623 3896 constituit.
642 3827 774 3918 11434.
827 3825 942 3922 Brigus
956 3823 1133 3917 Hispaniae
1148 3828 1243 3895 Rex.
1269 3825 1296 3889 Ι.
1315 3822 1350 3889 8.

114 3918 283 3993 Peditibus
297 3923 554 4006 reluctantibus,
567 3945 601 3994 et
622 3927 776 3997 aGallo-
828 3925 993 4000 Brisaceus
1010 3919 1191 4016 praefectus
1213 3945 1232 3990 a
1250 3919 1422 3991 Francisco
1437 3925 1533 4017 Rege
1562 3937 1565 3943 ’

117 4042 194 4089 turn
207 4018 373 4113 praefecto
395 4022 585 4108 solicitatis,
602 4025 714 4096 statim
740 4024 775 4094 in
875 4045 954 4093 cum
970 4021 1091 4092 auxilio
1112 4019 1279 4090 Sandesirii
1296 4019 1430 4089 obsessis
1454 4023 1534 4089 mit-

116 4119 235 4189 Gallos
263 4137 374 4186 movet
404 4144 482 4192 cunt
497 4124 569 4192 solo
597 4124 774 4216 equitatu,
874 4121 981 4191 titur.
1004 4122 1050 4188 Il.
1076 4121 1159 4210 248.
1190 4125 1225 4191 A
1252 4118 1453 4188 Caesarianis
1489 4117 1534 4189 ad

114 4236 231 4287 eorum
254 4211 376 4285 ducem
399 4220 507 4314 capit,
524 4240 558 4290 et
579 4221 614 4291 in
630 4223 776 4295 Caesaris
876 4220 992 4291 Vitros
1021 4239 1212 4315 superatur.
1246 4219 1292 4286 II.
1318 4218 1400 4307 248.
1432 4216 1535 4288 chie-

117 4331 221 4387 castra
238 4312 435 4384 contendit.
453 4320 498 4386 II·
514 4340 598 4412 435·
877 4343 951 4390 rum
968 4338 1001 4387 et
1019 4324 1176 4389 Sanctum
1199 4317 1406 4388 Damianum
1421 4318 1535 4391 castel-

66 4410 368 4511 Brandeburgensis
383 4415 535 4486 Marchio
552 4419 776 4517 (Georgius)
877 4420 908 4490 la
931 4416 1012 4487 dolo
1031 4417 1144 4512 capit.
1172 4418 1217 4486 11.
1239 4438 1324 4508 414.

117 4511 335 4583 Ratisbonam
352 4515 532 4584 convenit.
551 4522 596 4586 II.
619 4539 699 4609 124.
830 4516 978 4594 Britanni
1002 4516 1045 4587 ab
1062 4535 1275 4586 externorum
1300 4510 1538 4589 consuetudine

66 4607 371 4708 Brandeburgensis
402 4613 555 4685 Marchio
584 4618 776 4708 (Joannes)
880 4615 1056 4688 abhorrere
1082 4618 1207 4686 solent.
1232 4615 1276 4682 II.
1292 4618 1375 4707 487.
1413 4619 1536 4714 Hispa-

116 4731 194 4780 cum
220 4711 346 4779 Carolo
363 4711 395 4781 in
412 4712 554 4784 secunda
574 4716 642 4785 acie
669 4737 778 4786 versa-
881 4740 942 4787 nos
977 4739 1094 4811 parum
1124 4713 1327 4810 hospitaliter
1369 4735 1540 4786 tractant.

116 4826 195 4878 tur.
225 4809 270 4877 II.
287 4809 369 4878 286.
401 4810 459 4882 Ad
480 4815 679 4913 Norlingam
705 4813 779 4886 for·
880 4817 927 4884 11.
948 4834 1026 4902 501.
1050 4814 1108 4886 Ad
1120 4814 1281 4886 unitatem
1296 4815 1456 4887 Ecclesiae
1468 4821 1538 4894 Ca·

117 4907 195 4982 riter
216 4904 373 4984 dimicat.
396 4911 442 4981 11.
460 4921 539 5000 290.
564 4916 704 4990 Litteras
734 4914 790 5000 ab:
882 4913 1023 4987 tholicae
1041 4915 1203 4990 redeunt.
1226 4917 1271 4983 II.
1297 4935 1375 5009 509.

557 5073 560 5079 .
875 5058 877 5063 ·
1188 5029 1244 5089 ca
1467 5011 1543 5088 Bri-
