4042 5864
487 471 707 547 crudelissime
724 491 842 542 necat.
871 476 899 542 Ι.
921 471 1000 566 346.
1036 478 1151 571 Popu-

487 574 606 646 larium
624 570 725 642 fidem
744 592 777 640 et
790 569 943 642 officium
960 593 1078 643 contra
1095 597 1151 642 νε·

485 674 631 759 trientem
664 669 895 741 Charadinttm
927 672 1047 743 frustra
1084 672 1151 742 im-

486 776 615 869 plorat.
633 776 660 839 Ι.
683 791 761 862 347.
779 773 948 840 Tunetem
966 773 1152 863 relinquens

485 871 528 940 ad
543 867 710 941 Nomades
732 869 894 960 quosdam
923 869 1095 968 confugit.
1121 876 1150 940 Ι.

491 972 570 1066 348.
599 966 781 1039 Charadini
797 969 878 1039 dolo
898 969 1056 1068 cognito,
1073 970 1151 1040 Tu-

484 1091 594 1139 netem
617 1066 809 1138 revertitur.
836 1070 863 1136 I.
888 1071 965 1162 348.
990 1072 1045 1139 De
1068 1092 1153 1138 con-

1253 471 1299 544 lio
1315 472 1476 563 Joannem
1515 474 1645 570 Vegam
1675 493 1720 540 ex
1746 467 1857 539 Sicilia
1883 469 1926 544 ad

1253 569 1494 668 Aphrodisium
1514 564 1788 668 expugnandum
1823 569 1920 665 proli·

1254 672 1427 742 cisccntcm
1450 670 1614 762 sequitur.
1646 674 1695 739 Il.
1716 687 1800 760 390.
1829 673 1916 739 Mot-

1253 770 1488 864 bo'correptus
1512 767 1675 839 incastris
1695 787 1844 838 mortem
1855 769 1913 839 ob-

1252 869 1301 938 it.
1327 873 1373 939 Il.
1406 887 1483 962 390.
1525 868 1583 938 Ab
1609 870 1766 938 Hameto
1791 866 1860 939 filio
1880 892 1916 936 o-

1252 966 1333 1036 culis
1349 965 1494 1060 privatus
1522 972 1711 1065 Regnoque
1744 969 1857 1061 pulsus
1880 966 1919 1039 ad

1252 1066 1365 1138 Caroli
1388 1064 1492 1136 fidem
1516 1066 1689 1162 confugit.
1708 1072 1758 1135 ll.
1782 1086 1858 1160 390.

483 1171 553 1238 silio
586 1167 632 1236 sni
656 1164 797 1235 necandi
825 1170 947 1237 certior
976 1165 1083 1238 factus
1107 1164 1150 1235 ad
1202 1165 1356 1266 Hegonia
1383 1165 1575 1260 provincia.
1607 1171 1652 1234 ll.
1670 1183 1759 1254 419.

482 1265 652 1339 Nomades
674 1265 794 1334 iterum
823 1265 994 1364 confugit.
1018 1272 1047 1335 Ι.
1069 1285 1149 1359 349.
1202 1265 1423 1361 Heidelbetga
1449 1264 1638 1360 oppidum.
1656 1269 1704 1334 ll.
1727 1284 1809 1356 375.

482 1376 544 1439 Per
567 1368 694 1463 legatos
715 1363 874 1434 auxilium
896 1391 914 1435 a
939 1370 1075 1437 Caesare
1088 1364 1148 1437 ad·
1202 1364 1396 1461 Helsingia.
1416 1368 1445 1431 Ι.
1466 1386 1523 1456 43.

483 1488 593 1538 versus
633 1460 864 1534 Chatadinum
923 1464 1148 1559 Barbaroxam
1201 1466 1347 1538 Helvetii
1376 1462 1604 1533 missionema
1631 1465 1804 1532 Lautreco
1826 1455 1917 1531 effla-

455 1566 663 1659 ·implorat.
689 1567 716 1630 Ι.
739 1580 815 1653 350.
839 1566 877 1632 Se
901 1588 978 1634 cum
1001 1563 1148 1635 exercitu

483 1684 516 1733 et
554 1684 678 1758 magno
704 1681 895 1730 commeatu
926 1684 1053 1759 praesto
1090 1683 1149 1759 per

1250 1554 1380 1663 girant.
1396 1567 1425 1630 Ι.
1447 1586 1524 1655 430.
1561 1560 1759 1632 Missionem
1787 1561 1832 1632 ab
1856 1560 1916 1631 nl·

1251 1661 1392 1732 mirallio
1409 1678 1552 1755 petunt.
1577 1666 1604 1730 Ι.
1628 1684 1709 1749 444.

483 1762 608 1860 legatos
632 1758 836 1827 Caesarianis
859 1759 931 1829 fore
950 1760 1148 1832 confirmat.
1200 1761 1364 1833 Henricus
1392 1759 1600 1846 (Alfonsus)
1630 1756 1816 1829 Almiranti
1852 1761 1914 1827 Ca·

484 1866 513 1931 1.
539 1863 617 1952 361.
643 1860 810 1926 Neutrum
835 1877 995 1951 praestare
1020 1877 1147 1955 potest.

484 1964 514 2029 Ι.
549 1962 628 2051 364.
664 1959 697 2025 A
727 1956 935 2029 Nomadibus
969 1959 1148 2057 negligitur

486 2058 710 2155 pelliturque.
736 2060 764 2123 Ι.
788 2061 866 2147 364.
894 2057 1024 2152 Legatis
1050 2080 1148 2153 prae-

484 2155 586 2227 missis
607 2155 640 2223 in
660 2171 763 2223 castra
796 2156 907 2223 venit.
931 2161 958 2224 I.
981 2174 1056 2247 379.
1089 2155 1147 2225 Ab

485 2256 621 2326 Albano
645 2253 742 2319 Duce
762 2269 794 2318 et
819 2255 998 2323 Beneventi
1026 2254 1147 2324 Comi-

1248 1860 1356 1929 stellae
1380 1855 1466 1928 filius
1490 1856 1532 1926 de
1558 1857 1805 1952 compositione
1831 1857 1914 1952 lega-

1249 1977 1302 2030 tus
1318 1982 1336 2026 a
1353 1960 1451 2026 Duce
1474 1955 1728 2051 Metltymnensi
1741 1956 1774 2024 in
1799 1957 1913 2024 utrius-

1249 2081 1316 2151 que
1344 2055 1446 2151 Regis
1480 2057 1670 2152 legatorum
1702 2054 1913 2124 contentione

1249 2156 1293 2323 agl
1326 2153 1535 2321 Brggantium
1577 2155 1719 2226 Ducem
1751 2153 1913 2223 mittitur.

1249 2260 1359 2345 Ι.43
1392 2299 1400 2318 .

485 2370 518 2421 te
546 2350 681 2421 obviam
706 2347 945 2442 prodeuntibus
971 2348 1145 2432 deductuS,
1201 2352 1367 2426 Henricus
1393 2354 1438 2419 Il.
1463 2347 1655 2418 Britanniae
1686 2353 1764 2423 Rex
1788 2348 1908 2418 Divum

485 2452 644 2540 Carolttm
659 2447 777 2515 salutat
792 2496 802 2532 ,
816 2468 848 2516 et
877 2447 918 2516 ab
938 2470 979 2518 eo
1006 2449 1147 2519 comiter

485 2547 664 2642 excipitur.
688 2549 716 2613 I.
737 2564 812 2636 379.
831 2550 981 2641 Accepto
1002 2573 1020 2618 a
1043 2552 1149 2617 Caro·

485 2648 520 2717 10
556 2668 635 2741 sago
672 2641 752 2711 nihil
785 2667 825 2715 ex
859 2645 995 2743 pristino
1029 2645 1146 2716 habitu

486 2764 617 2817 mutat.
642 2748 670 2811 Ι.
692 2761 767 2834 379.
798 2748 888 2814 Cum
904 2744 1069 2840 sexaginta
1093 2748 1147 2814 Α·

483 2843 540 2915 fris
568 2840 734 2934 equitibus
774 2840 816 2911 ad
855 2843 994 2912 Tunetis
1035 2866 1147 2939 oppu-

485 2941 677 3039 gnationem
701 2939 830 3034 pergit.
859 2946 886 3009 Ι.
901 2942 987 3031 398.
1016 2945 1146 3010 Eorum

489 3040 610 3107 civium
636 3038 770 3104 nomina
796 3036 874 3106 dare
903 3040 1034 3122 jussus,
1058 3062 1148 3130 quo-

489 3159 564 3204 rum
596 3135 629 3202 in
659 3156 690 3200 se
716 3132 797 3202 fides
822 3132 1013 3218 exstitisset,
1042 3138 1149 3206 nullos

488 3231 547 3302 sibi
572 3234 606 3301 in
625 3231 707 3299 urbe
729 3231 851 3301 amicos
875 3256 939 3301 esse
959 3235 1146 3328 respondet,

486 3352 521 3402 et
545 3329 727 3423 quominus
743 3333 885 3400 Carolus
911 3355 1026 3402 omnes
1046 3333 1145 3429 oppi-

343 3478 345 3483 ,
488 3429 593 3500 danos
619 3426 736 3497 eodem
766 3427 884 3498 habeat
919 3431 1031 3513 locu,
1067 3428 1148 3501 nihil

489 3552 521 3599 se
547 3529 599 3596 vel
633 3526 790 3619 impedire
817 3529 870 3596 vel
901 3527 1090 3621 deprecati.
1120 3531 1147 3597 l.

490 3649 572 3718 403.
605 3629 636 3693 Α
654 3624 779 3693 Carolo
800 3625 833 3692 in
857 3627 1017 3694 Goletam
1046 3648 1149 3695 voca-

490 3743 570 3805 tur,
588 3739 626 3789 ut
649 3721 690 3790 de
717 3719 847 3791 foedere
867 3722 950 3790 inter
986 3723 1070 3818 ipsos
1097 3720 1149 3792 fa·
1191 3751 1193 3755 ·

490 3819 609 3892 ciendo
624 3820 844 3915 transigatur.
869 3826 896 3888 Ι.
912 3842 992 3911 407.
1013 3820 1069 3892 Ad
1093 3844 1150 3917 pe·

491 3918 547 3990 des
588 3916 781 3986 descendere
817 3919 928 3988 volens
964 3943 982 3987 a
1023 3921 1149 3990 Carolo

490 4016 714 4117 prohibetur.
740 4020 768 4084 Ι.
791 4038 872 4107 407.
908 4019 1051 4112 Supplex
1079 4022 1148 4087 Ca-

491 4118 602 4205 rolum
624 4117 767 4184 salutat.
793 4122 821 4184 l.
839 4137 919 4206 407.
952 4120 984 4185 Α
1010 4121 1147 4188 Caesare

491 4231 590 4310 caput
613 4213 775 4308 aperiente
803 4214 1026 4296 resalutatur,
1054 4231 1088 4281 et
1115 4213 1150 4283 in

491 4314 653 4383 sinistrum
674 4312 756 4379 latus
784 4332 935 4405 acceptus
963 4334 1021 4406 per
1047 4311 1151 4379 inter-

493 4428 618 4505 pretem
642 4409 865 4500 colloquendo
888 4410 922 4477 in
947 4409 1148 4504 praetorium

492 4506 535 4577 ab
555 4508 624 4601 ipso
645 4505 843 4576 deducitur.
870 4514 897 4577 l.
917 4531 999 4600 407.
1026 4513 1152 4604 Ingres-

492 4628 585 4679 surus
608 4603 704 4698 pedes
741 4606 855 4676 calceis
888 4604 1020 4688 nudat,
1053 4605 1152 4676 etde

493 4701 624 4775 foedere
656 4704 830 4800 transigit.
860 4709 888 4773 I.
915 4727 996 4795 407.
1036 4705 1152 4776 Caroli

492 4802 590 4877 cliens
614 4799 676 4873 fit.
702 4805 730 4870 Ι.
746 4804 829 4892 408.
859 4808 950 4876 Cum
969 4806 1098 4878 Bucaro
1114 4802 1153 4879 fi-

1248 2449 1418 2522 Thomam
1453 2447 1735 2518 cantuariensem
1777 2444 1908 2517 Archie·

1249 2549 1422 2645 piscopum
1447 2563 1567 2617 necat.
1591 2551 1640 2615 ΙΙ.
1660 2568 1748 2638 474.

1200 2644 1361 2718 Henricus
1381 2646 1479 2715 VIII.
1505 2643 1750 2716 Britannorum
1772 2644 1841 2716 Rex
1861 2635 1903 2710 ad

1250 2744 1327 2816 belli
1360 2742 1550 2813 societatem
1575 2743 1736 2814 adversus
1757 2741 1904 2811 Catulum

1251 2843 1421 2913 invitatur.
1445 2846 1473 2910 l.
1494 2864 1570 2930 174.
1586 2843 1722 2914 Foedus
1738 2865 1814 2911 curn
1832 2846 1908 2908 Pon-

1251 2942 1343 3012 tifice
1367 2941 1461 3010 Max.
1484 2939 1593 3009 Gallis
1622 2959 1659 3010 et
1687 2938 1824 3009 Venetis
1845 2958 1910 3004 san-

1251 3040 1306 3110 cit.
1322 3045 1349 3108 Ι.
1367 3056 1443 3128 175.
1460 3036 1519 3109 Ad
1535 3040 1706 3108 Carolum
1722 3035 1908 3134 legationem

1255 3137 1377 3206 mittit.
1394 3142 1422 3205 I.
1443 3158 1482 3227 43
1496 3160 1523 3204 4.
1546 3134 1726 3206 Creditam
1747 3133 1910 3230 pecuniam

1253 3237 1382 3329 aliaque
1409 3232 1492 3302 benc
1513 3236 1618 3303 multa
1643 3259 1663 3304 a
1693 3239 1834 3305 Caesare
1863 3251 1912 3323 pe·

1252 3335 1319 3403 tit.
1348 3338 1376 3401 Ι.
1397 3354 1477 3423 434.
1518 3332 1739 3402 Catherinam
1783 3350 1911 3398 uxorem

1253 3429 1423 3526 repudiat.
1456 3435 1486 3498 I.
1508 3452 1589 3522 434.
1617 3429 1680 3499 Ad
1703 3427 1851 3502 Caesaris
1871 3428 1914 3494 le·

1252 3529 1420 3626 gationcm
1447 3525 1596 3598 debello
1613 3531 1772 3600 Turcico
1796 3547 1913 3620 respou-

1252 3628 1329 3698 det.
1356 3633 1384 3696 Ι.
1418 3648 1497 3717 343.
1537 3628 1706 3697 Carolum
1749 3631 1910 3699 Caesarem

1252 3724 1394 3797 solicitat
1414 3723 1457 3793 ad
1477 3724 1601 3794 bellum
1625 3722 1787 3794 adversus
1803 3723 1912 3792 Gallo-

1254 3847 1329 3893 rum
1362 3827 1514 3919 Regem.
1538 3827 1584 3892 ΙΙ.
1614 3844 1703 3913 444.
1738 3817 1914 3893 Necessaria

1253 3922 1341 3991 bello
1364 3938 1558 4017 comparat.
1595 3923 1643 3989 II.
1676 3943 1766 4012 244.
1810 3915 1914 4013 eopiis

1252 4019 1286 4090 in
1311 4019 1458 4090 Galliam
1481 4018 1623 4106 trajectis
1647 4021 1842 4089 Bononiam
1861 4039 1914 4084 cx-

1252 4137 1403 4214 pugnat.
1424 4123 1470 4187 II.
1489 4122 1568 4186 260.
1598 4118 1839 4189 Montcrolum
1856 4137 1914 4208 op·

1252 4215 1371 4313 pidum
1399 4214 1550 4284 obsidet.
1578 4217 1624 4285 ΙΙ.
1648 4219 1735 4286 460.
1769 4219 1911 4285 Domum

1253 4313 1365 4396 redit,
1389 4338 1407 4383 a
1446 4317 1583 4382 Caesare
1610 4311 1655 4382 de
1690 4311 1908 4409 pacificatione

1253 4411 1375 4483 certior
1411 4408 1538 4480 factus.
1582 4415 1628 4480 II.
1671 4418 1752 4483 260.
1786 4407 1909 4480 Luthe·

1254 4533 1370 4581 ranam
1406 4509 1610 4604 impietatem
1639 4510 1674 4579 in
1716 4505 1915 4582 Britanniam

1253 4608 1400 4681 inducit.
1440 4614 1485 4678 ΙΙ.
1517 4613 1600 4699 467.
1630 4612 1765 4680 Carolo
1791 4603 1917 4680 Caesari

1254 4726 1402 4778 trecenta
1443 4705 1645 4777 ducatorum
1696 4709 1802 4780 millia
1848 4728 1917 4773 mu-

1253 4823 1351 4880 tuat.
1383 4809 1428 4878 II.
1459 4808 1544 4897 468.
1583 4807 1696 4881 Omni
1734 4810 1919 4972 100004ωὲ-

1898 4922 1918 4969 0
1997 4931 1998 4974 z
