4110 5888
656 358 1155 439 SUMMA'RIUM.
1540 378 1628 445 XLI.

177 496 390 574 erratorum
435 488 582 574 veniam
630 486 886 600 Neapolitanis
939 486 992 572 liis
1024 512 1260 607 ceteramque
1284 489 1456 598 turbam,
1487 494 1660 616 itemque

176 606 390 720 impertiens
417 607 521 720 ,qui
561 606 608 692 de
651 604 734 720 lege
784 606 884 691 silen·
941 607 1237 693 Maximilianum
1253 610 1405 725 ejusque
1430 613 1650 709 comitatum

175 724 274 810 tium
305 725 532 840 impetrant.
941 724 1132 838 splendide
1168 727 1297 812 diebus
1328 728 1495 844 quinque
1530 733 1613 822 alit.

1000 846 1050 928 V.
1112 849 1165 930 At
1191 844 1401 951 Tutelam,
1434 848 1570 934 deinde
1596 857 1647 941 ad

201 979 203 982 ’
359 969 472 1059 Llss,
526 965 720 1063 XXVI,
942 958 1112 1092 Olivares
1150 960 1275 1047 vicum
1299 963 1503 1077 procedens
1529 970 1648 1057 Marri

236 1200 266 1282 Ι.
335 1155 564 1281 Confecto
606 1195 707 1281 bello
729 1199 887 1281 Germa·
940 1078 1160 1304 illlildlmhe
1181 1081 1489 1312 hdppiedilklpese
1504 1112 1646 1295 egidi:

177 1316 287 1419 nico,
302 1312 460 1399 Carolus
474 1313 687 1429 Philippum
710 1312 827 1399 filium
850 1315 888 1397 in
940 1340 1017 1427 que
1047 1314 1222 1398 Proceres
1250 1314 1472 1400 descendere
1503 1346 1643 1440 cogan-

180 1433 357 1550 Belgium
406 1430 455 1516 ad
499 1460 538 1516 se
579 1459 716 1518 vocare
757 1432 889 1517 consti·
941 1457 1026 1535 tur,
1069 1431 1280 1517 nuntiatum
1326 1431 1479 1538 mittit,
1519 1466 1563 1529 ut
1594 1447 1645 1532 ad

181 1549 292 1655 tuit,
323 1575 366 1636 ut
411 1577 482 1664 pro
524 1549 639 1634 Patris
684 1577 891 1634 successore
940 1549 1180 1644 Quemadam
1201 1550 1428 1663 praetorium
1460 1552 1641 1673 divertat,

178 1667 404 1782 recipiatur.
443 1666 636 1754 Albanum
660 1666 786 1780 itaque
808 1672 893 1751 Du·v
940 1665 1141 1781 hospitium
1175 1665 1430 1754 Maximiliano
1475 1682 1645 1796 magnffi.

178 1813 267 1873 cem
304 1815 353 1871 eo
396 1784 549 1871 consilio
594 1784 632 1869 in
671 1784 895 1902 Hispaniam
941 1810 1029 1868 cea
1059 1785 1300 1874 Comestabili
1331 1811 1521 1898 paratum.

178 1902 322 2009 mittit,
353 1903 421 2018 qui
450 1901 578 1989 omnia
611 1903 660 1989 ad
692 1898 889 2018 profectio
1014 1906 1083 1987 Vl.
1138 1905 1241 1988 ‚Huc
1278 1903 1344 2017 ipsi
1387 1905 1643 1993 Comestabilis

177 2048 271 2105 nem
311 2045 446 2135 paret,
481 2046 521 2106 et
556 2049 698 2110 novam
730 2017 892 2106 formam
940 2021 1267 2136 adest,ceterique
1288 2025 1462 2106 Proceres
1489 2051 1644 2109 venera·

179 2161 222 2225 et
256 2138 428 2224 ordinem
460 2135 619 2225 familiae
663 2137 713 2225 ad
745 2168 890 2224 morem
940 2138 1058 2225 bundi
1086 2138 1264 2225 salutant.
1312 2143 1439 2225 Nocte
1471 2140 1642 2253 sequenti

177 2256 420 2372 Burgundiae
445 2255 630 2344 irrstintat.
941 2255 1127 2369 Philippus
1157 2257 1233 2370 ipse
1270 2248 1380 2340 oflicii
1417 2284 1456 2342 et
1484 2258 1644 2344 salutan-

200 2438 203 2442 »
243 2378 287 2457 Π.
345 2376 409 2461 Ad
443 2374 630 2460 decimum
657 2374 775 2491 igitr!
792 2396 891 2461 octa·
942 2373 981 2456 di
1015 2374 1134 2506 gratia
1170 2400 1236 2486 per
1279 2402 1398 2486 equos
1450 2372 1645 2488 dispositos

183 2521 279 2581 vum
307 2491 497 2577 Kalendas
523 2494 745 2606 Septembris
786 2521 892 2607 pran-
940 2514 1082 2599 venrt,
1114 2513 1368 2606 coenatusque
1408 2489 1644 2582 Valdolitum

179 2606 296 2695 dente
327 2609 499 2725 Philippo
527 2609 671 2716 initium
713 2608 758 2697 fit
794 2611 888 2698 novi
941 2612 1110 2697 revertit.
1138 2661 1144 2674 ι

178 2727 319 2812 moris.
343 2727 620 2814 Maximilianus
635 2729 805 2814 Austriae
820 2732 891 2815 Ar·
1000 2732 1082 2814 Vll.
1142 2726 1335 2815 Valdolito
1358 2727 1547 2813 accedenti
1560 2728 1640 2814 Ma·

175 2844 324 2932 chidux
357 2845 395 2928 in
420 2846 638 2962 Hispaniam
668 2844 796 2932 Caroli
824 2845 891 2955 jus·
939 2846 1124 2932 ximiliano
1156 2846 1342 2960 Philippus
1373 2842 1527 2935 obviam
1557 2876 1641 2960 pro·

181 2990 232 3045 su
259 2959 523 3076 proficiscitur,
551 2988 595 3049 ut
623 2964 744 3078 Regni
774 2963 885 3048 admi·
942 2965 1067 3068 cedit,
1086 2964 1123 3047 in
1140 2963 1372 3080 Regiamque
1397 2961 1567 3048 deducit.
1595 2970 1643 3048 E·

178 3079 439 3166 nistrationem
477 3110 564 3167 cum
607 3081 732 3165 Maria
775 3109 891 3166 uxore
942 3079 1085 3190 jusdem
1108 3111 1195 3179 cum
1224 3081 1347 3167 Maria
1372 3079 1523 3194 nuptiae
1548 3080 1643 3166 cele·

178 3196 318 3285 obeat.
941 3197 1116 3286 brantur.
1420 3273 1426 3283 .

244 3301 320 3401 111.
397 3316 577 3404 Castellae
635 3316 890 3404 Comestabilis
1001 3321 1101 3404 VllI.
1142 3315 1349 3430 Philippus,
1365 3312 1488 3433 Regni
1510 3343 1641 3430 procu·

180 3432 442 3521 Maximiliano
490 3437 641 3521 obviam
689 3435 890 3548 procedere
940 3435 1084 3521 ratione
1132 3435 1388 3521 Maximiliano
1435 3458 1475 3518 et
1517 3434 1644 3520 sorori·

181 3577 320 3665 parat,
350 3554 416 3667 qui
451 3553 604 3667 quidem
632 3581 654 3638 e
685 3557 825 3636 Genua
850 3551 890 3635 in
940 3552 1194 3658 tradita,cum
1221 3581 1341 3666 parvo
1363 3550 1571 3664 principum
1587 3550 1640 3638 vi·

180 3669 402 3783 Hispaniam
445 3671 624 3786 navigans
667 3669 704 3753 in
737 3696 884 3784 quarta·
940 3698 1068 3755 rorum
1105 3669 1285 3754 comitatu
1315 3668 1521 3782 Rhodopes
1556 3696 1639 3782 por·

183 3812 275 3871 nam
302 3785 452 3892 incidit,
468 3812 507 3873 et
527 3785 733 3873 Barcinone
749 3846 761 3891 ,
779 3813 818 3873 et
841 3785 891 3872 ad
938 3810 1022 3871 tum
1069 3784 1326 3903 proficiscitur.
1377 3784 1443 3870 Ad
1491 3786 1639 3870 Montis

157 3905 323 4016 smontis
369 3905 502 3990 Serrati
543 3904 768 3991 coenobium
812 3927 891 3988 tan·
939 3906 1072 3991 Serrari
1112 3904 1337 3991 coenobium
1368 3925 1639 3992 sacramentum
1794 3967 1799 3975 -

145 4022 159 4160 l
178 4019 297 4134 risper
327 4020 483 4106 subsistit
510 4021 733 4108 Madruccio
761 4021 890 4108 Cardi-
939 4019 1175 4108 confessionis
1211 4046 1249 4107 et
1289 4020 1537 4136 poenitentiae
1578 4047 1638 4132 pa·

148 4138 261 4224 ‘nali
292 4162 504 4225 assectante.
940 4163 1046 4241 trat,
1092 4139 1342 4255 Piscariaeque
1377 4133 1639 4224 Marchionem

244 4257 313 4340 IV.
373 4259 434 4339 Ex
466 4279 595 4341 monte
624 4261 772 4346 Sertato
801 4259 888 4341 Ma·
940 4258 1098 4345 obvium
1126 4257 1255 4343 habet.

180 4370 388 4457 xinrilianus
410 4372 644 4459 Valdolitum
675 4375 886 4460 contendit.
1000 4378 1067 4460 lX.
1126 4374 1335 4460 Barcinone
1359 4366 1408 4453 ad
1436 4368 1544 4455 aedes
1564 4374 1639 4456 Ste⁴

182 4487 445 4574 Comestabilis
481 4489 676 4576 Valdolito
712 4490 890 4606 digressus
942 4491 1102 4604 phaniae
1131 4488 1285 4600 Joamris
1309 4485 1501 4606 Zugnigae
1530 4486 1642 4572 nutri·
1737 4593 1739 4595 .

186 4632 276 4736 cum
299 4606 594 4722 quingentorum
625 4608 794 4721 equitum
828 4621 889 4693 co
942 4607 986 4692 cii
1023 4608 1077 4692 sui
1115 4606 1250 4693 viduae
1285 4605 1454 4693 divertit.
1486 4608 1642 4689 Gerun-

189 4730 527 4922 mrtppul}r10cetes
560 4752 648 4809 curn
679 4724 751 4817 suis
791 4721 892 4810 farni-
943 4725 1032 4811 dant
1062 4724 1182 4842 Regio
1223 4753 1329 4813 more
1366 4722 1506 4928 lippet,
1529 4746 1622 4855 atqu
1697 4777 1700 4781 ·

289 4866 355 4922 om.
408 4902 418 4924 .
1596 4865 1644 4919 rn-
