4170 5866
564 400 645 488 162
949 410 1036 490 DE
1076 407 1280 490 REBUS
1321 407 1542 489 GEsrrs

525 569 701 688 Gallus,
743 601 794 667 ut
828 561 1073 694 inducto
1061 601 1109 661 m
1146 564 1405 724 imparatam
1442 556 1703 719 Hispaniam
1757 560 1979 687 exercitu,

528 694 696 813 bonam
734 719 823 841 ejus
862 744 1030 847 partem
1067 745 1205 868 parvo
1242 707 1425 847 negotio
1463 745 1487 803 a
1524 747 1567 804 se
1609 707 1811 847 occupari
1853 746 1981 870 posse

532 853 793 957 confideret.
846 861 926 950 Per
963 889 1135 950 causam
1170 849 1305 989 igitur
1343 849 1685 1010 supplementi
1674 889 1720 949 m
1755 852 1980 953 Taurinos

534 1034 577 1097 et
613 995 811 1136 oppida,
838 1033 950 1133 quae
980 995 1152 1093 circum
1178 1033 1285 1093 eam
1321 1032 1548 1134 regronem
1585 993 1804 1131 praesidiis
1839 997 1980 1095 Galli-

533 1141 592 1237 cis
629 1137 916 1255 tenebantur,
935 1136 1237 1236 summittendi
1273 1136 1408 1272 (nam
1445 1133 1514 1234 hic
1551 1175 1698 1235 rumor
1732 1132 1869 1237 fuerat
1904 1133 1980 1237 fal-

533 1282 651 1381 lendi
685 1281 822 1422 gratia
858 1280 1108 1418 dissipatus)
1148 1280 1382 1384 exercitum
1418 1279 1577 1418 cogit,
1613 1317 1704 1377 non
1755 1316 1981 1419 exspecta-

533 1461 583 1525 to
618 1424 842 1522 Turcicae
875 1423 1012 1524 classis
1065 1423 1302 1540 aduentu,
1343 1458 1422 1520 nec
1457 1455 1605 1522 tamen
1653 1422 1944 1562 desperans
1932 1461 1980 1523 ιιι

534 1603 732 1707 tempore
769 1568 967 1665 eamdem
1003 1563 1263 1665 affuturam.

607 1719 755 1809 VIII
792 1720 897 1807 Hoc
947 1709 1188 1849 cognit0,
1200 1706 1413 1825 Carolus,
1451 1704 1531 1847 qui
1564 1653 1724 1870 Regis·
1747 1707 1978 1810 mobilita-

538 1887 629 1951 tem
665 1860 752 1980 jam
791 1852 961 1991 pridem
997 1884 1237 2002 suspectam
1271 1848 1490 1968 habebat,
1525 1851 1756 1951 necessaria
1791 1853 1847 1949 ad
1882 1851 1979 1952 bel-

538 1994 632 2095 lum
682 1989 1031 2094 defendendum
1056 1993 1284 2132 providere
1335 1993 1531 2132 coepit,
1576 2034 1627 2092 ac
1677 1994 1871 2134 primum
1924 2035 1980 2094 o·

538 2137 714 2236 mnium
749 2137 910 2236 nuntiis
946 2136 1183 2275 litterisque
1226 2138 1282 2234 ad
1331 2134 1521 2235 confinia
1562 2135 1787 2236 Gallorum
1837 2171 1880 2234 et
1930 2138 1979 2239 ln

538 2278 710 2379 Italiam
745 2279 964 2395 dimissis,
1001 2318 1099 2378 suos
1136 2276 1301 2418 ubique
1338 2273 1574 2418 praefectos
1610 2279 1810 2378 certiores
1847 2273 1978 2400 facit,

424 2451 429 2457 ’
541 2456 583 2519 et
617 2460 728 2522 arces
763 2423 1012 2581 oppidaque
1048 2421 1252 2540 munire,
1288 2456 1332 2518 et
1368 2458 1520 2519 omma
1537 2460 1688 2561 ,quae
1724 2419 1840 2520 bello
1875 2459 1982 2560 pro-

540 2562 819 2702 pulsando
789 2599 874 2662 srnt
916 2602 1053 2682 usur,
1095 2560 1249 2695 habere
1284 2597 1431 2703 parata
1465 2498 1616 2695 juliet
1667 2561 1840 2664 Deinde
1876 2603 1982 2664 cum

541 2741 646 2804 esset
681 2706 893 2826 allatum,
929 2706 1144 2807 Gallicum
1191 2743 1424 2806 exercitum
1474 2706 1522 2803 in
1557 2707 1822 2847 Hispaniam
1871 2746 1982 2806 con-

541 2846 700 2966 verti,
736 2889 817 2948 nec
865 2850 1014 2988 procul
1065 2889 1090 2948 a
1136 2850 1348 2952 Narbone
1402 2849 1687 2968 consedisse,
1723 2884 1827 2948 tunc
1877 2888 1982 2950 vero

456 3074 461 3087 ,
542 2991 653 3088 duos
687 2925 791 3089 belli
826 2992 954 3092 duces
988 2990 1262 3109 constituit,
1282 3001 1457 3091 Petrum
1482 2927 1714 3092 Velascurit
1749 3003 1984 3093 Comesta-

543 3128 708 3293 bilem,
745 3170 788 3231 et
822 3137 1093 3232 Fernandum
1127 3136 1340 3233 Toletum
1375 3146 1548 3234 Ducem
1583 3132 1840 3252 Albanum,
1879 3174 1984 3275 pro·

542 3270 709 3373 vinciis
734 3275 929 3415 partitis,
956 3312 1005 3373 ut
1041 3275 1200 3375 diversi
1234 3314 1334 3375 cum
1371 3277 1560 3375 exercitu
1594 3285 1866 3413 Pyrenaeum
1901 3276 1986 3378 ob

540 3415 758 3536 sidentes,
794 3418 927 3518 Gallis
961 3415 1245 3538 obsisterent,
1281 3458 1331 3518 ac
1366 3419 1546 3518 transitu
1581 3417 1888 3559 prohiberent·
1880 3487 1892 3528 ‚
1910 3419 1988 3520 ille

541 3560 597 3656 ad
646 3496 926 3660 Caniabriam
977 3596 1021 3659 et
1056 3570 1333 3679 Navarram,
1371 3559 1565 3663 Albanus
1617 3563 1672 3662 ad
1720 3562 1989 3663 Ruscinonis

541 3702 852 3821 Comitatum,
888 3743 999 3843 quae
1048 3703 1170 3845 regio
1219 3742 1322 3802 cum
1358 3701 1638 3804 Narbonensi
1686 3704 1860 3824 Gallia,
1895 3744 1992 3846 qua

493 3889 495 3893 ·
539 3848 805 3977 Pyrenaeum
841 3886 891 3944 ac
926 3885 1044 3966 mare
1079 3847 1300 3945 internum
1336 3846 1545 3988 attingit,
1584 3848 1887 3966 contineatur,
1928 3883 1991 3947 est

540 4020 688 4085 tamen
724 3988 987 4126 Hispanicae
1023 3989 1237 4107 ditionis,
1273 4025 1323 4088 ut
1351 4027 1456 4150 pars
1491 3990 1708 4129 quaedam
1743 3997 1987 4117 Navarrae,

538 4166 651 4266 quae
686 4130 798 4230 ultra
833 4130 988 4229 saltum
1020 4065 1237 4233 eumdeni
1280 4131 1512 4250 discurrit,
1545 4170 1679 4292 quam
1722 4131 1770 4231 in
1814 4168 1986 4272 partem

537 4308 637 4369 cum
676 4274 903 4374 Gallorum
938 4276 1147 4376 exercitus
1182 4273 1386 4374 inclinare
1432 4275 1738 4392 nuntiaretur,
1776 4312 1984 4414 propera-

534 4451 579 4510 re
616 4413 847 4540 Albanus,
883 4456 934 4516 ac
969 4418 1169 4557 oppida,
1206 4457 1317 4557 quae
1353 4416 1439 4517 sint
1474 4417 1519 4515 in
1558 4459 1611 4517 eo
1661 4451 1799 4515 tractu
1819 4457 1985 4578 ”opere

532 4558 600 4653 vel
637 4594 783 4658 natura
817 4562 1088 4678 munitiora,
1126 4561 1342 4699 praesidio
1378 4557 1588 4698 rebusque
1624 4558 1868 4656 necessariis
1909 4559 1985 4658 fir

480 4728 648 4798 marc
681 4700 889 4831 jubetur,
926 4704 1236 4842 Perpinianum
1271 4701 1580 4839 potissimum,
1614 4740 1705 4840 quo
1743 4699 1846 4802 belli
1887 4742 1986 4801 mo-

1928 4845 1987 4944 les
