4110 5888
459 394 491 486 4
856 379 939 457 un
971 371 1178 456 nauus
1211 371 1432 454 uastis

272 666 275 672 Ι
422 541 607 660 vendo,
643 533 748 640 item
785 522 1103 637 commeatibus
1139 530 1447 673 comparandis
1483 568 1533 628 ac
1569 525 1884 653 distribuendis

427 685 719 808 admittatur,
754 720 804 779 ac
841 680 1030 790 omnino
1066 678 1327 820 dispiciendi
1362 713 1405 775 et
1442 674 1728 919 explorandi,
1748 714 1888 816 quam

429 865 544 931 recte
577 819 896 968 praefectorum
932 825 1115 968 quisque
1151 863 1230 922 suo
1272 861 1450 930 munere
1536 858 1726 960 ngatur.
1781 829 1888 919 Hoc

429 973 565 1114 igitur
600 969 774 1069 Sanctio
810 982 951 1067 Bravo
1003 1006 1046 1065 et
1092 966 1262 1093 Alvaro
1312 968 1459 1103 Grado
1497 964 1693 1064 militum
1745 960 1887 1063 tribu«

430 1153 490 1214 no
527 1150 689 1216 ceteros
726 1108 1088 1229 adhortantibus,
1118 1144 1161 1208 et
1196 1149 1288 1209 rem
1325 1108 1555 1208 communi
1590 1106 1776 1208 consilio
1805 1108 1888 1206 ad-

430 1252 815 1376 ministrantibus,
839 1253 1128 1397 'oppugnatio
1165 1292 1242 1392 per
1277 1250 1549 1352 Marchionis
1585 1289 1778 1352 mortem
1814 1250 1889 1350 in-

431 1401 660 1516 termissa,
696 1398 908 1538 postridie
944 1434 1068 1498 tanto
1105 1398 1300 1499 militum
1335 1399 1487 1497 ardore
1522 1398 1780 1537 impetuque
1817 1434 1890 1496 re-

431 1544 656 1660 stituitur,
691 1575 746 1640 ut
777 1542 971 1642 custodes
1006 1576 1126 1642 metu
1162 1540 1348 1682 perculsi
1380 1580 1524 1655 arcem
1560 1542 1795 1664 dederent,
1821 1581 1891 1664 se÷

432 1728 519 1828 que
556 1687 616 1784 in*
641 1720 904 1827 potestatem
941 1687 1030 1787 sine
1066 1685 1322 1787 conditione
1357 1686 1684 1826 permitterent.

361 1952 364 1958 Ι
503 1840 581 1930 IV.
656 1830 741 1928 His
778 1827 903 1930 rebus
939 1831 1248 1931 Mediolanum
1283 1832 1530 1951 nuntiatis,
1565 1829 1785 1930 Antonius
1821 1824 1891 1930 Ᾱ-

432 1972 671 2114 ragonius,
708 1972 789 2117 qui
824 1975 964 2116 copiis
1010 1975 1092 2074 illis
1129 2009 1371 2114 praeesset,
1406 2016 1431 2075 a
1466 1973 1591 2075 Vasti
1626 1966 1895 2074 Marcbione'

329 2192 330 2195 κ
432 2119 617 2238 missus,
653 2150 696 2216 et
740 2117 872 2218 occisi
907 2118 1119 2261 Principis
1171 2158 1331 2259 poenas
1384 2157 1409 2215 a
1461 2116 1668 2218 dedititiis
1721 2144 1892 2219 sumere

433 2272 603 2396 jussus,
639 2261 905 2403 primoribus
939 2264 989 2363 in
1026 2258 1276 2402 patibulum
1310 2260 1446 2379 actis,
1474 2259 1700 2403 populares
1734 2300 1893 2364 nume·-

432 2445 486 2507 ro
534 2405 860 2547 quinquaginta
903 2404 1152 2508 triremibus
1202 2406 1250 2506 in
1301 2401 1540 2548 remigium
1590 2405 1892 2547 mancipavit.
1961 2464 1962 2467 κ

370 2577 373 2585 ’
433 2558 537 2649 Post
589 2547 695 2649 haec
739 2550 929 2693 Hispani
980 2552 1149 2695 generis
1198 2549 1359 2651 milites
1396 2626 1411 2670 ‚
1449 2551 1528 2690 qui
1581 2589 1745 2651 menses
1799 2560 1897 2681 jam

433 2693 635 2835 quinque
670 2693 890 2834 stipendio
926 2728 1184 2819 caruerant,
1220 2689 1331 2800 facta
1363 2697 1633 2823 secessione,
1671 2692 1813 2795 castris
1850 2733 1898 2792 se

435 2834 735 2937 subtraxerunt
788 2840 1061 2982 indignantes
1093 2840 1260 2982 ,quod
1297 2839 1377 2980 qui
1412 2840 1617 2940 omnium
1652 2837 1787 2980 primi
1823 2877 1896 2937 es-

363 3021 369 3056 .
436 3017 532 3080 sent
567 2982 614 3080 in
649 2980 869 3083 laboribus
905 3021 947 3085 et
985 2984 1181 3125 periculis
1216 2984 1461 3104 adeundis,
1497 2984 1633 3084 iidem
1681 2979 1899 3123 postremi

435 3124 484 3224 in
536 3125 708 3226 ratione
759 3126 1058 3267 praemiorum
1110 3126 1412 3249 haberentur,
1451 3127 1622 3268 solique
1675 3127 1751 3250 diu
1804 3123 1900 3224 sine

426 3267 659 3409 stipendio
711 3271 901 3371 militare
951 3309 1213 3416 cogerentur
1236 3294 1258 3381 '3
1304 3309 1425 3375 vetus
1475 3273 1636 3373 scilicet
1686 3267 1895 3412 querela.

383 3487 385 3491 -
436 3417 560 3512 Nam
607 3413 655 3513 id
699 3453 822 3556 saepe
856 3414 1063 3556 Hispanis
1104 3414 1262 3517 accidit
1306 3417 1354 3517 in
1393 3412 1516 3516 bellis
1557 3415 1741 3535 Italicis,
1784 3414 1900 3516 dum

438 3595 512 3655 eos
558 3557 605 3659 in
652 3585 798 3658 rerum
847 3560 1001 3700 inopia
1051 3598 1205 3660 omnes
1255 3559 1643 3661 incommoditates
1692 3557 1901 3702 aequiore

439 3700 576 3839 quam
613 3706 779 3801 ceteros
816 3704 977 3804 animo
999 3703 1167 3817 laturos
1203 3726 1322 3829 esse-²,
1343 3706 1486 3806 ,duces
1522 3745 1614 3806 non
1649 3699 1900 3804 dubitarent

390 3930 392 3934 ,
435 3880 617 3984 propter
653 3846 892 3969 maximam
929 3849 1128 3989 ipsorum
1165 3884 1209 3948 et
1242 3846 1410 3947 cunctis
1459 3882 1727 3988 perspectam
1751 3864 1903 3967 ,tum

397 4101 401 4108 ,
430 3987 732 4089 calamitatum
769 3990 1057 4132 patientiam,
1079 4030 1178 4095 tum
1213 3990 1349 4093 fidem
1374 3991 1422 4088 in
1458 4029 1588 4089 suum
1622 3991 1898 4129 Principem,

376 4124 403 4256 ζ’
435 4143 556 4264 cujus
593 4134 793 4276 auspiciis
829 4174 873 4237 et
896 4105 1128 4283 ldispanae
1162 4133 1353 4235 nationis
1388 4133 1571 4234 nomine
1606 4130 1697 4235 fere
1731 4130 1900 4260 bellum

429 4273 483 4376 in
518 4279 640 4376 Italia
673 4278 944 4421 gerebatur.
977 4291 1122 4391 vNam
1158 4290 1482 4380 Germanorum
1508 4278 1715 4420 „quibus
1770 4276 1902 4376 sociis

433 4421 622 4561 Hispani
657 4424 794 4524 multa
832 4423 942 4526 bella
978 4457 1176 4566 gessere,
1200 4424 1332 4565 longe
1369 4424 1486 4522 aliud
1523 4459 1585 4522 est
1621 4419 1896 4541 institutum,

433 4564 512 4703 qui
547 4600 748 4704 oportere
801 4604 1036 4685 statuunt,
1073 4573 1166 4666 tam
1215 4567 1299 4667 sibi
1352 4566 1566 4707 stipendia
1616 4588 1835 4666 menstrua
1870 4605 1898 4664 a

369 4844 371 4849 Ι
432 4705 646 4829 ducibus,
672 4706 832 4851 quibus
869 4715 1076 4813 conducti
1111 4748 1263 4852 patent
1278 4789 1294 4833 ,
1317 4713 1443 4813 certis
1480 4706 1753 4849 temporibus
1786 4745 1893 4949 perl-

1800 4891 1849 4950 so
1868 4910 1893 4926 -
