4110 5888
527 429 604 501 r10
862 410 1008 494 DE
1055 407 1253 490 REBUS
1300 405 1537 489 GESTIS

511 572 648 677 Ducis
691 567 739 671 in
782 565 924 733 ipsum
960 566 1250 667 Laurentium
1295 601 1566 709 perspectam
1607 559 1772 665 cunctis
1816 560 1968 670 indul·

498 719 712 862 gentiam
763 713 1031 853 suspicante.
1062 712 1286 815 Discessit
1327 748 1474 812 autem
1518 749 1593 852 per
1634 750 1810 812 causam
1847 714 1970 814 invi-

518 864 640 966 sendi
674 856 898 978 fratrem,
906 857 1012 999 qui
1047 855 1133 960 sibi
1173 856 1394 959 nuntiatus
1431 896 1538 957 esser
1573 895 1784 997 perquam
1808 859 1971 1000 gravi

517 1043 583 1106 ter
619 1038 879 1146 aegrotare3
916 1035 959 1100 et
994 1040 1068 1162 per
1104 1041 1240 1143 equos
1276 1002 1511 1142 dispositos
1545 1002 1828 1123 Bononiam,
1866 1003 1971 1106 inde

517 1149 724 1253 Venetias
761 1186 848 1246 sese
882 1145 1043 1287 recepit
1077 1184 1181 1246 cum
1226 1144 1398 1248 duobus
1439 1143 1705 1267 comitibus,
1742 1188 1856 1289 quos
1899 1189 1971 1250 so·

507 1294 611 1398 ‚cios
639 1290 845 1394 habuerat
881 1288 1084 1432 patrandi
1122 1285 1354 1392 facinoris.
1408 1302 1618 1392 Ceterum
1653 1292 1841 1434 populus
1870 1293 1973 1394 Flo-

517 1439 712 1541 sentinus
747 1473 841 1536 tam
876 1473 1102 1578 oppressus
1138 1473 1266 1554 erat,
1300 1434 1484 1536 ademtis
1519 1470 1687 1577 praeter
1720 1436 1889 1578 gladios
1925 1478 1974 1538 o-

517 1581 697 1686 mnibus
732 1581 899 1699 armis,
940 1616 983 1680 et
1019 1580 1228 1742 imposito
1264 1595 1542 1680 externorum
1576 1581 1823 1744 praesidio,
1854 1619 1974 1722 prae-

517 1763 719 1868 tereaque
764 1765 862 1825 arce
911 1722 1201 1826 munitissima
1252 1722 1561 1843 exaedificata,
1584 1762 1646 1825 ut
1679 1726 1816 1826 Ducis
1867 1763 1975 1825 nece

518 1872 794 2013 divulgata,
828 1866 969 1972 nihilo
1018 1904 1166 1971 tamen
1214 1869 1356 2012 magis
1404 1869 1583 1969 auderet
1635 1871 1692 1970 ad
1726 1866 1974 1971 libertatem

517 2043 730 2157 asprrare.

591 2171 672 2262 XI.
747 2168 849 2261 Erat
893 2157 943 2260 id
993 2158 1202 2321 temporis
1250 2156 1483 2261 Florentiae
1519 2171 1708 2262 Cosmus
1743 2156 1972 2279 Medicea,

517 2303 708 2440 Joannis
743 2313 834 2438 ejus
883 2303 1028 2423 filius,
1065 2342 1147 2446 qur
1180 2342 1285 2405 cum
1321 2301 1571 2404 Pontificias
1613 2302 1762 2468 copias
1805 2304 1854 2404 in
1888 2313 1976 2403 Ita-

393 2494 395 2503 ·
518 2449 603 2549 liae
638 2447 888 2590 Galliaeque
924 2484 967 2548 et
999 2448 1243 2549 Britanniae
1294 2446 1621 2610 conspiratione
1669 2449 1717 2549 in
1760 2447 1975 2563 Carolum

520 2605 753 2696 Caesarem
787 2588 902 2693 facta
935 2595 1165 2713 ductaret,
1200 2593 1411 2692 tormenti
1444 2590 1564 2712 te10,
1599 2627 1649 2693 ut
1698 2630 1823 2733 supra
1874 2630 1976 2692 me·

519 2738 820 2859 moravimus,
856 2738 969 2838 ictus
1004 2738 1248 2839 interierat
1295 2747 1429 2838 Hunc
1464 2735 1731 2855 Florentini,
1768 2773 1978 2837 commu-

522 2882 674 2985 nicatis
709 2881 946 3003 consiliis,
983 2881 1032 2982 in
1071 2883 1310 2983 Alexandri
1342 2880 1493 2981 locum
1536 2876 1732 2983 sufficere
1773 2882 1978 2981 decreve-

522 3061 651 3127 runt.
697 3037 859 3186 Iraque
894 3039 1068 3127 Senatus
1096 3104 1112 3148 ,
1145 3066 1281 3167 quem
1317 3023 1560 3125 Alexander
1594 3067 1647 3125 ex
1688 3023 1981 3167 quadraginta

522 3204 629 3270 octo
665 3171 767 3271 vrris
800 3169 1420 3289 constituerat,auctoritate,
1453 3206 1497 3269 et
1532 3168 1811 3310 popularium
1845 3206 1978 3267 com

524 3313 654 3416 muni
702 3312 1066 3454 approbatione,
1100 3246 1451 3415 Florentinoruin
1486 3315 1756 3455 Principatus
1791 3312 1849 3412 ad
1883 3323 1980 3413 Co·

497 3496 673 3594 smum
708 3458 934 3559 Medicem
971 3453 1189 3578 defertur3
1228 3460 1354 3600 quod
1400 3498 1455 3559 eo
1490 3458 1678 3559 consilio
1711 3452 1880 3558 factum
1915 3488 1981 3555 est

523 3642 550 3702 a
584 3601 874 3721 Florentinis
904 3604 1012 3704 dum
1048 3642 1199 3705 omnes
1233 3615 1449 3704 Cosmum
1484 3603 1533 3704 in
1567 3601 1760 3745 patriam
1794 3638 1982 3742 suosque

525 3744 641 3844 cives
680 3744 936 3885 aequiorem
988 3743 1083 3847 fore
1134 3745 1442 3867 confiderent,
1475 3748 1519 3848 si
1546 3787 1641 3849 non
1689 3783 1864 3850 externa
1899 3743 1979 3862 vi,

522 3923 573 3988 ut
607 3888 888 4009 Alexander,
922 3889 1043 3992 sed
1032 3928 1231 4031 ipsorum
1268 3890 1484 3994 beneficio
1527 3925 1571 3989 et
1604 3887 1903 3990 voluntate
1867 3885 1983 3988 crvi-

522 4031 603 4132 tati
639 3968 969 4174 praeficereiur·
961 4103 973 4144 ‚
993 4033 1210 4177 simulque
1245 4074 1339 4136 rem
1374 4034 1536 4135 Carolo
1571 4034 1746 4135 Caesari
1781 4073 1872 4133 non
1908 4030 1984 4131 in·

523 4213 694 4315 gratam
730 4173 827 4278 fore
867 4177 1223 4300 existimabant,
1260 4180 1297 4278 si
1331 4173 1434 4277 ab
1423 4178 1525 4319 ipsis
1560 4176 1609 4277 in
1651 4174 1874 4279 demortui
1910 4175 1985 4274 lo-

523 4357 625 4421 cum
662 4363 713 4421 ex
752 4323 904 4422 eadem
940 4324 1144 4424 Medicea
1178 4319 1382 4443 familia,
1416 4332 1539 4456 cujus
1574 4320 1693 4422 ille
1680 4362 1728 4422 1n
1765 4363 1808 4421 se
1844 4318 1987 4422 fidem

519 4461 769 4603 probaret,
808 4507 912 4568 eum
948 4466 1224 4587 suffecisset,
1261 4471 1318 4569 ad
1355 4508 1491 4609 quern
1532 4475 1623 4597 jure
1666 4461 1988 4607 propinquitas·

522 4609 573 4707 tis
611 4610 845 4709 succcessio
885 4613 1157 4753 Principatus
1194 4612 1407 4749 pertinere
1443 4612 1682 4711 videretur.

526 4762 684 4853 ·.XlI
764 4763 937 4853 Harum
991 4796 1139 4857 rerum
1193 4750 1534 4856 Centifontanus
1586 4768 1750 4858 Comes
1806 4763 1986 4857 Rornae

1889 4895 1968 4996 lit-
