4110 5888
631 373 1133 450 sunnnnmnr.
1517 384 1591 455 LV.

138 507 184 596 liis
217 507 256 593 in
288 502 419 589 urbem
440 501 592 617 receptis
613 529 772 607 ,eorum
801 501 845 586 si·
910 501 1170 619 praesidioque
1200 497 1407 591 firmatum.

138 625 214 712 mul
251 649 368 739 atque
410 621 687 747 oppidanorum
732 620 847 733 impe·
986 623 1068 705 Xll.
1136 626 1312 707 Senenses
1358 653 1618 743 propugnacu·

137 768 193 828 tus
224 747 423 828 Francesus
452 739 596 822 lortiter
627 736 787 822 tolerat.
912 735 991 823 lum
1030 739 1191 853 recipere
1236 737 1370 827 lrustra
1406 750 1612 832 conantur.

192 865 278 944 VII.
338 855 635 942 florentinorum
664 859 755 940 Dux
790 886 849 943 ex·
912 856 1120 971 Melignani
1152 860 1326 944 Marchio
1359 863 1474 949 auctis
1505 865 1620 981 copiis

138 983 268 1097 iguum
306 975 465 1059 militum
498 1003 698 1060 numerum
735 977 847 1060 subsi-
909 974 1144 1061 obsidionem
1171 1003 1303 1091 urget.

140 1100 200 1184 dio
232 1091 461 1179 Caesarianis
502 1091 649 1197 mittit,
682 1092 748 1207 qui
782 1095 851 1178 ho
978 1094 1078 1176 XIII.
1155 1100 1287 1181 Petrus
1339 1100 1491 1185 Strozus
1536 1127 1623 1217 port

140 1215 249 1302 stium
284 1209 528 1296 multitudinis
559 1209 740 1324 impetum
773 1211 850 1298 diu·
911 1211 1055 1301 Termis
1088 1211 1283 1298 discessum
1301 1216 1400 1302 urbis
1431 1222 1624 1309 custodiae

140 1334 210 1419 rius
237 1329 332 1416 ferre
372 1353 604 1445 nequeuntes
635 1328 855 1413 Senensium
910 1355 1079 1446 praeest,
1104 1357 1142 1416 et
1173 1333 1380 1418 Grisonum
1410 1342 1623 1425 Germano

143 1450 331 1568 postulatis
347 1472 521 1533 annuunt
536 1509 548 1552 ,
566 1472 606 1531 et
640 1475 716 1532 sese
745 1447 858 1532 Orbi·
913 1476 1073 1564 rumque
1096 1475 1262 1566 quatuor
1284 1451 1440 1539 millibus
1461 1485 1484 1539 a
1508 1458 1624 1543 Gallo

147 1571 261 1657 telum
286 1565 506 1654 conferunt.
911 1570 1019 1682 Rege
1061 1569 1255 1654 conductis
1298 1570 1449 1657 obviam
1480 1574 1519 1657 in
1549 1582 1623 1660 Lu·

199 1691 302 1774 Vssl.
361 1686 570 1773 Franciscus
583 1689 743 1775 Tolerus
766 1715 858 1775 curn
909 1714 1037 1772 censes
1081 1685 1172 1772 fines
1220 1689 1405 1804 procedit.
1456 1683 1625 1809 Cognito

143 1806 307 1895 Caesaris
340 1804 465 1898 litteris
492 1831 532 1891 et
564 1809 747 1893 mandatis
773 1808 855 1893 Flo·
912 1806 1034 1890 Strozi
1049 1806 1234 1912 discessu,
1259 1809 1433 1892 Marchio
1457 1837 1543 1894 cum
1566 1828 1624 1898 co

145 1927 299 2012 rentiam
332 1927 382 2011 ad
422 1929 607 2011 Cosmum
637 1925 856 2029 Medicem,
913 1923 1056 2038 piarum
1082 1949 1187 2039 parte
1217 1922 1480 2040 proficiscitur,
1517 1931 1623 2043 traje-

145 2044 228 2132 inde
257 2043 462 2159 Neapolim
503 2043 555 2129 ad
588 2048 742 2128 Petrum
777 2049 853 2128 To
912 2066 1054 2158 ctoque
1084 2048 1222 2149 Arno,
1253 2042 1374 2129 castris
1400 2069 1518 2130 castra
1536 2076 1625 2133 con·

146 2162 261 2249 letum
307 2166 510 2279 Proregem
543 2163 735 2277 pervenit.
791 2166 860 2246 Pe·
911 2156 1005 2244 fert.

147 2306 224 2366 trus
265 2280 422 2365 Tolerus
463 2304 502 2364 et
546 2280 700 2365 Garcias
766 2277 859 2364 filius
968 2280 1077 2364 XIV.
1135 2282 1299 2393 Joannes
1313 2288 1421 2368 Luna
1453 2312 1539 2370 cum
1557 2288 1622 2373 mi·

150 2422 244 2485 terra
272 2399 438 2514 marique
481 2397 605 2510 copias
636 2398 859 2480 Florentiam
908 2394 1015 2480 litum
1046 2425 1166 2483 manu
1208 2430 1253 2485 ex
1283 2402 1495 2488 Insubribus
1524 2405 1624 2491 Pisas

149 2517 378 2633 perducunt.
410 2514 486 2600 Hic
503 2513 768 2598 Monticellum
786 2541 861 2599 me·
910 2512 1140 2601 Caesarianis
1176 2519 1340 2605 subsidio
1381 2522 1506 2607 adest.
1556 2528 1624 2609 Pe-

149 2636 204 2720 dia
236 2636 360 2720 hieme
393 2658 610 2750 expugnat.
909 2656 986 2718 trus
1017 2639 1175 2720 Strozus
1220 2636 1313 2721 binis
1362 2637 1526 2723 hostium
1564 2669 1624 2725 ca·

188 2757 256 2837 nc
304 2754 405 2838 Petri
419 2752 544 2837 Toleti
563 2750 709 2838 obitus.
743 2754 863 2839 Mon·
910 2755 989 2837 stris
1009 2753 1176 2839 obsessus
1200 2753 1373 2860 discedit,
1398 2761 1623 2871 Arnumque

147 2872 270 2956 talcini
325 2871 580 2989 oppugnatio.
633 2870 751 2983 Julius
794 2877 855 2955 llI.
909 2885 992 2955 'suas
1041 2872 1167 2985 copias
1209 2872 1413 2957 incolumes
1460 2874 1613 2985 trajicit.

150 2987 319 3073 Pontifex
350 2990 537 3074 Maximus
579 3017 655 3073 sese
687 2989 725 3072 in
762 2983 858 3102 paci·
909 2988 1086 3075 Marchio
1144 2994 1274 3074 Lunae
1334 2990 1617 3106 negligentiam,

151 3105 362 3192 ficationem
419 3105 641 3220 interponit.
705 3108 857 3193 Garcias
908 3106 970 3192 hic
1018 3106 1249 3211 Marchionis
1291 3106 1447 3194 vicissim
1495 3140 1618 3197 socor·
1672 3167 1678 3177 -

150 3226 307 3313 Tolents
338 3227 465 3342 copias
496 3222 701 3339 Neapolim
746 3225 858 3312 redu·⁸
909 3224 1009 3311 diam
1044 3250 1209 3313 accusat.

155 3343 218 3430 cit.
968 3347 1057 3428 XV.
1117 3349 1272 3431 Strozus
1293 3347 1519 3432 Caesarianis
1548 3378 1617 3433 no·

206 3466 260 3548 X.
320 3462 480 3549 Carolus
495 3466 636 3548 Caesar
662 3492 785 3550 rursus
808 3466 862 3554 ad
910 3462 1103 3550 vissimum
1131 3491 1268 3580 agmen
1298 3466 1532 3578 carpentibus
1556 3471 1616 3551 Se·

154 3580 332 3668 Cosmum
350 3584 541 3670 Medicem
563 3583 771 3688 scribit,ut
796 3588 856 3670 Se·
904 3610 977 3666 nas
1010 3582 1200 3695 peruenit,
1218 3608 1258 3667 et
1284 3582 1421 3666 circum
1455 3612 1499 3666 ea
1532 3582 1615 3669 loca

157 3728 263 3787 nense
290 3702 431 3788 bellum
457 3730 581 3818 perse
604 3700 666 3787 vel
698 3731 766 3816 per
789 3703 859 3788 du·
901 3723 1091 3816 vagatur.
1136 3704 1268 3784 Petrus
1306 3701 1492 3785 Pachecus
1523 3704 1617 3786 Car-

158 3845 230 3904 cem
272 3846 450 3909 renovet.
498 3818 616 3929 Cujus
656 3820 708 3905 rei
751 3848 865 3907 causa
906 3818 1042 3903 dinalis
1060 3816 1238 3932 Neapolis
1266 3822 1405 3904 Prorex
1426 3821 1615 3904 Marchio

154 3935 313 4047 Jacobus
344 3941 514 4025 Medices
530 3938 739 4054 Melignani
752 3942 858 4024 Mar·
909 3937 950 4021 ni
979 3965 1113 4023 manus
1141 3936 1182 4022 in.
1205 3938 1505 4053 supplementum
1537 3937 1618 4046 mit3

156 4055 240 4140 chio
270 4084 317 4141 cx
346 4057 557 4142 Insubribus
590 4083 791 4143 evocatur.
910 4055 988 4141 tit.w

210 4176 278 4257 XI.
326 4179 385 4277 Is,
415 4203 559 4260 summa
586 4173 672 4261 belli
704 4176 864 4261 admini·
969 4174 1074 4258 XVI.
1134 4172 1301 4260 Militum
1320 4173 1523 4287 dissipatio.
1558 4174 1616 4258 Ci-

154 4291 292 4377 strandi
325 4319 501 4407 accepta,
521 4322 608 4377 cum
645 4323 759 4406 parva
790 4294 858 4378 Hi·
910 4291 1106 4378 bariorum
1127 4290 1274 4406 inopia.
1305 4290 1372 4373 Rei
1391 4291 1621 4405 pecuniariae

154 4438 356 4521 spanorum
385 4440 500 4495 manu
528 4434 647 4494 noctu
677 4416 788 4495 Senas
807 4411 859 4495 in·
910 4412 1125 4523 angustiae.
1176 4408 1366 4492 Exercitus
1413 4411 1621 4494 Caesariani

155 4526 287 4633 vadit,
317 4554 356 4613 et
395 4526 677 4612 munitissimum
723 4556 861 4642 propu·
912 4526 1097 4638 paucitas.
1129 4528 1281 4609 Strozus
1309 4525 1348 4608 in
1364 4523 1455 4612 fines
1471 4529 1620 4613 Floren-

156 4645 357 4754 gnaculum
394 4647 444 4731 ad
468 4645 677 4729 Camoliam
711 4671 861 4760 portam
906 4643 1009 4727 'rinos
1026 4673 1106 4727 suas
1130 4642 1254 4755 c0pias
1280 4643 1446 4748 inducit,
1462 4671 1501 4730 et
1519 4650 1619 4731 Mar·

154 4785 376 4874 occupat,a
401 4769 539 4851 Terme
555 4762 669 4850 Gallo
696 4790 862 4852 etecntm
914 4760 1048 4846 chiano
1070 4758 1286 4878 Fajanoque
1308 4763 1458 4847 castellis
1482 4764 1621 4877 captis,
1679 4778 1683 4786 '

1567 4905 1621 4961 can
