4042 5864
763 387 826 471 sn

1500 402 1592 472 SOL

479 497 593 599 galliae
627 492 772 569 confinia
796 505 957 598 Legatos.
988 501 1034 570 II.
1061 522 1144 594 231.
1196 502 1483 576 SiruelaeComes
1505 499 1739 586 (franciscus
1761 498 1914 570 Velaseus

481 602 561 688 Ejus
576 598 740 668 virtutum
765 600 852 670 laus.
878 607 923 671 ΙΙ.
952 625 1036 694 231.
1064 606 1148 671 Cae-

483 699 545 770 sari
564 722 621 795 per
640 699 762 769 litteras
788 700 934 771 ostendit
954 726 986 771 se
1007 725 1077 770 non
1096 723 1147 769 re-

1246 605 1385 771 ΙΕΙιιενέ)
1410 601 1571 672 Castellae
1590 598 1757 672 Concilio
1776 601 1909 671 interest.

1283 750 1291 768 .
1310 710 1330 771 6

485 819 676 868 cusaturum
693 799 798 891 ,quin
815 802 956 870 Carolus
984 799 1148 870 fructibus
1198 801 1338 875 Siruelae
1368 804 1493 869 Comes
1522 801 1697 892 (joannes
1730 798 1906 880 Velascnsl

485 896 552 985 ejus
593 897 771 970 Sacerdotii
809 900 971 970 arbitratu
1006 923 1067 969 suo
1104 896 1146 967 ad

488 998 619 1093 piorum
656 999 819 1068 bellorum
859 1018 986 1069 sumtus
1019 1017 1146 1067 utatur.

484 1099 530 1164 11.
561 1101 641 1186 2265.
672 1098 944 1194 Archiepiscopus
960 1097 1065 1169 factus
1081 1096 1148 1166 du-

1247 900 1410 972 Castellae
1446 899 1713 969 Comestabilem
1760 897 1911 967 Maximi·

1246 999 1336 1071 liano
1359 996 1495 1070 obviam
1517 997 1747 1095 prodeuntem
1777 997 1913 1068 comita·

1247 1119 1326 1183 tur.
1351 1101 1396 1168 II.
1415 1100 1494 1191 348.

485 1217 638 1266 catorum
651 1221 828 1268 aureorum
844 1197 1055 1295 quadragena
1073 1197 1147 1266 mil·
1196 1200 1264 1270 Sira
1285 1199 1494 1280 universalis,
1507 1197 1570 1267 sire
1592 1195 1768 1268 tributum
1781 1194 1912 1293 exigen-

485 1297 527 1366 lia
558 1297 591 1365 in
613 1321 715 1366 annos
736 1319 778 1367 ex
802 1299 905 1393 pactis
932 1295 1072 1394 pendet.
1100 1296 1146 1361 11.

490 1401 571 1483 265.
601 1396 764 1493 Deinceps
783 1398 918 1495 triginta
942 1396 1044 1466 millia
1070 1413 1147 1463 tan-

486 1515 585 1573 tum3
610 1495 753 1588 denique
790 1496 831 1567 de
860 1496 953 1565 omni
992 1493 1146 1589 pensione

488 1614 626 1665 recusat.
642 1600 687 1665 II.
703 1600 783 1683 265.
798 1595 963 1692 Sponsalia
988 1592 1147 1666 Maximi-

436 1774 440 1788 Ι
486 1692 563 1763 liani
587 1718 664 1764 cum
686 1695 791 1764 Maria
821 1693 864 1764 ad
894 1691 1144 1764 Aranxuezium

486 1791 578 1862 facit.
604 1794 649 1859 11.
672 1815 749 1884 350·

1240 1298 1329 1367 'dum
1353 1316 1460 1390 quota
1478 1317 1572 1393 parte
1594 1295 1775 1366 communi
1806 1319 1910 1366 rerum

1246 1395 1411 1466 venalium
1444 1396 1550 1494 pretio
1585 1393 1740 1483 adjecta.
1781 1399 1827 1463 11.
1857 1419 1912 1484 77.

1247 1495 1413 1567 Omnium
1433 1504 1638 1595 Legatorum
1656 1492 1836 1564 civitatum
1847 1518 1910 1562 sen·

1242 1595 1357 1667 tentiis
1375 1597 1577 1691 repudiatur.
1595 1595 1641 1661 ΙΙ.
1654 1617 1715 1684 77.
1738 1592 1797 1662 Ab
1809 1593 1908 1661 omni-

1240 1695 1309 1765 hus
1324 1695 1516 1766 Proceribus
1538 1694 1669 1762 nemine
1692 1709 1839 1786 excepto
1852 1716 1909 1790 op

1247 1812 1416 1891 pugnatur
1439 1815 1473 1864 et
1498 1792 1663 1881 rejicitur.
1691 1796 1741 1860 11.
1761 1791 1819 1878 85.

439 1891 583 1989 Siliugha
630 1892 706 1960 urbs
752 1871 938 1987 Philippum
981 1893 1144 1959 Asturum
1193 1892 1273 1962 Sisla
1296 1893 1411 1963 Toleti
1440 1891 1644 1966 coenobium
1666 1889 1909 1962 suburbanum.

485 1989 670 2084 Principem
694 1993 817 2085 poculo
837 2014 914 2062 cum
928 1988 1070 2060 nummis
1082 2010 1145 2056 au·

486 2090 547 2160 reis
565 2110 735 2158 munerat.
765 2096 810 2183 11.
834 2110 912 2182 375.

435 2193 517 2262 sina
533 2190 614 2280 nigra
641 2212 738 2282 supra
759 2189 914 2258 Ulmam.
939 2190 985 2254 11.
1006 2206 1087 2277 374.

437 2290 522 2360 Silva
551 2285 804 2372 (fernandus)
841 2284 975 2377 Joannis
1003 2286 1144 2358 Riherae

1246 1994 1293 2059 II.
1316 2010 1375 2075 92.

1194 2088 1324 2158 Sitnrtus
1367 2092 1540 2188 Belgarum
1589 2090 1909 2196 Germanorumque

1245 2187 1400 2279 equitum
1442 2188 1738 2285 cataphractorum
1784 2194 1908 2281 praete-

1245 2306 1339 2355 ctus.
1364 2293 1392 2355 Ι.
1415 2312 1499 2382 437.

484 2384 609 2466 frater,
631 2385 764 2454 alterius
789 2387 971 2453 Toletanae
993 2380 1144 2453 factionis
1194 2383 1470 2456 Smelchaldicum
1486 2383 1625 2455 foedus.
1642 2385 1699 2452 11.
1718 2385 1799 2451 266.

487 2482 659 2580 principis.
697 2486 727 2550 1.
761 2503 816 2570 51.
861 2481 918 2550 Ad
947 2483 1048 2576 Regis
1073 2479 1144 2548 ani·
1195 2482 1439 2553 Smelchaldnrn
1459 2483 1648 2579 oppidum.
1680 2482 1727 2549 11.
1746 2482 1824 2569 267.

485 2604 582 2652 mum
598 2578 840 2649 incendendum
856 2578 1042 2649 contendit.
1055 2578 1142 2664 l.56.
1193 2581 1327 2651 Solisius
1351 2583 1504 2652 centurio
1527 2579 1721 2650 machinam
1742 2577 1784 2646 ad
1801 2597 1903 2670 expu-

485 2686 577 2751 Cum
600 2680 726 2769 Joanne
750 2679 873 2754 Ribera
887 2676 986 2747 harre
1000 2677 1142 2744 Toleta-

487 2802 547 2849 nos
569 2775 767 2873 trepidantes
782 2775 951 2848 adoritur.
976 2778 1004 2842 Ι.
1027 2797 1104 2842 112.

437 2878 522 2949 Silva
547 2875 801 2962 (Fernandus).
836 2889 868 2948 V.
893 2878 1043 2944 Centum
1062 2871 1142 2942 fon·

483 2977 570 3046 tium
590 2980 728 3045 Comes.

1245 2678 1418 2774 gnandnm
1471 2679 1719 2775 Aphrodisium
1758 2694 1902 2771 paratam

1243 2779 1501 2862 conscendent
1520 2802 1561 2847 eo
1572 2798 1717 2850 curante
1738 2796 1772 2842 et
1789 2773 1904 2841 adhor-

1243 2893 1338 2944 tante
1367 2877 1454 2947 bona
1491 2900 1562 2972 pars
1596 2877 1689 2946 muri
1712 2872 1835 2944 eodem
1856 2869 1905 2940 die

1243 2971 1420 3061 dejicitur.
1449 2978 1492 3042 ΙΙ.
1514 2975 1597 3066 398.

436 3076 519 3145 Silva
541 3079 556 3156 (
567 3072 737 3152 Micha'e'l)
754 3072 926 3141 Lusitanus
947 3069 1141 3152 cardinalis,
1196 3069 1343 3141 Solorius
1359 3097 1478 3143 mons.
1505 3078 1533 3141 l.
1556 3097 1590 3140 2.

485 3178 628 3266 Legatos
642 3170 683 3240 de
706 3169 931 3267 pacificatione
956 3166 998 3236 ad
1024 3173 1142 3239 Caesa·
1195 3168 1293 3239 Soltis
1316 3170 1406 3241 vicus
1432 3196 1501 3241 non
1525 3172 1627 3265 longe
1651 3168 1697 3240 ab
1723 3167 1839 3240 Ulma.
1863 3165 1903 3233 u

487 3292 556 3342 rem
585 3268 719 3337 missus.
756 3270 802 3336 11.
835 3288 911 3359 170·
951 3268 1142 3336 Montisone

1247 3285 1329 3359 ²93·

485 3357 630 3463 exposita
653 3366 834 3464 legatione,
854 3388 886 3434 re
902 3359 1051 3434 infectaa
1071 3358 1143 3434 Ca·
1192 3367 1395 3461 *solymanus
1424 3368 1618 3436 ‘furcarum
1662 3371 1740 3438 Rex
1775 3363 1904 3459 Belga·

486 3468 561 3538 rolo
595 3464 796 3535 dimittitur·
830 3469 874 3533 Il.
906 3483 982 3552 170.
1019 3463 1144 3532 Barba-

487 3584 591 3634 strum
618 3564 851 3660 proficiscitur.
877 3566 1143 3652 II.17o.Caro·

485 3665 557 3734 lum
592 3663 777 3732 Barcinone
803 3663 978 3743 convenit,
1000 3680 1034 3727 et
1065 3665 1143 3731 Ro-

486 3768 578 3831 mam
599 3762 791 3830 revertitur.
813 3763 859 3828 Il.
881 3784 957 3851 ¹70·
997 3761 1074 3847 Qa
1100 3756 1143 3827 de

487 3882 582 3929 causa
612 3857 710 3930 fuerit
740 3882 761 3928 -a
795 3863 933 3928 Caesare
960 3857 1067 3927 minus
1092 3857 1143 3925 in·

485 3958 662 4055 dulgenter
686 3957 834 4027 habitus.
859 3959 907 4024 ΙΙ.
923 3980 1000 4048 171.

438 4057 523 4129 Silva
539 4066 558 4143 Ι
574 4055 760 4129 Rodericus
783 4055 990 4135 Gomezius)
1019 4052 1143 4147 Philip·

481 4180 568 4252 pum
594 4154 636 4225 ad
669 4153 853 4251 Rhodopes
879 4173 1014 4249 portum
1042 4150 1145 4246 proh*

488 4256 661 4326 ciscentem
694 4255 890 4324 comitatur.
922 4256 965 4319 ΙΙ.
998 4275 1075 4343 351·
1104 4252 1144 4318 In

480 4355 684 4450 ‘praetoriam
708 4351 848 4449 Philippi
875 4351 1046 4420 voluntate
1061 4347 1145 4419 reci·

488 4453 599 4548 pitur.
624 4456 668 4531 ΙΙ.
690 4475 769 4544 354.

436 4555 603 4628 Silvarum
621 4550 723 4624 factio
745 4552 779 4623 in
802 4546 882 4619 urbe
905 4549 1093 4659 Toletana.
1116 4546 1144 4615 1.

437 4676 627 4858 Sipdriiinus
651 4748 924 4846 Archiepiscopus
935 4796 947 4829 ,
960 4763 1071 4843 postea
1085 4746 1148 4837 Ju-

487 4855 552 5023 lIlup
561 4854 626 5019 ‚Hgl'
648 4850 741 4919 obses
764 4847 961 4961 aPontifioe
982 4844 1147 4929 traditura

1246 3461 1329 3532 dum
1348 3467 1541 3562 Hungariae
1569 3463 1691 3533 urbem
1728 3460 1903 3558 principem

1240 3584 1438 3659 expugnat.
1467 3570 1494 3632 Ι.
1514 3583 1570 3647 99.
1603 3561 1776 3634 Rhodum
1799 3556 1904 3651 recipit

1241 3659 1382 3730 insulam
1419 3661 1639 3756 jampridem
1676 3687 1699 3730 a
1740 3654 1906 3754 Religiosis

1241 3758 1405 3828 militibus
1415 3763 1524 3830 Sancti
1540 3757 1680 3851 Jnannis
1696 3775 1906 3851 occupatam

1245 3862 1273 3926 Ι.
1305 3858 1384 3948 138.
1420 3861 1546 3945 Frustra
1566 3857 1739 3925 Viennam
1768 3853 1905 3924 obsidet.

1244 3960 1272 4024 Ι.
1300 3976 1377 4047 305.
1412 3956 1540 4025 Bellum
1565 3954 1802 4025 Pannonicum
1819 3972 1907 4047 repa·

1241 4070 1316 4124 tat.
1344 4057 1372 4121 Ι.
1404 4075 1485 4145 305.
1519 4055 1667 4125 Classem
1703 4053 1757 4123 ad
1785 4053 1907 4122 Italiam

1242 4149 1462 4223 infestandam
1499 4152 1626 4222 mittit.
1671 4157 1700 4220 Ι.
1737 4176 1816 4245 307.
1856 4152 1903 4218 Er

1244 4250 1387 4320 Thracia
1422 4251 1588 4349 profectus
1622 4250 1658 4320 in
1703 4249 1900 4320 Pannoniam

1240 4372 1320 4422 cum
1349 4373 1474 4447 magno
1494 4349 1641 4421 exercitu
1662 4350 1899 4419 contendiml.

1244 4471 1325 4542 ⁴307.
1364 4450 1530 4521 Viennam
1564 4447 1722 4523 obsidet.
1763 4453 1791 4517 Ι.
1830 4464 1907 4538 309.

1241 4552 1296 4621 Re
1319 4545 1438 4618 infecta
1460 4548 1601 4618 domum
1623 4548 1776 4617 revertit.
1799 4549 1907 4637 l.3ro.

1242 4650 1404 4738 Joannem
1429 4650 1586 4719 Vaivodam
1607 4646 1654 4724 ad
1683 4647 1822 4717 Budam
1846 4649 1908 4718 ue·

1240 4768 1316 4844 gem
1343 4747 1538 4844 Hungariae
1561 4769 1603 4819 ex
1639 4746 1762 4817 itinere
1790 4765 1908 4819 coustr-
2018 4815 2020 4829 .

1238 4846 1341 4923 tuit.
1362 4849 1390 4921 Ι.
1418 4870 1499 4944 310.
1539 4847 1770 4931 Germaniam
1803 4847 1910 4959 den-uo

1861 4968 1907 5023 u-
