4170 5866
492 469 577 557 214
868 452 951 532 on
983 447 1192 529 uenus*
1223 441 1443 527 eusrrs

442 610 574 731 silio,
615 610 762 712 Gallus
797 615 979 709 Petrum
1014 619 1219 708 Strozum
1258 605 1554 707 Florentinum
1593 681 1609 723 ‚
1644 600 1725 747 qui
1778 635 1911 714 castta'

444 764 535 888 ejus
570 753 863 898 sequebatur,
899 753 957 852 ad
1006 791 1050 851 se
1086 787 1248 870 vocat,
1284 750 1413 849 etin
1449 749 1626 852 ltaliam
1671 788 1907 892 properare

440 898 610 1032 jubet,
642 899 832 1040 etquid
869 894 962 998 fieri
998 895 1103 996 velit
1154 897 1452 999 demonstrat.
1505 908 1543 996 Is
1575 973 1594 1018 ,
1623 900 1802 997 mutatis
1836 903 1907 1002 -ad

440 1043 704 1147 celeritatem
741 1043 900 1184 equis,
938 1053 1133 1143 Romam
1170 1040 1352 1142 latenter
1390 1079 1494 1141 cum
1530 1038 1747 1158 venisset,
1782 1045 1903 1144 Peri·

439 1184 545 1288 liani
580 1188 841 1307 Comitem,
880 1221 922 1287 et
956 1197 1257 1285 Sommensem
1292 1198 1466 1286 Ducem
1502 1183 1689 1286 exsulem
1720 1192 1908 1327 Neapo-

437 1328 654 1452 litanum,
691 1367 735 1432 et
769 1334 988 1472 quosdam
1023 1329 1131 1429 alios
1173 1329 1291 1429 viros
1329 1328 1547 1469 principes
1585 1405 1600 1450 ‚
1636 1329 1905 1435 Gallicarum

438 1476 627 1613 partium
663 1475 917 1596 studiosos,
950 1475 1006 1574 ad
1042 1470 1257 1574 homines*
1283 1474 1596 1573 conducendos
1651 1513 1756 1574 cum
1803 1477 1906 1577 soli·

438 1616 641 1740 citasset‚
678 1619 884 1722 Venetias
918 1617 1134 1719 curandae
1189 1615 1401 1757 pecuniae
1450 1616 1586 1759 gratia
1638 1620 1901 1742 contendit,

439 1759 542 1861 inde
576 1763 875 1866 Mirandulam
912 1761 1140 1904 pervenit,
1174 1760 1464 1902 institutoque
1501 1760 1672 1861 delectu
1703 1838 1720 1881 ,
1752 1760 1906 1863 homi-

437 1942 549 2006 num
600 1946 765 2049 septem
817 1908 952 2008 millia
1004 1944 1048 2007 et
1100 1941 1279 2007 centum
1337 1904 1505 2005 cuites
1559 1944 1636 2003 sua
1687 1908 1905 2046 pecunia,

436 2051 644 2151 nondum
679 2052 840 2152 scilicet
875 2050 1018 2192 Regia
1054 2048 1251 2191 perlata,
1289 1945 1508 2149 coniecit.
1549 2057 1705 2189 ltaque
1741 2051 1904 2182 adjun-
2028 2051 2035 2053 ⁴

437 2190 516 2289 ctis
554 2191 663 2315 his,
695 2237 807 2337 quos
843 2193 1045 2296 Petiliani
1079 2207 1243 2295 Comes
1280 2228 1324 2292 et
1361 2204 1466 2294 Dux
1501 2192 1767 2294 Sommensis
1821 2233 1905 2339 pe-

437 2337 569 2434 cunia
598 2340 826 2439 Gallorum
862 2339 1211 2478 Gallicarumque
1236 2334 1425 2478 partium
1457 2336 1762 2438 Cardinalium
1798 2378 1904 2439 cono

440 2475 682 2601 duxerant,
717 2482 1104 2624 Mirandulamque
1145 2480 1447 2601 deduxerant,
1483 2480 1693 2580 exereitus
1747 2477 1905 2582 confe-

437 2655 530 2720 ctus
567 2659 628 2723 est
664 2625 719 2724 ad
755 2626 909 2727 decem
946 2627 1136 2728 millium
1169 2616 1453 2726 Italicorum.
1499 2636 1620 2724 Curn
1655 2624 1723 2725 his
1760 2625 1902 2766 copiis

435 2771 583 2866 Petrus
619 2783 792 2870 Strozus
827 2769 1083 2871 Mirandula
1132 2767 1455 2908 proficiscitur,
1486 2804 1536 2869 ut
1573 2808 1641 2867 eas
1690 2768 1738 2868 in
1774 2775 1900 2871 Tau-,

435 2905 551 3008 rinos
589 2913 852 3053 perductaS,
880 2955 985 3017 curn
1022 2912 1211 3015 exercitu
1247 2912 1418 3013 Gallico
1456 2922 1779 3055 conjungeret.

489 3061 640 3155 XXX.
699 3069 865 3159 Interea
900 3057 1027 3160 Vasti
1060 3055 1297 3175 Marchio,
1334 3055 1469 3199 Regis
1506 3059 1739 3198 Strozique
1779 3069 1903 3158 Con·

435 3189 522 3295 silii
556 3238 647 3297 non
682 3197 697 3297 i
732 3240 890 3319 natus,
927 3200 1020 3339 ipse
1048 3240 1241 3342 *quoque
1276 3201 1571 3342 supplementi
1607 3241 1732 3301 causa
1779 3204 1902 3303 dele-

434 3370 556 3437 ctum
591 3239 812 3443 habaiu.
850 3343 972 3443 Huic
1008 3345 1130 3446 enim
1167 3383 1267 3485 post
1306 3345 1520 3485 praelium
1557 3346 1614 3444 ad
1652 3347 1903 3452 Ceresolam

434 3473 635 3604 factum,
672 3486 972 3628 Hispanorum
1025 3473 1154 3604 duo,
1187 3488 1435 3589 Italicorum
1471 3487 1673 3630 quinque
1729 3489 1899 3612 millia,

404 3621 629 3754 (horum
681 3630 800 3731 enim
853 3630 1059 3772 perpauci
1108 3627 1281 3735 fuerant
1330 3632 1594 3770 desiderati)
1637 3667 1681 3732 et
1736 3635 1906 3773 equites

434 3771 622 3871 sexcenti
657 3771 981 3913 superfuerant.
1021 3774 1146 3893 Quin
1181 3777 1315 3877 etiam
1347 3776 1499 3878 litteris
1537 3812 1580 3876 et
1615 3775 1781 3878 nuntiis
1813 3820 1907 3880 non

434 3910 578 4014 solum
613 3915 670 4015 ad
705 3919 915 4018 Carolum
950 3928 1214 4039 Caesarem,
1253 3922 1327 4020 sed
1363 3921 1499 4023 etiam
1545 3921 1602 4022 ad
1655 3931 1745 4053 ejus
1783 3923 1905 4023 Itali-

434 4096 510 4155 cos
559 4058 733 4162 clientes
770 4099 814 4162 et
851 4061 1017 4162 amicos
1067 4064 1242 4185 missis,
1277 4065 1481 4186 auxilia,
1520 4061 1683 4207 quibus
1718 4103 1762 4164 se
1800 4075 1905 4165 Me·

435 4200 754 4346 diolanumque
805 4205 993 4308 munitet
1030 4285 1044 4325 ,
1090 4205 1381 4350 postulabat,
1419 4251 1472 4310 ex
1524 4208 1685 4351 quibus
1741 4210 1902 4311 Cosmi

436 4344 789 4450 Florentinorum
818 4349 955 4452 Ducis
992 4349 1098 4452 fides
1134 4390 1178 4454 et
1215 4349 1415 4457 officium
1452 4352 1644 4475 enituit,
1677 4354 1754 4496 qui
1791 4354 1905 4454 duo-

366 4486 371 4496 ’
437 4481 518 4609 bus
553 4485 788 4592 hominum
824 4493 1016 4598 millibus
1052 4492 1261 4599 confectis
1295 4499 1418 4618 ,hos
1452 4501 1500 4600 in
1535 4538 1666 4599 naves
1701 4499 1901 4601 triremes

436 4625 666 4768 impositos
702 4634 877 4739 Othoni
927 4675 970 4739 et
1017 4641 1213 4782 Georgio
1250 4643 1661 4745 Montacutensibus
1698 4654 1904 4746 Genuam

438 4772 734 4912 deportandos
770 4856 785 4899 ,
822 4782 976 4923 ibique
1027 4786 1248 4927 expositos
1298 4788 1609 4890 Mediolanum
1662 4790 1720 4888 ad
1774 4798 1902 4889 Mar-

1771 4931 1905 5034 chio-
