4042 5864
483 511 628 608 Legatus
649 531 667 581 a
684 505 910 604 Neapolitanis
921 511 965 589 ad
984 513 1149 589 Carolum
1248 524 1424 610 rae‚quos
1444 509 1589 610 singulos
1610 505 1858 606 scloppetarios
1881 507 1916 579 in

483 609 641 680 mittitur.
658 608 789 700 ll.344.
819 614 858 678 In
876 615 1005 688 Italiam
1022 612 1148 689 rediens
1247 634 1351 706 equos
1382 611 1522 706 recipere
1537 660 1548 693 ‚
1562 631 1598 686 et
1625 612 1756 687 Albim
1775 607 1912 697 trajicere

481 704 629 783 Galliam
647 706 739 791 adit,
756 727 790 780 et
807 733 885 783 cum
902 712 1052 784 Henrico
1064 718 1147 784 Re·
1249 711 1428 810 praecipit·
1445 716 1491 781 ΙΙ.
1513 731 1595 803 315.

482 829 523 908 ge
539 806 764 899 colloquitur,
780 828 813 877 et
831 833 848 879 a
867 816 1003 882 Caesare
1020 811 1146 883 delicit.
1196 811 1365 885 Salineton
1390 816 1532 908 Legatos
1559 807 1797 881 Madritiensis
1816 857 1828 891 ,
1850 812 1911 880 Ca-

482 913 627 1000 ll.‘345·
643 905 701 978 Ad
720 913 848 1005 Regem
873 913 1052 984 Gallorum
1071 934 1148 1007 per-
1246 904 1355 985 stellae
1377 910 1533 980 Concilio
1546 909 1702 978 interest.
1716 914 1768 978 11.
1788 932 1847 998 71.

481 1009 568 1105 fugit
586 1055 596 1089 ,
616 1028 650 1079 et
665 1009 904 1102 Neapolitanos
932 1010 975 1085 ad
991 1009 1149 1083 defectio«
1198 1013 1357 1085 Salomon
1388 1009 1643 1096 (Franciscus)
1668 1008 1857 1080 Centurio·
1888 1012 1914 1076 Ι.

485 1129 561 1180 nem
588 1108 754 1180 solicitat.
777 1113 828 1176 Il.
850 1111 935 1200 438.
1020 1136 1022 1141 .
1254 1131 1336 1201 141.
1535 1130 1539 1138 ¹

435 1210 620 1285 Salinarum
637 1211 943 1297 comeeracobus
959 1212 1150 1282 Sarmentus
1198 1212 1296 1284 Salon
1321 1204 1440 1280 fluvius
1464 1256 1475 1290 ‚
1503 1208 1563 1303 qui
1598 1206 1832 1304 Methymuae
1853 1229 1917 1275 no·

485 1304 793 1387 Villandrandus).
818 1312 846 1375 Ι.
868 1308 927 1376 81.
962 1311 1053 1379 Bello
1070 1311 1149 1377 Tu·
1251 1333 1327 1378 men
1344 1308 1502 1401 praebet.
1527 1311 1573 1379 11.
1602 1329 1680 1397 177.

485 1406 610 1479 aretensi
629 1405 662 1473 in
684 1404 752 1474 acie
773 1405 876 1500 prima
894 1406 991 1500 pedes
1002 1408 1146 1476 interest.
1199 1407 1322 1483 Salonis
1339 1404 1483 1475 fluminis
1501 1401 1633 1474 fontes.
1660 1408 1688 1473 Ι.
1712 1426 1746 1494 5.

485 1511 603 1601 I.352.
619 1506 781 1577 Castellae
798 1507 954 1576 Concilio
969 1532 1037 1576 non
1049 1507 1149 1574 inter·
1200 1504 1451 1603 salseburgensis
1475 1504 1761 1601 Archiepiscopus
1782 1512 1797 1590 (
1813 1508 1917 1575 Erne-

483 1625 546 1678 est.
573 1608 620 1675 II.
636 1609 694 1689 69.
710 1604 899 1699 Philippum
916 1605 1148 1675 Salmanticam
1249 1606 1341 1685 stus)
1354 1603 1510 1675 Bavariae
1525 1604 1633 1673 Ducis
1652 1626 1801 1698 patruus
1812 1608 1917 1674 Oens·

486 1704 530 1775 ad
560 1726 712 1798 sponsam
740 1705 925 1774 venientem
946 1705 1147 1776 comitatur.
1249 1706 1413 1800 ptuthum
1432 1702 1621 1802 Philippum
1645 1705 1856 1775 salutaturus
1868 1727 1917 1773 te·

487 1805 534 1874 II.
556 1826 638 1893 24.
1250 1804 1393 1872 nit.II.
1436 1824 1494 1891 72.

435 1826 715 1999 Salis-monbpolii
730 1898 896 1973 institutio
909 1900 1076 1991 rejicitur.
1099 1902 1148 1968 II.
1199 1901 1338 1973 Salsulae
1363 1825 1551 1995 opplidum.
1576 1902 1624 1968 II.
1652 1901 1716 1970 28.
1753 1899 1917 1973 Praesidio

492 2023 553 2087 91.
698 2048 704 2052 -
958 2041 960 2043 ·
1249 2001 1454 2070 auctae.Il.
1474 2003 1555 2090 164.

438 2107 567 2178 Salmae
595 2105 719 2170 Comes
744 2096 904 2169 Ferttandi
930 2096 1032 2194 Regis
1048 2093 1152 2189 copiis
1201 2099 1364 2170 Salutiae.
1379 2098 1498 2167 I.181.
1585 2107 1587 2114 “

491 2198 674 2299 praefectus
708 2197 970 2267 Transilvaniam
1018 2194 1150 2290 repetit.
1202 2197 1398 2272 Salutiarum
1426 2194 1578 2267 Marchio
1604 2203 1621 2283 (
1632 2196 1781 2269 Micha'el
1807 2204 1919 2269 Anto-

491 2309 520 2371 Ι.
538 2317 618 2391 329.
646 2296 756 2366 Obit.
773 2300 801 2364 Ι.
823 2319 902 2390 33⁰·
1252 2297 1350 2377 nius)
1373 2296 1566 2365 Vasconum
1598 2299 1718 2367 manui
1743 2297 1919 2393 praefectus

439 2397 663 2472 Salmantica.
691 2392 720 2461 Ι.
759 2417 790 2486 3.
826 2414 859 2464 et
887 2397 922 2463 6.
965 2391 1152 2464 Lusitaniae
1251 2395 1286 2465 in
1315 2395 1464 2466 Galliam
1482 2394 1703 2490 Cisalpinam
1724 2400 1916 2467 missontm.

349 2494 352 2499 ’
493 2497 601 2594 prima
618 2491 713 2561 urbs.
740 2497 786 2562 Il.
805 2516 887 2584 232.
1254 2499 1282 2565 1.
1297 2512 1375 2577 209.
1400 2492 1534 2587 Imperii
1556 2517 1730 2564 summam
1747 2522 1764 2566 a
1783 2501 1915 2565 Lautre-

442 2593 709 2674 Salmauticenses
736 2592 852 2688 Legati
884 2608 1010 2659 ceteros
1054 2585 1154 2655 obse·
1254 2591 1318 2662 cho
1338 2592 1500 2662 moriente
1517 2591 1665 2687 accipit.
1693 2599 1723 2662 Ι.
1741 2618 1814 2684 274.
1844 2598 1912 2662 Ca-

493 2711 587 2767 craut
605 2707 639 2758 et
662 2688 894 2771 obtestantur,
915 2707 956 2757 ne
980 2685 1152 2756 civitatum
1255 2690 1369 2786 pitur,
1389 2709 1422 2759 et
1434 2692 1536 2786 paulo
1554 2710 1631 2789 post
1648 2711 1787 2762 naturae
1801 2712 1917 2762 conce·

495 2818 534 2865 ac
564 2789 766 2886 populorum
800 2787 988 2856 libertatem
1019 2785 1053 2852 in
1085 2781 1156 2853 dies
1201 2790 1203 2794 ’
1256 2790 1326 2859 dit.
1349 2793 1378 2858 Ι.
1396 2808 1498 2879 179.Ὶ
1561 2818 1564 2824 ·

495 2888 671 2970 minui,et
686 2887 834 2956 instituta
854 2907 1028 2976 moresque
1050 2884 1158 2971 majo·
1208 2889 1407 2960 Salutiarum
1431 2884 1585 2959 Marchio
1605 2890 1827 2973 (Franciscus)
1841 2891 1919 2961 Gal-

496 3013 574 3062 rum
592 2985 707 3055 uiolati
724 2984 913 3081 patiantur.
937 2986 965 3050 l.
986 2978 1041 3069 58·
1059 2985 1157 3049 Con·
1258 2991 1367 3058 lorum
1392 3007 1499 3081 partes
1516 2985 1669 3055 deserens
1694 2987 1738 3056 ad
1765 2992 1917 3060 Catulum

499 3088 577 3159 cilio
600 3082 842 3178 prohibentur.
881 3087 909 3150 l.
942 3099 996 3169 59.
1031 3080 1166 3174 Cato'loy
1259 3085 1396 3155 transit.
1425 3090 1454 3153 l.
1478 3107 1563 3175 434·
1605 3088 1664 3154 De
1690 3088 1917 3158 Marchionatu

501 3187 536 3257 in
567 3179 724 3252 Concilio
760 3179 803 3250 ad
839 3179 986 3250 flavium
1021 3178 1160 3274 Brigan-
1260 3178 1499 3255 Montisfetrati
1517 3185 1588 3272 jure
1604 3183 1786 3278 disceptat.
1800 3192 1828 3254 Ι.
1844 3207 1918 3278 453.

500 3285 593 3356 tium
620 3298 754 3375 peracto
778 3277 819 3347 de
841 3278 971 3349 tributo
994 3276 1159 3369 imperata·
1261 3281 1395 3352 Cataim
1412 3282 1536 3376 recipit.
1560 3286 1607 3351 ll.
1624 3305 1660 3349 2.
1690 3288 1845 3355 Exorato
1866 3287 1920 3354 Al·

502 3381 550 3456 do
573 3377 788 3476 refragantur.
828 3378 930 3445 1.60.
958 3377 1082 3447 Carolo
1100 3375 1162 3444 tti·
1261 3378 1359 3453 fonso
1382 3381 1492 3449 Attalo
1512 3379 1555 3449 ad
1571 3380 1716 3451 Salutias
1743 3393 1819 3452 suas
1847 3383 1922 3453 teci·

502 3483 625 3553 butum
644 3497 746 3547 ¹extra
776 3474 930 3545 ordinem
958 3473 1080 3570 petenti
1111 3496 1161 3542 re·
1263 3473 1396 3577 piendas
1421 3478 1681 3573 proficiscitur,
1713 3501 1750 3551 et
1775 3480 1921 3551 tormenti

500 3580 698 3678 fragantur.
717 3580 763 3644 11.
776 3593 834 3656 92.
857 3575 1042 3643 Tribututn
1069 3591 1161 3645 extra
1264 3578 1332 3647 telo
1361 3575 1405 3646 ad
1435 3578 1703 3674 Carmagnolam
1740 3580 1922 3677 perimitur.

503 3679 657 3750 ordinem
696 3674 824 3745 Carolo
853 3673 985 3742 Caesari
1016 3689 1162 3768 negant.
1266 3681 1314 3746 ΙΙ.
1346 3696 1376 3766 3.

504 3783 553 3848 ΙΙ.
577 3794 654 3864 150.
1216 3773 1413 3861 Salutiarum
1431 3772 1584 3843 Marchio
1599 3773 1799 3861 (Gabriel)
1814 3803 1832 3848 a
1848 3775 1925 3848 Gal-

454 3870 712 3957 salmanticensis
728 3867 911 3965 Episcopus
930 3872 948 3955 <
955 3876 1070 3939 Petrus
1093 3872 1163 3937 Ca·
1265 3875 1377 3942 lotum
1414 3876 1507 3969 Rege
1541 3873 1808 3961 constituitur,
1843 3877 1925 3975 pulsu

502 3975 613 4054 strus)
632 3969 783 4064 Philippo
805 3990 846 4038 ex
860 4008 864 4015 ·
877 3965 1061 4061 Rhodopes
1084 3989 1165 4061 por·
1266 3975 1394 4063 Joanne
1414 3969 1543 4041 Aloisio
1555 3968 1682 4041 fratre.
1717 3981 1769 4047 ΙΙ.
1782 4002 1817 4068 7.

504 4093 545 4146 tu
574 4071 770 4168 navigaturo
802 4066 914 4137 adest.
940 4072 985 4136 ΙΙ.
1014 4087 1094 4158 353.
1131 4077 1163 4134 V·
1219 4070 1416 4141 Salutiatum
1447 4069 1598 4141 Marchio
1622 4078 1640 4159 <
1662 4075 1816 4163 Joannes
1840 4066 1926 4146 Aloi-

505 4180 644 4246 Castrus
671 4168 865 4255 (Petrus).
900 4178 933 4235 V.
968 4163 1163 4236 Gonzalus.
1266 4170 1355 4252 sius)
1382 4169 1519 4240 vinculis
1541 4168 1686 4240 solvitur
1707 4197 1730 4243 a
1757 4177 1923 4246 Gallonam

504 4287 540 4345 V.
559 4267 727 4344 Mendoza
751 4262 994 4349 (Rodericus).
1269 4273 1381 4363 Rege,
1406 4286 1439 4337 et
1459 4293 1478 4337 a
1503 4271 1630 4338 Carolo
1655 4274 1808 4344 Caesare
1830 4275 1858 4343 in
1871 4269 1922 4339 de·

456 4373 630 4448 Salmonae
645 4365 797 4459 Princeps
808 4382 1057 4460 nongentorum
1074 4359 1166 4453 equi·
1270 4364 1376 4435 functi
1392 4365 1500 4436 fratris
1522 4369 1638 4436 locum
1651 4368 1836 4444 sufficitur.
1853 4373 1927 4459 ll.7.

505 4492 582 4541 tum
600 4463 807 4564 praefectus.
830 4464 976 4530 IL211.
1001 4461 1167 4530 Adversus
1222 4469 1376 4564 Salvagus
1397 4469 1551 4537 Genuam
1572 4465 1613 4537 ad
1652 4471 1835 4544 Andream
1857 4473 1930 4543 Do·

507 4566 774 4645 Luthetanorum
793 4561 974 4633 exercitum
991 4559 1167 4629 antecede·
1271 4566 1352 4635 riam
1370 4565 1536 4636 mittitur.
1556 4572 1585 4636 I.
1605 4572 1652 4636 26
1659 4593 1691 4662 3.
1716 4590 1724 4601 ·

510 4687 545 4743 re
576 4665 730 4753 jubetur.
766 4667 812 4732 ΙΙ.
842 4685 920 4754 277.
965 4659 1165 4753 Equitatum
1223 4668 1405 4737 Salvatetra
1427 4665 1610 4760 oppidum.
1639 4675 1670 4738 1.
1691 4688 1759 4764 93.

504 4768 652 4844 ductans
681 4761 840 4856 praelium
875 4760 1080 4831 committit.
1119 4763 1166 4829 ΙΙ.
1223 4767 1405 4837 Salvaterra
1430 4765 1626 4836 Lebritensis
1656 4770 1867 4872 principatus
1885 4792 1935 4845 ta·
2015 4797 2016 4801 ’

513 4887 595 4957 290.
625 4861 765 4959 Equites
794 4859 888 4935 ducit
912 4860 992 4934 levis
1020 4878 1168 4935 armatu·
1269 4884 1336 4962 put
1364 4883 1589 4965 expugnatur.
1612 4871 1643 4941 Ι.
1668 4891 1755 4964 145.
