4124 5880
492 442 567 503 100
872 399 954 485 DE
997 395 1200 477 REBUS
1246 393 1467 478 GESTIS

451 566 591 672 riculo
635 639 649 683 ,
696 599 790 702 quo
847 589 947 655 sunt
995 551 1077 694 qui
1138 548 1392 671 dissident,
1430 545 1844 693 propinquitatibus
1879 587 1923 657 et

452 708 661 828 clientelis
699 699 995 847 potentiores.

525 866 602 959 IV.
677 863 806 966 Quae
841 881 892 947 ut
942 843 1182 945 vitarentur
1233 837 1563 961 incommoda,
1598 877 1643 943 et
1691 880 1756 944 res
1798 843 1922 948 fieret

454 1033 714 1103 cunctorum
748 985 1027 1130 aequioribus
1064 985 1263 1104 animis,
1296 983 1461 1123 placuit
1496 986 1677 1089 tandem
1711 1028 1922 1132 procura·

455 1146 627 1247 tionem
664 1134 836 1279 Joanni
870 1141 1070 1234 Taverae
1105 1127 1457 1269 Archiepiscopo
1491 1130 1715 1234 Toletano
1760 1170 1804 1237 et
1837 1146 1923 1236 Ec-

455 1287 607 1389 clesiae
643 1296 874 1385 Romanae
909 1275 1136 1378 Cardinali
1179 1274 1426 1394 mandare,
1460 1311 1559 1375 tum
1606 1312 1783 1422 propter
1808 1318 1925 1524 pet.

457 1472 587 1532 sonae
623 1425 920 1569 dignitatem,
956 1461 1068 1562 quae
1105 1458 1200 1519 non
1234 1418 1375 1518 modo
1409 1417 1562 1521 locum
1597 1419 1773 1524 obtinet
1826 1426 1925 1527 aci-

456 1577 496 1675 le
534 1571 777 1716 principem
813 1567 924 1668 inter
959 1564 1173 1666 Praesules
1209 1562 1461 1705 Hispanos,
1499 1566 1574 1665 sed
1609 1565 1750 1669 vincit
1784 1571 1925 1674 etiam

458 1716 684 1859 opulentia
727 1748 770 1814 et
817 1709 1106 1852 vectigalibus
1148 1742 1313 1808 ceteros
1358 1747 1511 1809 omnes
1558 1708 1799 1815 Christiani
1845 1754 1922 1816 or·

457 1863 526 1965 bis
562 1855 790 1962 Antistites
838 1890 1009 1997 praeter
1045 1850 1305 1956 Pontificem
1339 1864 1643 1976 Romanum,
1680 1891 1776 1959 tum
1811 1898 1941 1999 pro-x

457 2042 557 2148 pter
604 2001 797 2105 hominis
847 2001 894 2102 in
945 1999 1074 2102 omni
1124 2037 1284 2142 genere
1319 1997 1536 2100 virtutum
1572 2002 1920 2140 praestantiam.

456 2159 591 2251 Hunc
640 2148 777 2291 igitur
812 2143 997 2247 Carolus
1032 2144 1243 2249 Castellae
1289 2179 1613 2287 procuratorem
1658 2146 1922 2268 constituit,

458 2295 689 2435 eidemque
723 2326 806 2390 tres
849 2328 1035 2432 magnae
1079 2286 1336 2430 prudentiae
1371 2323 1416 2390 et
1461 2290 1731 2391 auctoritatis
1766 2292 1923 2412 viros,

458 2476 649 2579 quorum
683 2434 868 2536 consilio
904 2433 953 2534 in
998 2431 1182 2535 summis
1217 2432 1347 2535 rebus
1388 2434 1736 2537 administrandis
1776 2472 1924 2536 utere-

459 2617 564 2702 tur,
600 2615 714 2684 extra
748 2578 953 2680 ordinem
988 2576 1217 2698 attribuit,
1242 2575 1446 2679 Garciam
1480 2580 1753 2681 Femandum
1789 2589 1924 2681 Man-

456 2725 599 2829 ricum
643 2722 809 2826 Osorni
849 2720 1127 2843 Comitem,
1164 2721 1244 2865 qui
1278 2721 1481 2824 Consilio
1532 2758 1729 2866 praeerat
1779 2763 1923 2866 eque-

458 2870 619 2995 strium
647 2867 964 3009 Religionum,
985 2903 1029 2968 et
1063 2865 1221 2969 harum
1257 2867 1461 3010 equitum
1496 2863 1739 2971 Praefectos
1777 2871 1920 2990 duos,

459 3018 690 3148 Joannem
742 3013 1040 3154 Zugnigam,
1087 3046 1131 3110 et
1178 3051 1306 3153 saepe
1354 3053 1381 3113 a
1442 3009 1572 3111 nobis
1621 3051 1922 3115 memoratum

457 3156 732 3255 Franciscum
768 3167 994 3275 Covum,
1032 3193 1170 3297 quem
1215 3190 1395 3299 propter
1444 3192 1713 3301 perspectam
1751 3156 1889 3258 fidem
1902 3235 1919 3278 ,

461 3338 599 3438 quam
636 3298 677 3398 ei
702 3335 920 3398 summam
944 3336 1090 3401 rerum
1126 3301 1329 3401 omnium
1351 3298 1577 3425 habebat,
1596 3301 1830 3443 separatim
1865 3302 1923 3403 ad

458 3438 566 3544 haec
602 3441 689 3543 toti
725 3436 882 3542 officio
917 3445 1133 3545 curandae
1167 3444 1230 3546 rei
1272 3445 1544 3572 nummariae
1581 3479 1920 3589 praeposueram

458 3621 549 3686 erat
584 3586 704 3688 enim
738 3620 1024 3728 quaestorum
1048 3581 1321 3690 Praefectus.
1357 3587 1552 3731 Philippi
1585 3628 1689 3694 vero
1720 3590 1802 3692 filii
1836 3628 1923 3690 cu·-

458 3765 554 3845 ram
588 3769 690 3846 cum
726 3728 792 3830 his
829 3729 1036 3831 omnibus
1072 3735 1428 3835 commendatam
1463 3734 1670 3877 reliquit,
1690 3772 1804 3846 tum
1824 3773 1925 3837 maa

458 3869 578 3973 xime
612 3873 756 3975 eidem
794 3875 966 4011 Joanni
992 3875 1223 4019 Zugnigae
1257 3878 1472 3982 nutricio.
1510 3889 1645 3980 Hunc
1682 3879 1804 3981 enim
1839 3891 1925 3982 Ca⁴

456 4017 573 4117 rolus
616 4015 699 4118 filii
733 4014 934 4119 moribus
969 4019 1027 4122 ab
1073 4022 1255 4123 ineunte
1290 4057 1430 4124 aetate
1476 4023 1752 4126 instituendis
1788 4059 1926 4165 atque

455 4154 694 4263 formandis
720 4197 1056 4306 praeposuerat,
1077 4203 1128 4267 ut
1164 4202 1255 4268 erat
1288 4167 1356 4268 vit
1390 4167 1700 4310 gravissimus,
1735 4170 1927 4311 pruden-

454 4304 672 4428 tissimus,
710 4307 875 4446 pietate
910 4349 961 4409 ac
996 4310 1125 4411 omni
1160 4311 1324 4413 virtute
1359 4314 1604 4454 praestans.
1642 4323 1766 4414 Nam
1803 4311 1925 4414 litte·

451 4485 599 4549 rarum
633 4452 889 4554 Latinarum
925 4489 969 4555 et
1004 4456 1280 4577 studiorum,
1299 4456 1519 4600 simulque
1554 4455 1776 4599 religionis
1813 4492 1924 4556 ma-

449 4589 582 4730 gister
617 4594 739 4693 datus
775 4597 817 4695 ei
850 4633 954 4698 erat
976 4603 1173 4732 joannes
1209 4601 1425 4700 Martinus
1464 4599 1679 4718 Siliceus,
1717 4595 1796 4740 qui
1833 4595 1922 4701 be-

446 4734 606 4837 neficio
647 4736 758 4841 item
800 4743 950 4845 Caroli
993 4742 1184 4845 Caesaris
1236 4778 1386 4844 auctus
1439 4739 1525 4846 fuit
1576 4741 1919 4887 Carthaginensi

1790 4887 1906 5028 Epi-
