4192 5858
452 479 694 562 cnuorr
736 481 790 560 v.
831 481 944 559 utu.
979 480 1149 562 xxlv.
1401 503 1489 594 277
1548 570 1558 584 2

127 633 394 786 golstadium
449 639 506 736 ad
543 676 746 778 passuum
782 675 853 734 sex
890 634 1027 735 millia
1079 672 1212 739 castra
1262 638 1534 756 munivisse3

127 828 153 889 ιι
190 823 492 944 quamquam
504 819 689 895 numero
727 816 846 881 erant
884 781 1160 919 superiores,
1192 824 1297 886 nam
1333 789 1535 925 peditum

127 934 260 1073 nplius
303 925 611 1067 septuaginta,
648 923 889 1063 equitum
901 925 1053 1025 decem
1104 925 1279 1048 millia,
1313 966 1534 1055 tormenta

127 1116 181 1175 ro
219 1110 346 1213 supra
381 1106 559 1170 centum
599 1069 781 1209 triginta
818 1108 904 1167 esse
939 1069 1229 1190 dicebantur,
1260 1053 1441 1175 Carolus
1477 1114 1534 1177 ta-

127 1259 221 1340 e,n
259 1256 315 1315 ne
363 1213 498 1314 libere
551 1249 852 1353 vagarentur,
889 1251 1001 1311 neve
1051 1150 1229 1355 oppida,
1272 1257 1537 1359 occuparent

127 1360 351 1461 bellum
403 1360 652 1459 ducendum
704 1394 995 1518 opportuna,
1029 1395 1165 1463 castra
1217 1359 1386 1463 idoneo
1432 1365 1535 1465 loco

127 1506 241 1605 stris
280 1498 479 1603 conferre
529 1500 803 1621 constituit,
838 1501 1002 1664 praelio
1056 1504 1229 1621 etiam,
1267 1505 1392 1645 siqua
1429 1545 1535 1609 esset

127 1649 292 1766 casio,
308 1648 650 1765 decertaturus,
685 1654 807 1774 cujus
859 1644 925 1744 rei
974 1646 1115 1788 gratia
1151 1655 1346 1783 Joannes
1382 1653 1536 1793 Bapti

127 1839 138 1894 t
175 1791 399 1895 Castaldus
436 1791 630 1890 militum
668 1789 912 1947 magister,
944 1791 1032 1930 qui
1061 1792 1201 1891 castris
1251 1792 1404 1895 locum
1451 1797 1534 1897 dc-

127 1972 258 2073 ;,eret
295 1934 595 2074 praemimur,
625 1934 717 2033 duo
767 1934 903 2032 loca
901 1971 1160 2053 notaverat,
1199 1935 1385 2036 alterum
1434 1978 1533 2043 ante

127 2083 391 2224 golstadium
428 2114 617 2220 quatuor
654 2077 789 2177 millia
824 2116 1063 2217 passuum,
1093 2081 1277 2181 alterum
1309 2120 1413 2243 post
1451 2087 1533 2186 mi·

127 2265 205 2325 mo
255 2224 484 2324 intervallo
535 2202 843 2352 disjunctum,
879 2222 960 2363 qui
995 2224 1154 2331 Carolo
1199 2226 1342 2365 magis
1393 2228 1535 2366 place-

127 2407 184 2487 t,
222 2371 319 2469 tuni
371 2403 417 2467 ut
452 2363 652 2465 hostibus
704 2401 811 2465 esset
847 2366 1169 2530 propinquior,
1208 2403 1304 2467 tum
1355 2405 1407 2468 ut
1458 2413 1533 2472 cos

127 2514 375 2615 :ercluderet
411 2509 714 2652 Ingolstadi0,
754 2508 870 2611 unde
907 2508 1093 2630 hoste-s,
1126 2552 1161 2612 st
1146 2513 1417 2652 oppidum
1452 2557 1534 2617 oc-

127 2695 335 2800 passent,
372 2693 580 2795 magnam
632 2652 839 2753 haberent
891 2648 1143 2756 facultatem
1178 2694 1381 2824 copias,
1425 2698 1532 2798 quas

127 2843 238 2903 >mes
270 2799 468 2902 Burensis
504 2796 769 2918 inducebat,
795 2837 850 2901 ne
884 2836 989 2900 cum
1023 2782 1237 2938 Carolo
1220 2837 1532 2943 jungerentur,

127 2947 401 3048 ttinendi
1599 3076 1604 3083 „

138 3103 261 3193 XVI.
343 3089 530 3232 Triplici
566 3129 673 3233 ergo
716 3087 833 3190 acie
844 3088 1052 3190 instructa
1085 3082 1342 3229 profectus,
1376 3090 1436 3191 sic
1473 3089 1532 3195 irr

127 3236 293 3355 debat,
329 3271 379 3335 ut
416 3274 576 3377 agmen
613 3276 639 3334 a
674 3232 825 3353 laeva,
862 3276 951 3374 qua
985 3233 1302 3374 impedimenta
1338 3231 1537 3338 fereban-

127 3377 447 3501 t,Danubius
465 3457 486 3498 ,
517 3419 542 3476 a
578 3381 727 3477 dextra
762 3377 978 3480 clauderet
1015 3378 1261 3519 equitatus
1303 3390 1368 3479 Ex
1404 3379 1536 3477 itine-

168 3559 317 3624 autem
352 3522 602 3685 Principem
652 3523 915 3643 Salmonae,
951 3559 992 3625 et
1030 3522 1279 3623 Antonium
1323 3520 1536 3623 Toletum

127 3706 173 3766 m
212 3696 351 3830 parte
385 3667 599 3807 equitatus
638 3704 704 3765 et
718 3600 915 3767 ducentii
964 3665 1260 3806 scloppetariis
1295 3666 1532 3806 Hispanis,

127 3811 155 3909 ti
193 3846 236 3909 et
272 3810 356 3950 ipsi
396 3849 519 3950 cquis
557 3809 897 3931 inveherentur,
918 3813 1204 3929 antecedere,
1224 3846 1268 3910 et
1304 3811 1415 3951 quid
1451 3808 1538 3908 ho-

127 3992 151 4049 s
189 3955 448 4054 molirentur
466 3955 723 4094 ,explorare
759 3953 944 4087 jubet3
933 3994 1023 4095 rpse
1049 3995 1229 4096 quoque
1246 4032 1261 4076 ,
1295 3967 1421 4055 Duce
1457 3953 1537 4051 Al-

127 4132 187 4198 no
230 4132 274 4197 et
309 4099 455 4238 paucis
492 4095 713 4237 equitibus
751 4099 1098 4222 comitantibus,
1135 4138 1293 4241 agmen
1343 4133 1540 4197 anteces-
1616 4120 1621 4128 ’

132 4319 151 4357 ,
194 4277 246 4341 ut
283 4242 430 4342 castris
468 4243 682 4343 destinata
719 4242 822 4344 loca
849 4245 1172 4349 consideraretr
1212 4243 1287 4341 sed
1333 4277 1538 4341 antecur

127 4422 177 4486 es
218 4424 322 4484 cum
357 4386 406 4487 in
443 4421 728 4525 conspectum
767 4427 812 4485 se
847 4389 1091 4548 dedissent,
1120 4385 1316 4487 hostibus
1353 4386 1536 4488 obviam

129 4529 331 4669 gressis,
376 4529 478 4629 leve
509 4566 730 4631 certamen
766 4531 1127 4649 commiserant,
1150 4531 1275 4669 quod
1309 4569 1412 4630 cum
1447 4539 1540 4661 jam

127 4705 306 4771 mrum
357 4713 445 4773 esse
498 4674 770 4793 videretur,
808 4715 859 4773 ex
911 4675 1040 4775 altera
1093 4711 1211 4814 parte
1264 4674 1539 4835 redintegra-

145 4849 336 4934 ,tanto
388 4855 576 4921 numero
627 4750 937 4922 invadentibus
970 4810 1190 4923 hostibus
1224 4897 1241 4940 ,
1289 4854 1341 4921 ut
1391 4816 1535 4918 omnis

1466 5000 1540 5059 ex-
