4170 5866
564 439 644 497 120
837 534 840 543 η
927 415 1013 495 on
1059 413 1259 495 nunus
1309 410 1531 493 ensrts

362 613 365 619 ·
507 571 621 714 gitta
657 569 865 675 illumin
902 605 1078 710 pectore
1115 566 1327 710 configit.
1368 575 1567 708 Accepto
1604 564 1810 689 vulnere,
1838 569 1979 680 'Carae

507 717 725 818 maminus
760 714 998 834 consedit,
1034 751 1258 852 manuque
1295 712 1430 813 telum
1466 712 1646 814 educere
1680 707 1838 814 frustra
1876 751 1978 820 ten-

416 872 418 876 ’
506 862 644 959 tavit.
691 860 863 962 Deinde
899 893 1062 958 erectus
1097 857 1360 998 innixusque
1396 854 1710 985 tabernaculo,
1747 898 1844 958 suos
1881 861 1976 962 ite*

509 1042 611 1103 rum
646 1005 702 1103 ad
749 1041 949 1144 pugnam
1000 999 1281 1102 cohortatur.
1335 1011 1543 1102 Ceterum
1592 1041 1618 1099 a
1667 1000 1974 1143 stloppetariis

405 1207 413 1217 r<
509 1147 766 1286 appetitus,
803 1143 1066 1287 duobusque
1113 1179 1324 1286 praeterea
1362 1145 1457 1242 telis
1501 1138 1761 1276 confossus,
1798 1148 1978 1249 occidi-

505 1323 606 1390 tur.
644 1302 710 1390 Ita
745 1330 850 1390 cum
885 1300 976 1422 jam
1021 1329 1070 1387 ea
1106 1285 1292 1386 triremis
1335 1286 1548 1387 debellata
1594 1326 1682 1387 esse
1718 1288 1971 1410 videretur,

506 1432 554 1532 in
592 1434 784 1534 dextram
821 1431 1022 1533 converti
1067 1469 1166 1530 suos
1200 1430 1484 1532 Bernatdinus
1521 1427 1675 1563 jubet,
1712 1466 1755 1532 ct
1793 1467 1975 1575 practo-

507 1576 621 1675 riam
656 1578 761 1677 totis
791 1575 959 1677 vitibus
995 1611 1284 1717 oppugnare,
1306 1572 1355 1674 in
1384 1614 1475 1716 qua
1511 1571 1634 1676 brevi
1670 1575 1830 1717 spatio
1849 1579 1975 1681 mul·

507 1718 545 1817 ti
580 1721 908 1838 conciduntur,
943 1717 1190 1858 complures
1220 1717 1544 1838 vulnerantur,
1579 1755 1624 1817 et
1659 1718 1708 1818 in
1758 1719 1825 1821 his
1862 1721 1970 1823 Ali-

508 1857 707 1963 hamatus
744 1863 866 2003 ipses
906 1863 986 2002 qui
1021 1863 1131 1964 dum
1167 1901 1265 1962 suos
1300 1863 1355 1961 ad
1397 1861 1562 1960 malum
1606 1862 1843 1963 consistens
1881 1905 1968 1965 co-

504 2001 732 2125 hortatur,
767 2006 925 2148 sagitta
961 2004 1166 2104 transfixo
1202 2003 1424 2124 brachio,
1454 2044 1504 2104 ac
1538 2002 1664 2105 rebus
1699 2008 1966 2150 desperatis,

501 2146 551 2248 in
586 2149 775 2290 puppim
813 2149 1044 2288 primum,
1080 2149 1240 2249 deinde
1277 2187 1329 2249 ex
1375 2145 1457 2279 hac
1492 2149 1690 2290 elapsus,
1725 2154 1875 2252 nando
1914 2153 1966 2258 in

503 2291 752 2432 proximam
806 2290 1056 2413 biremem,
1092 2332 1206 2434 quae
1257 2332 1362 2394 curn
1408 2332 1495 2425 una
1542 2329 1789 2396 nostratum
1841 2294 1961 2396 trire-

506 2434 650 2534 mium
690 2476 826 2577 paene
852 2437 1008 2537 victrix
1043 2432 1351 2578 depugnabat,
1379 2476 1464 2538 sese
1501 2437 1691 2580 recepit.
1729 2441 1811 2542 Sed
1847 2438 1969 2544 hanc

504 2578 722 2679 Henricus
758 2580 1009 2721 Hentiques
1044 2654 1061 2705 ,
1099 2583 1178 2721 qui
1228 2577 1443 2681 biremem
1492 2580 1672 2683 alteram
1714 2583 1968 2688 debellave-

504 2757 605 2841 rat,
642 2722 887 2844 invadens,
923 2723 1143 2825 devictam
1162 2762 1282 2825 xcurn
1318 2722 1571 2827 Alihamato
1606 2725 1750 2871 cepit.

576 2876 764 2968 XXVII.
841 2879 1002 2970 Interea
1037 2869 1347 2988 Bemardinus,
1367 2870 1529 2970 directa
1564 2911 1640 2972 sua
1676 2871 1810 2993 navi,
1838 2908 1963 2975 tran-

504 3011 704 3111 scendere
740 3011 899 3112 milites
934 3009 1059 3146 jubet
1094 3013 1291 3114 triremes
1325 3011 1509 3114 ambas:
1536 3013 1601 3114 illi
1636 3015 1831 3117 celeriter
1866 3027 1966 3148 jus-

506 3194 550 3252 sa
584 3147 784 3275 faciunt,
820 3195 900 3255 nec
933 3167 1025 3288 jam
1059 3192 1219 3299 magna
1253 3156 1542 3295 contentione
1578 3195 1811 3302 utramque
1847 3161 1966 3260 reci·-

502 3296 662 3438 piunt.
711 3300 879 3400 Primus
916 3300 1119 3402 omnium
1156 3299 1419 3442 praetoriam
1455 3299 1667 3402 Matthias
1704 3303 1967 3406 Madritien-

500 3439 559 3540 sis
595 3441 717 3542 miles
753 3444 1012 3546 transcendit
1046 3483 1058 3551 3
1100 3442 1220 3544 illam
1254 3443 1432 3544 alteram
1468 3447 1767 3547 Caramamini
1801 3486 1967 3551 navem

505 3577 713 3686 Alfonsus
748 3586 914 3690 Renites
950 3581 1189 3729 praefectus
1224 3587 1352 3688 unius
1387 3587 1602 3710 triremis,
1638 3631 1664 3689 a
1698 3630 1784 3732 qua
1819 3585 1965 3693 fuerat

358 3837 360 3839 ,
504 3729 678 3861 adjutus
697 3729 999 3832 Bernardinus
1017 3809 1028 3830 .
1048 3836 1063 3858 ,-
1082 3739 1204 3830 Nam
1250 3731 1480 3872 proximae
1517 3772 1713 3875 quaeque
1763 3733 1966 3874 opitula-

501 3868 660 3972 bantur
695 3872 810 3973 inter
845 3916 916 3974 se.
958 3873 1042 3974 His
1079 3872 1322 3976 triremibus
1359 3873 1612 3996 debellatis,
1643 3913 1727 3976 tres
1764 3876 1965 3984 hostium

495 4014 691 4116 ,biremes
712 4050 770 4118 et
806 4057 895 4117 una
931 4017 1115 4119 triremis
1161 4019 1587 4160 speculatoriumque
1634 4019 1866 4163 navigium
1919 4063 1966 4124 se

496 4153 633 4302 :fugae
669 4160 964 4263 mandarunt.
1001 4173 1064 4262 Ita
1100 4198 1182 4263 tres
1218 4163 1402 4264 omnino
1423 4162 1657 4283 triremes,
1680 4162 1966 4306 biremesque

505 4341 672 4442 septem
707 4340 894 4448 captae,
928 4346 1016 4407 una
1066 4308 1291 4407 dumtaxat
1326 4306 1454 4407 initio
1508 4308 1733 4450 depressa,
1768 4349 1820 4406 ex
1870 4350 1967 4410 no-

501 4447 599 4544 stris
636 4449 752 4547 nulla
788 4450 1051 4559 desiderata.
1105 4464 1312 4552 Ceterum
1349 4452 1460 4553 duae
1495 4451 1670 4573 exiis,
1707 4448 1969 4590 quaelicet

505 4587 694 4729 imperio
732 4595 983 4692 Bernardini
1020 4633 1238 4697 summam
1274 4593 1457 4692 tenentis
1493 4607 1691 4733 parerent
1719 4670 1735 4710 ‚
1766 4591 1856 4692 aliis
1894 4632 1966 4694 ta-

443 4798 451 4814 x«
499 4770 607 4835 men
643 4774 668 4832 a
704 4735 866 4835 Carolo
901 4750 1081 4839 Caesare
1131 4736 1338 4880 privatim
1388 4731 1558 4840 fuerant
1606 4732 1872 4855 attributae,
1911 4775 1966 4839 ut

1840 4918 1969 4985 etant
