4110 5888
171 411 177 422 -
347 326 350 331 ’
450 373 526 447 xx.
904 366 1410 447 suMMnutuM

430 493 633 637 imperatos
658 496 930 586 instructiorem
959 522 998 584 et
1016 489 1136 584 hone·
1250 497 1388 583 XVIII.
1462 492 1566 583 Pauli
1612 501 1673 584 Ill.
1714 495 1902 586 Pontificis

434 621 585 707 stiorem
628 618 851 705 comitatum
883 648 958 704 ιιι
955 616 1138 735 cognatis
1181 615 1353 702 Maximi
1385 616 1435 703 ad
1467 618 1668 704 Gallorum
1694 622 1850 734 Regem
1868 644 1909 705 et

435 766 474 827 et
499 738 706 825 domesticis
738 768 863 824 secum
888 736 1106 823 adducunt.
1196 735 1379 821 Catulum
1411 739 1610 821 Caesarem
1653 736 1701 822 de
1744 736 1915 850 pacifica·

495 860 594 944 XIII.
655 857 838 943 Henricus
857 852 1058 942 Gallorum
1073 860 1143 940 Re
1198 854 1303 940 tione
1347 854 1505 974 legatio.
1554 854 1691 942 Silvam
1730 856 1907 942 Cardina·
1994 854 1996 870 '

436 975 512 1112 gis
520 972 615 1060 filius
639 976 789 1064 vastatis
819 975 915 1094 agris
956 975 1022 1061 ad
1050 978 1142 1059 Pet·
1201 972 1276 1058 lem
1306 973 1491 1110 legatum
1511 973 1632 1060 minus
1673 973 1913 1107 indulgenter

437 1094 631 1230 pinianum
667 1119 786 1180 castra
825 1096 959 1210 ponit,
984 1117 1023 1179 et
1053 1092 1147 1181 illud
1202 1091 1372 1178 habitum
1410 1094 1533 1179 statim
1572 1091 1794 1178 Montisone
1839 1095 1908 1176 Ca

439 1214 634 1301 tormentis
658 1242 880 1330 oppugnare
902 1236 1035 1330 parat.
1117 1279 1118 1284 ι
1204 1210 1305 1299 tolus
1315 1211 1496 1298 dimittit.

500 1333 607 1417 XIV.
662 1331 762 1417 Galli
795 1331 1148 1469 propugnaculum,
1264 1333 1370 1416 XIX.
1427 1331 1612 1447 Superatis
1635 1326 1913 1418 difficultatibus

440 1445 550 1590 quod
578 1474 634 1537 est
668 1451 718 1536 ad
739 1479 862 1538 arcem
880 1516 893 1560 ,
910 1477 1065 1567 quatere
1093 1451 1147 1535 in·
1207 1451 1342 1537 Caesar
1386 1452 1541 1537 tandem
1573 1450 1623 1535 ab
1662 1450 1914 1566 Aragonensi

441 1572 602 1686 cipiunt.
632 1570 806 1708 Hispanis
832 1570 881 1657 ad
908 1573 988 1657 duo
1015 1598 1153 1685 ,quae
1207 1567 1318 1655 bus
1309 1594 1516 1686 impetrat,
1532 1593 1576 1654 ut
1606 1567 1700 1654 filius
1725 1569 1911 1656 Montiso·

444 1717 552 1775 etant
579 1690 736 1776 omnino
768 1720 814 1776 cx
838 1722 897 1778 ea
915 1715 1047 1807 parte,
1068 1714 1151 1775 tor·
1189 1714 1309 1773 nea
1344 1689 1519 1774 Concilio
1559 1686 1681 1805 Regni
1727 1717 1912 1776 successor

444 1833 575 1895 menta
604 1809 748 1895 nullum
772 1810 888 1895 telum
922 1807 1044 1895 habile
1068 1838 1154 1923 sup-
1210 1835 1459 1943 agnoscatur,
1476 1835 1520 1892 ea
1551 1804 1632 1922 lege
1649 1828 1721 1911 ,ut
1749 1807 1808 1890 hic
1839 1833 1914 1895 tres

445 1928 572 2062 petit:
569 1929 665 2012 sed
690 1925 818 2013 ferreis
845 1928 966 2046 globis
1003 1927 1052 2012 ab
1081 1927 1152 2012 ho-
1210 1927 1388 2056 principes
1420 1927 1529 2011 urbes
1559 1926 1671 2009 adeat
1709 1955 1815 2010 more
1837 1958 1917 2012 ma·

445 2045 560 2131 stibus
586 2045 719 2132 emissis
745 2047 799 2132 usi
831 2047 975 2133 hostilia
997 2045 1155 2132 nonnul·
1209 2074 1352 2154 rorum.
1397 2045 1591 2129 Carolo
1582 2067 1709 2159 Itaque
1741 2045 1916 2133 Barcino·

445 2163 486 2251 la
525 2190 713 2252 tormenta
743 2166 1050 2271 comminuunt,
1082 2166 1153 2249 bo-
1209 2192 1297 2248 nem
1327 2162 1607 2278 proficiscente,
1623 2167 1807 2248 Asturum
1816 2166 1914 2251 Prrn

445 2312 611 2399 namque
644 2311 789 2399 partem
824 2283 1155 2373 tormentatiorum
1207 2310 1295 2397 ceps
1320 2287 1655 2399 Caesaraugustam
1692 2284 1908 2370 contendit.

447 2401 627 2490 militum
633 2404 860 2491 concidunt.
1267 2402 1357 2486 XX.
1415 2401 1604 2516 Philippus
1642 2427 1745 2514 equo
1782 2400 1821 2485 in
1858 2430 1912 2489 ur·

524 2523 614 2607 XV.
691 2527 847 2608 Bezerra
888 2550 927 2609 et
966 2496 1155 2608 Machuca
1208 2519 1296 2605 bem
1326 2520 1543 2624 invehitur,
1571 2516 1682 2635 pallio
1711 2543 1913 2656 contegen-

448 2640 712 2746 centuriones,
740 2643 825 2758 igne
859 2666 1048 2777 cessante,
1068 2670 1156 2726 cum
1209 2663 1278 2744 te,
1297 2639 1502 2776 primisque
1529 2581 1811 2755 Magistratibus
1850 2640 1913 2729 cit
1941 2645 1946 2655 '

293 2869 296 2882 .
448 2759 519 2844 suis
581 2761 867 2898 manipularibus
921 2759 1157 2875 eruptionem
1207 2760 1413 2868 cumtect'ts.

450 2875 633 2986 faciunt,
665 2906 704 2964 et
744 2882 913 2996 quinque
951 2904 1157 2966 tormento
1267 2879 1373 2963 XXI.
1432 2880 1503 2964 Per
1517 2875 1749 2994 Evangelia
1740 2902 1916 2990 umatus,

450 2997 772 3109 ttunmaiorum
816 2995 1000 3084 foramina
1047 2998 1158 3086 clavis
1209 3023 1442 3085 servaturum
1466 3026 1504 3083 se
1520 2996 1644 3113 leges,
1673 3024 1822 3103 mores,
1842 2998 1918 3132 pri·

452 3110 575 3206 ferreis
597 3118 820 3204 obstruunt.
1208 3116 1369 3234 vilegia,
1385 3145 1424 3205 et
1447 3113 1786 3233 Aragonensium
1776 3116 1917 3203 rnstitu·

511 3236 619 3320 XVI.
680 3237 891 3341 Henricus,
913 3236 1072 3322 duobus
1078 3235 1158 3321 mil·
1207 3260 1248 3321 ιι
1272 3238 1474 3350 promittit.

452 3351 547 3438 libus
572 3354 830 3469 Hispanorum
867 3297 1001 3440 iuxilio
1042 3356 1158 3470 Perpi·
1268 3356 1390 3444 XXII.
1448 3355 1576 3442 Paucis
1605 3354 1735 3440 diebus
1767 3359 1915 3444 Caesar·

443 3471 609 3556 'nianum
637 3471 828 3586 receptis,
857 3473 1040 3607 oppidum
1066 3474 1159 3558 obsi·
1209 3499 1390 3590 augustae
1429 3499 1681 3559 commoratus
1725 3503 1791 3589 per
1833 3481 1915 3562 Fra·
1971 3496 1973 3499 ’

455 3589 570 3674 dione
592 3589 793 3675 laxandum
822 3591 984 3676 existima
962 3617 1086 3696 at,et
1106 3620 1160 3678 ca
1211 3619 1361 3709 gamer
1384 3592 1541 3680 Ilerdam
1565 3592 1813 3678 Barcinonem
1836 3625 1919 3710 pro·

454 3706 534 3792 stris
560 3707 699 3813 motis,
721 3733 761 3793 et
791 3709 850 3794 ad
865 3709 1080 3796 Clarianum
1107 3739 1160 3797 ca·
1211 3711 1399 3796 ficiscitur.

327 3862 330 3867 ¹
457 3824 603 3911 stellum
629 3825 805 3933 munitis,
828 3828 1017 3914 consistit.
1270 3832 1413 3916 XXIII.
1470 3830 1649 3959 Regionis
1670 3829 1837 3937 ariditas,
1856 3863 1921 3948 pu·

452 3945 638 4030 XVII.
697 3946 855 4032 Carolus
894 3951 1029 4033 Caesar
1069 3977 1159 4033 con·
1213 3948 1293 4053 tei,
1327 3976 1457 4066 stagna
1496 3945 1698 4052 melitera,
1715 3948 1919 4057 cisternae,

456 4061 615 4149 fluentes
639 4062 807 4176 copias,
838 4064 984 4181 longius
1025 4096 1162 4200 agmen
1212 4065 1359 4180 aliaque
1375 4095 1558 4199 aquarum
1573 4066 1827 4181 receptacula.
1859 4074 1920 4153 In-

458 4182 661 4267 reducente
683 4182 829 4287 Gallo,
853 4183 1015 4270 domum
1043 4184 1162 4270 redire
1214 4183 1401 4269 credibiles
1444 4183 1624 4269 siccitates
1659 4214 1725 4300 per
1765 4184 1920 4273 omnem

452 4300 576 4413 iubet.
602 4298 918 4389 Aurelianensium
947 4308 1039 4388 Dux
1059 4333 1163 4433 apa·
1215 4297 1291 4386 lere
1316 4302 1536 4417 Hispaniam
1569 4303 1660 4389 hoc
1683 4329 1787 4387 anno
1823 4333 1921 4389 con

456 4446 512 4503 tre
541 4419 590 4504 ad
623 4419 836 4505 uexandum
868 4420 1038 4554 Belgium
1074 4438 1162 4507 cum
1214 4440 1389 4508 secutae.
1421 4421 1485 4505 Ad
1526 4420 1686 4507 alendas
1698 4418 1867 4536 fruges
1857 4453 1918 4507 un

454 4536 631 4621 exercitu
659 4536 809 4624 interea
827 4538 986 4644 missus,
1003 4545 1159 4624 Lucem·
1212 4539 1372 4624 brium
1368 4539 1556 4655 penuriae
1551 4539 1843 4676 irrigationibus
1874 4571 1921 4629 ex

452 4655 650 4783 burgum,
658 4655 861 4770 multaque
884 4601 1026 4768 oppida
1048 4681 1088 4743 et
1110 4685 1164 4768 ιι·
1207 4655 1361 4765 fluviis,
1390 4660 1501 4744 Ibero
1513 4654 1661 4743 ferme
1659 4659 1826 4744 omuino
1847 4690 1921 4746 ex

451 4773 557 4861 atella
581 4772 694 4890 capit
696 4797 1023 4891 expugnatque.
1112 4828 1114 4835 ι
1217 4802 1354 4893 cepto,
1381 4776 1568 4868 deductis*
1567 4755 1802 4865 medentur.
1886 4807 1909 4851 f:

688 4971 703 4985 ,
1868 4898 1923 4980 ln·
