4102 5864
549 452 635 564 366
862 530 865 537 ,
954 468 1037 549 DE
1079 469 1277 549 REBUS
1315 467 1537 551 GESTIS

499 625 648 726 silibus
684 633 814 737 sunt}
848 629 987 768 quod
1010 663 1225 727 certamen
1263 626 1313 727 in
1350 628 1470 727 aulae
1508 619 1963 732 cavaedio‘commis·

499 806 596 867 surn
633 806 695 869 est
726 850 741 892 ‚
776 774 869 911 quo
904 770 975 870 die
1023 768 1319 869 celebrabatur
1361 769 1651 911 Epiphania,
1683 791 1755 871 sex
1796 808 1959 876 turmas

496 911 681 1010 totidem
736 913 985 1053 proceribus
1041 909 1317 1012 ductantibus
1356 989 1370 1031 ,
1408 912 1656 1053 Almitanto
1705 917 1922 1016 ‘Castellae
1937 995 1954 1037 ,

497 1063 702 1153 Suessano
740 1068 908 1174 Duce,
947 1053 1207 1155 Marchione
1246 1053 1487 1173 Piscariae‚
1527 1054 1727 1194 Principe
1767 1059 1947 1177 Asculi,

496 1205 677 1302 Comite
728 1205 927 1315 Lunae,
977 1232 1019 1298 et
1056 1209 1260 1298 Franceso
1314 1195 1602 1295 Beamontio.
1654 1198 1951 1337 spectantibus

497 1382 644 1444 autern
664 1340 871 1480 Philippo
907 1341 1037 1480 ipso,
1059 1375 1101 1438 et
1139 1377 1242 1437 curn
1278 1375 1396 1437 nova
1432 1372 1566 1476 nupta
1605 1371 1650 1435 et
1685 1376 1830 1438 matre
1863 1380 1951 1441 ma-

505 1524 595 1625 gna
632 1484 871 1627 primarum
925 1519 974 1582 et
1013 1479 1402 1621 pulcherrimarum
1453 1474 1716 1580 feminarum
1753 1515 1951 1604 caterva,

394 1744 396 1748 y
503 1667 616 1764 quae
657 1622 851 1727 curribus
900 1619 1234 1760 triumphalibus
1284 1623 1387 1720 curn
1427 1618 1729 1738 veherentur,
1765 1662 1949 1762 quotum

500 1767 747 1867 Mediolani
786 1803 945 1903 magna
994 1763 1121 1903 copia
1154 1799 1215 1861 est
1250 1762 1372 1900 equis
1409 1798 1453 1861 et
1486 1797 1642 1862 ornatu
1685 1765 1947 1907 insignium,

497 1948 589 2008 non
631 1910 772 2010 minus
805 1908 998 2038 jucundo
1025 1941 1069 2004 et
1105 1903 1299 2005 mirabili
1336 1904 1575 2042 spectaculo
1618 1905 1840 2043 equitibus
1869 1908 1946 2006 Hi-

496 2050 638 2190 spanis
679 2045 896 2169 fuerunt,
930 2086 1084 2188 quarn*
1116 2046 1199 2185 ipsi
1225 2048 1537 2185 vspectantibus
1589 2039 1759 2146 fuerant
1794 2048 1845 2147 in
1882 2049 1945 2147 lu·

495 2193 620 2291 drico
661 2191 936 2308 arundineo,
969 2189 1092 2329 quod
1133 2190 1227 2326 ipsa
1264 2186 1456 2330 quoque⁴
1493 2185 1692 2287 novitate
1727 2189 1942 2317 Mediola-

473 2331 697 2432 nensibus
738 2328 823 2433 fuit
860 2331 1247 2459 jucundissimum.
1414 2332 1415 2335 Ὺ
1568 2332 1571 2339 ’

583 2483 770 2574 XXXII.
841 2474 924 2570 His
976 2467 1132 2570 officiis
1188 2473 1244 2571 ad
1283 2468 1591 2572 Mediolanum
1641 2505 1684 2570 et
1738 2473 1862 2572 culto
1903 2505 1940 2573 et

493 2614 819 2755 perhumaniter
851 2608 1002 2713 functo
1033 2611 1267 2753 Philippo,
1318 2612 1397 2753 qui
1436 2614 1616 2711 munera
1653 2654 1837 2753 quoque
1868 2653 1944 2714 no-

434 2853 438 2862 ,
495 2794 576 2856 vae
609 2792 774 2898 nuptae
813 2756 1030 2893 matrique
1068 2827 1084 2876 ‚
1118 2755 1309 2894 personis
1361 2754 1704 2878 convenientia,
1741 2757 1946 2867 miserat.

492 2907 671 3036 jamque
708 2893 1028 3036 profectionem
1058 2898 1233 3036 paranti
1267 2971 1279 3013 ,
1316 2909 1490 2996 Senatus
1530 2898 1813 3036 Populusque
1831 2902 1834 2908 ’
1850 2905 1947 2999 Me·

492 3039 753 3137 diolanensis
784 3037 945 3178 viginti
971 3039 1062 3136 duo
1081 3045 1319 3138 Scutatorum
1364 3041 1646 3138 nummorum
1687 3040 1828 3139 millia
1862 3077 1950 3140 rnu-

492 3179 587 3278 neti
624 3178 776 3297 misit,
812 3180 891 3319 qui
930 3217 1134 3278 nummus
1170 3216 1321 3279 aureus
1364 3180 1567 3318 ponderis
1603 3213 1664 3279 est
1708 3183 1842 3320 paulo
1889 3183 1953 3280 in·

492 3315 561 3420 fra
596 3322 826 3420 ducatum.
870 3322 1003 3420 Paulo
1033 3354 1267 3461 antequam
1305 3319 1527 3461 Philippus
1563 3322 1827 3422 Mediolano
1867 3324 1955 3422 dis-

494 3465 698 3581 cederet,
742 3456 945 3564 Alfonsus
978 3462 1225 3602 Aguilarius
1259 3462 1376 3561 Petri
1410 3461 1642 3563 Cordubae
1677 3466 1829 3566 Feriae
1866 3476 1959 3565 Co-

491 3603 612 3703 mitis
648 3600 775 3705 frater
809 3601 973 3726 affuit,
1010 3645 1062 3702 ex
1101 3604 1301 3703 Bruxellis
1341 3645 1366 3703 a
1400 3603 1564 3705 Catolo
1606 3618 1788 3706 Caesare
1847 3606 1961 3707 mis·

492 3784 595 3866 sus,
634 3747 711 3884 qui
745 3742 950 3883 Philippo
984 3744 1073 3846 filio
1104 3747 1288 3846 salutem
1324 3745 1408 3846 suis
1441 3745 1579 3848 verbis
1615 3748 1781 3848 diceret
1818 3825 1835 3867 ‚
1881 3753 1962 3850 de-

490 3926 582 4026 que
619 3924 693 3985 sua
738 3883 855 3985 bona
894 3886 1142 3986 ualetudine
1162 3888 1393 3987 ¹nuntiaret
1429 3927 1441 3995 3
1481 3888 1560 4027 qui
1599 3890 1744 3989 statim
1792 3891 1965 3991 eisdem

494 4033 549 4129 de
590 4026 715 4128 rebus
767 4026 926 4127 litteras
987 4028 1183 4167 laetaque
1234 4068 1438 4169 responsa
1473 4027 1659 4130 referens
1716 4033 1774 4130 ad
1816 4044 1966 4133 Caro-

493 4170 587 4270 lum
622 4169 822 4272 eumdem
855 4245 870 4288 ,
907 4170 1083 4269 mutatis
1123 4173 1178 4269 ad
1230 4172 1490 4270 celeritatem
1530 4173 1652 4311 equis
1687 4249 1703 4291 ‚
1739 4209 1792 4273 ut
1827 4214 1968 4275 vene-

490 4349 597 4430 rat,
631 4311 865 4414 remeavit.
927 4307 1179 4412 Madrucius
1215 4352 1395 4453 quoque
1429 4313 1707 4433 Cardinalis,
1745 4356 1845 4416 non
1888 4360 1968 4418 ex-

494 4488 685 4590 spectata
720 4449 992 4595 profectione
1035 4452 1226 4594 Philippi
1257 4532 1272 4572 ,
1303 4457 1563 4556 Tridentum
1603 4458 1776 4596 magnis
1822 4460 1964 4560 itine-

491 4592 613 4693 ribus
649 4596 875 4695 contendit
912 4673 927 4715 ‚
965 4630 1014 4695 ut
1063 4598 1118 4694 ad
1173 4595 1422 4736 Philippum
1457 4598 1756 4737 recipiendum
1817 4638 1963 4703 essent

495 4734 648 4839 omnia
681 4744 770 4870 ejus
806 4737 1034 4878 diligentia
1072 4775 1271 4882 ternpore
1304 4775 1577 4882 comparata³
1666 4740 1669 4745 ’

1856 4893 1964 4988 ,Ex
