4034 5858
488 467 830 552 cauotrv.
879 467 992 548 ιιι.
1034 469 1170 549 xxx
1323 432 1325 435 ’
1425 482 1507 572 523

104 621 169 724 mi
203 572 432 743 familia,
474 665 566 725 non
616 627 747 766 longe
797 665 841 723 a
859 623 1070 758 Placentia
1105 621 1392 744 Lusitaniae,
1431 630 1555 766 quod

95 774 215 927 justi
266 769 654 909 cognominatur,
687 711 766 869 tibi
801 804 903 865 cum
955 805 1087 906 parva
1122 760 1290 866 familia
1342 770 1556 908 privatam

104 910 244 1010 vitam
282 948 484 1054 peragere
537 914 832 1026 decreverat,
870 908 1246 1049 opportunitatem
1300 910 1390 1019 loci
1426 914 1557 1052 ,qui

74 1091 197 1152 non
235 1054 387 1192 procul
437 1054 633 1195 oppidis
662 1051 828 1169 abest,
868 1092 979 1191 quae
1014 1063 1155 1194 Reges
1190 1053 1430 1193 Hispaniae
1467 1050 1554 1155 fre-

104 1232 312 1355 quentare
348 1196 529 1315 solent,
565 1196 764 1335 coelique
808 1196 1064 1340 temperiem
1101 1230 1300 1296 securus.
1355 1197 1554 1296 Primum

103 1337 239 1476 agitur
274 1339 594 1440 Mediolanensi
628 1351 813 1438 Ducaru
838 1332 1045 1478 Philippo
1091 1336 1181 1438 filio
1233 1339 1389 1456 cessit,
1426 1340 1554 1440 dein-

104 1481 158 1576 de
195 1491 359 1641 Regno
391 1480 737 1644 Neapolitano,
772 1515 887 1581 tum
908 1480 1085 1620 Belgico
1136 1481 1431 1619 Principatu,
1468 1521 1554 1623 po-

102 1656 261 1722 stremo
296 1623 543 1784 Hispania,
578 1663 788 1763 novoque
823 1622 981 1739 Orbe,
1018 1659 1061 1721 et
1098 1623 1315 1762 quidquid
1370 1661 1556 1763 praeterv

102 1804 151 1862 ea
184 1762 318 1864 sub
306 1767 495 1904 imperio
543 1800 793 1865 nostrorum
834 1750 1133 1904 Hispanorum
1169 1800 1256 1864 est.
1310 1774 1432 1865 Haec
1469 1807 1550 1867 au

102 1941 195 2006 tem
249 1908 403 2006 ultima
454 1909 587 2009 cessio
634 1903 748 2005 facta
798 1942 859 2006 est
893 1907 1145 2023 Bruxellis,
1182 1945 1284 2005 curn
1321 1905 1549 2048 Philippus
1593 1934 1595 1938 ’

101 2046 192 2183 ipse
242 2053 444 2168 adesset,
479 2052 534 2166 ad
587 2034 807 2148 decimum
858 2047 1094 2186 septimum
1128 1982 1423 2148 Xalendarurn
1472 2063 1608 2182 Fe-

102 2185 311 2308 bruarii,
353 2192 431 2330 qui
466 2188 549 2290 fuit
591 2230 725 2290 annus
760 2190 924 2290 Christi
958 2189 1208 2290 millesimus
1246 2190 1848 2331 quingentesi-nau.u.1›.ev1

99 2369 197 2430 mus
233 2334 617 2476 quinquagesimus
653 2370 822 2451 sextus,
844 2333 1074 2471 idemque
1110 2332 1200 2431 dies
1237 2333 1430 2471 epistolis
1468 2335 1550 2434 ad-

100 2475 282 2613 scriptus
317 2513 409 2574 erat
432 2517 582 2614 ,quas
619 2476 779 2575 eisdem
816 2478 870 2574 de
907 2478 1033 2576 rebus
1052 2476 1233 2575 Carolus
1269 2514 1361 2573 uno
1398 2515 1548 2577 exem
1656 2474 1659 2478 ¹

99 2614 224 2751 plo
211 2653 406 2757 rtemque
444 2618 667 2756 Philippus
719 2618 774 2717 ad
811 2655 963 2716 omnes
998 2615 1207 2715 Castellae
1259 2617 1451 2716 civitates
1488 2619 1550 2718 si-

98 2757 284 2896 gillatim
320 2762 545 2859 dederunt.
573 2759 898 2900 Epistolarum,
918 2799 1025 2901 quas
1061 2757 1155 2896 ipse
1177 2756 1410 2859 Cordubae
1445 2759 1547 2901 legi,

97 2899 293 3040 exempla
327 2897 596 3042 infrascripta
633 2938 756 3002 sunt.

275 3093 557 3195 CAROLUS
593 3093 954 3191 IMPERATOR
990 3093 1069 3188 ET
1105 3093 1231 3188 REX
1331 3148 1334 3154 ,

248 3261 535 3414 SENATUI
565 3264 938 3397 POPULOQUE
974 3235 1353 3435 CORDUBENSI

485 3494 489 3499 -
570 3494 572 3498 ,
702 3433 742 3524 S.
783 3435 840 3525 D.

148 3552 270 3712 XXI
329 3618 438 3733 „Ex
474 3609 624 3710 litteris
660 3645 686 3709 a
721 3646 792 3709 me
828 3646 927 3751 post
953 3647 1102 3709 meum
1138 3652 1188 3710 ex
1218 3566 1431 3749 Hispania
1469 3605 1541 3733 dif
1593 3732 1597 3742 Ι

97 3794 333 3896 „gressum
369 3752 541 3893 publice
573 3753 710 3853 missis
736 3787 840 3853 nota
870 3788 942 3851 ιιι
956 3750 1112 3870 vobis,
1135 3791 1184 3852 ut
1221 3752 1412 3912 opinor,
1430 3791 1536 3850 con·
1615 3886 1618 3893 Ι

9 3924 13 3930 ’
93 3971 124 4015 ,,
143 3898 340 4032 siliorum
393 3934 596 3996 meorum
650 3932 881 4035 rerumque
918 3928 1135 4033 gestarum
1181 3895 1293 3993 ratio
1339 3930 1382 3993 et
1431 3931 1539 4029 pto-

94 4113 125 4155 „
140 4076 316 4178 gressus.
353 4044 435 4137 Pro
473 4079 575 4139 meo
612 4037 773 4137 scilicet
810 4036 1001 4135 studio
990 4075 1037 4135 tn
1074 4034 1368 4137 Christianam
1417 4033 1537 4165 Reli

93 4256 123 4322 „
140 4181 362 4320 gionem,
394 4182 498 4281 dum
537 4179 710 4321 publice
746 4178 1096 4279 Christianorum
1131 4179 1390 4279 concordiae
1425 4217 1537 4275 con-

97 4322 307 4440 „sulere,
326 4355 370 4419 et
399 4323 640 4430 utilitatem
668 4323 876 4421 Ecclesiae
908 4324 1203 4460 quorumdam
1238 4320 1391 4441 scelere
1426 4317 1536 4417 mul·

91 4539 121 4581 „
141 4399 332 4564 rifariarir
368 4464 641 4564 dilaceratam
689 4465 908 4585 restituere
943 4500 1186 4603 cuperem,
1228 4437 1415 4560 difficile
1441 4459 1537 4561 bel-

5 4645 9 4661 ’
92 4680 124 4722 „
139 4598 278 4703 lum
268 4646 314 4706 m
339 4606 669 4708 tumultuantes
693 4616 930 4707 Germanos
967 4606 1163 4749 suscepi,
1181 4643 1311 4744 atque
1347 4642 1476 4765 ope
1469 4590 1536 4701 di-

90 4822 121 4865 „
142 4746 245 4847 vina
281 4746 486 4871 confeci,
517 4785 567 4850 ut
602 4746 868 4892 principibus
905 4743 1154 4850 defectionis
1189 4789 1239 4849 ac
1274 4744 1532 4902 pertinaeio

973 4900 1119 4994 Vvvz
1426 4963 1456 5004 „
1471 4921 1531 4983 ιι
