4102 5864
526 396 611 515 368
892 421 977 500 ou
1023 419 1231 501 umus
1277 419 1497 502 cusrrs
1560 470 1562 475 .

544 584 739 680 XXXV.
793 563 905 676 'Ubi
937 576 991 674 ad
1034 572 1151 673 urbis
1192 607 1362 712 portam
1396 652 1412 693 ,
1454 578 1567 716 quae
1602 570 1781 677 Perlella
1824 572 1939 676 dici-

481 758 551 821 tur
567 799 582 841 ,
616 753 796 820 ventum
835 752 988 835 est,a
1027 716 1349 856 quinquaginta
1383 718 1723 818 adolescentibus
1776 720 1938 859 prima-

479 863 553 962 riis
606 861 707 961 albo
763 859 897 960 serico
934 858 1098 957 indutis
1137 932 1151 974 ,
1195 894 1238 955 et
1276 894 1378 957 octo
1416 858 1632 997 praeterea
1680 903 1731 960 ex
1774 863 1934 1000 princi*

478 1002 607 1142 pibus
648 1001 833 1102 civitatis
870 1079 884 1119 ,
927 1001 1005 1137 qui
1039 1000 1332 1098 velamentum
1375 995 1544 1101 Patrium
1588 1003 1760 1103 dictum
1812 1039 1934 1104 tene-

480 1143 588 1243 bant
606 1221 620 1263 ,
657 1143 736 1243 sub
775 1143 955 1282 pallium
995 1177 1194 1280 exceptus
1225 1180 1237 1246 3
1277 1176 1320 1239 et
1347 1140 1418 1240 ab*
1440 1136 1634 1261 eisdem,
1668 1146 1748 1283 qui
1780 1185 1936 1244 omnes

441 1403 444 1410 ν
477 1287 644 1426 pedites
683 1282 975 1402 incedebant,
1010 1323 1147 1421 usque
1188 1283 1243 1379 ad
1284 1322 1461 1401 arcem,
1496 1323 1588 1425 quo
1620 1286 1832 1404 divertit,
1858 1288 1945 1385 de4

478 1430 630 1527 ductus
665 1462 725 1528 est
758 1502 772 1544 ,
809 1466 942 1565 quem
978 1420 1109 1564 regali
1146 1462 1312 1562 pompa
1360 1424 1682 1545 incedentem,
1720 1429 1954 1528 Hercules

479 1578 692 1708 Gonzaga
723 1567 960 1668 Cardinalis
980 1642 993 1683 ,
1014 1601 1055 1663 et
1092 1578 1195 1664 Dux
1229 1567 1523 1686 Ferraricnsis,
1563 1567 1643 1705 qui
1675 1569 1786 1666 latus
1822 1572 2010 1672 dcxx

374 1784 377 1788 ι
481 1745 600 1810 trum
637 1710 874 1807 Cardinalis
903 1732 985 1829 ,et
1020 1712 1338 1824 Mantuanus,
1373 1710 1453 1850 qui
1496 1710 1719 1808 sinistrum
1754 1710 2008 1821 claude*

479 1847 591 1967 bat,
621 1850 779 1948 deinde
815 1849 943 1949 ceteri
979 1847 1163 1986 pristino
1200 1843 1288 1946 fere
1322 1850 1474 1948 ordine
1513 1851 1803 1988 sequebantur
1856 1890 1909 1990 pc
1931 1905 1997 1976 ῃ

479 1992 569 2090 vias
604 1990 813 2110 arcubus,
845 1990 1058 2090 columnis
1080 2063 1093 2104 ,
1130 1986 1429 2128 imaginibuS,
1457 1992 1840 2131 inscriptionibus,
1863 2029 1970 2091 ar:-

478 2172 566 2272 quc
597 2131 787 2233 versibus
841 2134 888 2232 in
925 2122 1116 2271 gratiam
1144 2125 1233 2229 fere
1271 2129 1463 2272 Philippi
1504 2169 1547 2231 et
1601 2133 1758 2245 ‚Caroli
1795 2135 1952 2272 patris

480 2275 733 2414 excogitatis
776 2266 942 2372 ornatas
976 2347 990 2389 ,
1021 2272 1214 2412 itemque
1252 2274 1393 2372 modis
1428 2271 1649 2375 omnibus·
1672 2275 1925 2398 decoratas,

480 2454 573 2514 non
611 2413 797 2513 absimili
825 2415 1058 2513 Genuensis
1078 2412 1134 2510 ‘et
1159 2413 1495 2513 Mediolanensis
1528 2420 1755 2554 apparatus
1790 2418 1916 2516 ratio-

476 2594 558 2654 ne.
596 2563 720 2656 Nam
757 2549 923 2697 singula
956 2549 1107 2654 referre
1139 2554 1338 2692 ineptum
1371 2551 1550 2667 fortasse
1588 2555 1760 2675 fuerit,
1800 2598 1913 2696 prae-v

476 2695 625 2796 sertim
658 2699 713 2797 ad
751 2698 832 2796 alia
870 2731 1175 2837 properantem
1214 2734 1226 2802 3
1262 2696 1369 2795 illud
1407 2733 1551 2797 tamen
1589 2693 1673 2798 luit
1722 2708 1917 2803 Mantua-

472 2877 636 2938 norum
666 2840 920 2979 proprium,
941 2840 1065 2976 quod
1103 2839 1268 2976 primus
1308 2876 1424 2938 arcus
1463 2837 1653 2938 inurbis
1686 2841 1809 2939 aditu
1843 2853 1924 2944 Pu-

468 2977 567 3078 blio
599 2981 798 3119 Virgilio·
821 2981 1000 3078 Maroni
1036 2974 1200 3079 dicatus
1233 3015 1320 3077 erat
1360 3057 1374 3097 ,
1410 3017 1504 3118 quo
1527 2981 1727 3079 'alumno
1765 2989 1925 3083 Poeta-

472 3158 570 3219 rum
606 3122 864 3221 Latinorum
911 3116 1037 3220 facile
1071 3120 1267 3260 principe
1316 3116 1502 3221 Mantua
1560 3123 1718 3221 merito
1758 3125 1928 3262 gloria-

477 3298 577 3361 tur.
1549 3338 1553 3344 Α
1930 3314 1935 3335 ·

534 3398 748 3504 XXXVI.
807 3405 982 3504 Triduo
1020 3405 1075 3503 ad
1124 3413 1358 3504 Mantuam
1396 3443 1692 3507 commoratus
1751 3405 1936 3548 Philip-

473 3582 590 3684 pus,
621 3549 783 3646 eisdem
817 3547 1045 3647 Cardinale
1083 3548 1364 3688 Ducibusque
1417 3550 1667 3650 Ferraricnsi
1709 3584 1752 3646 et
1795 3560 1939 3650 Man·

472 3723 608 3785 tuano
657 3688 968 3789 deducentibus
993 3765 1016 3807 ,.
1044 3684 1364 3829 proficiscitur3
1397 3724 1561 3830 perque
1598 3691 1750 3787 silvas·
1770 3729 1820 3789 et
1864 3690 1940 3791 iu·

473 3837 650 3958 terjecta
687 3865 872 3930 nemora·
901 3823 1000 3929 feris
1042 3828 1389 3969 frequentissima
1422 3834 1565 3934 obiter
1605 3866 1789 3929 venatus
1827 3907 1842 3948 ,
1889 3871 1939 3935 et

473 3971 586 4108 apris
620 3972 837 4070 nonnullis
872 3973 1059 4111 exceptis
1109 4010 1163 4075 et
1192 3968 1425 4073 interfectis
1478 3973 1524 4070 in
1555 3972 1824 4113 praetorium
1859 4013 1940 4073 ve-

474 4112 542 4211 nit
600 4116 781 4252 superbe
833 4153 883 4210 ac
928 4114 1115 4212 mirabili
1153 4116 1320 4213 ratione
1367 4155 1392 4211 a
1430 4112 1623 4213 Ducibus
1669 4119 1939 4215 Mantuanis

474 4254 614 4352 animi
641 4294 766 4355 causa
803 4252 1110 4372 aedificatum,
1149 4254 1228 4353 ubi
1262 4255 1452 4396 epulum·
1474 4250 1573 4352 erat
1607 4263 1937 4358 aaMautuano

471 4395 896 4534 magnificentissime
934 4435 976 4500 et
1040 4395 1239 4535 vregaliter
1269 4432 1383 4508 ,non
1414 4395 1650 4542 ··Philipp0
1688 4397 1838 4496 solum
1890 4437 1940 4501 et

471 4536 723 4673 proceribus
753 4576 1045 4679 apparatum,
1083 4540 1156 4636 sed
1189 4538 1274 4638 tori
1295 4537 1473 4678 ‘agmini
1506 4574 1521 4655 ,'
1557 4539 1633 4635 ita
1666 4553 1719 4634 ut'
1739 4546 1940 4642 {mensae

474 4671 636 4811 fuerint
680 4713 824 4790 totum
862 4684 979 4811 diem
1015 4676 1196 4820 dapibus
1257 4676 1527 4799 instructae,
1555 4677 1683 4813 jussis
1717 4680 1940 4811 ministris

1799 4861 1935 4961 prae-
