4170 5866
516 381 597 470 160
885 390 971 472 DE
1019 384 1225 469 REBUS
1276 385 1504 471 GESTIS

470 540 699 667 fuerunt,
738 584 830 649 non
885 542 1060 708 putavit
1122 540 1395 644 occasionem
1456 541 1869 685 praetereundam,
1904 543 1943 651 si

472 725 618 833 posset
651 691 812 831 impios
848 690 983 830 Regis
1020 724 1239 810 conatus,
1273 690 1329 790 de
1365 685 1526 830 quibus
1561 727 1656 791 non
1697 685 1942 803 dubitaba

470 869 541 935 tut
559 836 839 976 ,impedire,
863 869 938 934 aut
973 833 1279 996 interpellare,
1315 832 1544 937 Rinconio
1579 868 1774 954 retento,
1802 874 1942 978 quem

471 978 628 1079 talium
662 975 998 1079 consiliorum
986 1013 1098 1078 mter
1133 978 1405 1078 Franciscum
1442 1013 1485 1077 et
1520 914 1837 1115 Solymanuin
1849 1022 1940 1084 esse

470 1121 795 1225 solertissimum
830 1161 882 1220 ac
918 1120 1352 1282 diligentissimum
1341 1157 1625 1283 rnterpretem
1677 1121 1942 1245 constabat,

470 1265 652 1370 solitum
690 1304 817 1405 saepe
852 1264 968 1364 ultro
1006 1299 1050 1363 et
1085 1264 1200 1364 citro
1226 1304 1252 1363 a
1277 1264 1464 1367 Gallia
1451 1303 1500 1364 tn
1529 1263 1760 1368 Graeciam
1786 1264 1942 1367 Thra-

471 1409 676 1552 clamque
713 1446 987 1509 commeate
1025 1407 1199 1506 Duos
1187 1414 1325 1549 agitur
1360 1407 1553 1547 Hispani
1604 1408 1774 1552 generis
1827 1443 1941 1511 stre

472 1592 584 1655 nuos
620 1553 804 1669 milites,
843 1559 1004 1651 Arcem
1039 1556 1243 1650 Asturern
1256 1586 1340 1672 ,et
1371 1559 1549 1655 Petrum
1584 1562 1775 1654 Ivarram
1810 1566 1940 1655 Can*

420 1803 423 1809 ,
472 1696 651 1798 tabrum
685 1697 741 1796 ad
777 1735 821 1794 se
856 1732 1020 1814 vocat,
1056 1729 1101 1793 et
1101 1695 1324 1859 ..imbui
1327 1694 1529 1796 interesse
1584 1697 1717 1798 docet
1751 1709 1941 1797 Fetnan-

474 1841 584 1939 dum
635 1838 909 1941 Rinconium
960 1836 1212 1976 intercipi,
1248 1839 1328 1979 qui
1373 1837 1613 1957 Venetias,
1621 1860 1782 2000 atque
1836 1841 1940 1942 inde

460 1983 909 2121 rConstantinopolim
945 1982 1001 2081 ad
1025 1989 1274 2102 Turcarum
1310 1979 1632 2122 Principem
1589 2019 1711 2085 vrarn
1747 1980 1941 2107 babens,

472 2162 579 2229 tunc
628 2126 821 2228 secundo
857 2125 979 2226 Pado
1030 2163 1135 2224 cum
1170 2137 1349 2226 Caesare
1401 2137 1590 2268 Fregoso
1644 2124 1700 2227 ab
1737 2133 1940 2270 Augusta

471 2272 776 2374 Taurinorum
812 2264 1030 2411 profectus
1065 2263 1397 2369 deveheretur:
1387 2270 1619 2410 ·proinde
1655 2271 1888 2410 Papiam
1876 2312 1939 2374 rte

474 2450 789 2575 properarent,
825 2449 868 2515 et
903 2410 1138 2553 quibus
1096 2448 1242 2510 vasum
1278 2446 1384 2512 esset
1420 2411 1635 2513 militibus
1672 2455 1725 2513 ex
1771 2418 1938 2555 praesi

473 2559 613 2662 dio
602 2598 651 2659 rn
687 2557 942 2658 societatem
979 2592 1144 2655 secreto
1195 2553 1391 2674 ascitis,
1429 2556 1602 2656 Padum
1625 2557 1935 2718 obsiderent,

472 2704 713 2851 darentque
749 2737 981 2864 operam,
1020 2736 1071 2799 ut
1121 2697 1341 2800 venientes
1394 2696 1491 2798 illos
1545 2698 1941 2844 exciperent,ca

474 2884 697 2990 ptosque,
717 2880 761 2945 et
796 2845 977 2986 Papiam
1012 2842 1253 2965 deductos,
1287 2841 1395 2945 areis
1430 2836 1650 2986 praefecto
1687 2845 1937 2957 custodien-

474 2994 554 3092 dos
591 2991 835 3092 traderent.

547 3144 625 3238 Vl
699 3135 806 3235 His
821 3135 1037 3236 mandatis
1090 3133 1276 3279 acceptis
1316 3213 1331 3256 ,
1369 3133 1528 3241 milites
1564 3134 1744 3281 Papiam
1795 3141 1941 3240 advo-

475 3278 613 3399 lant,
650 3313 695 3378 et
720 3277 977 3441 quinque⁰
999 3281 1227 3382 dumtaxat
1278 3282 1488 3423 Hispanis
1548 3282 1659 3383 item
1721 3280 1940 3384 militibus

476 3421 661 3540 ascitis,
696 3423 751 3522 ad
789 3422 977 3523 Padi
944 3461 1086 3564 trpam
1136 3428 1459 3546 contendunt,
1495 3462 1540 3527 et
1589 3427 1697 3527 duas
1747 3426 1939 3566 piscato⁴

475 3566 558 3667 rias
593 3564 803 3708 scaphas,
840 3570 949 3666 dum
992 3566 1076 3667 sibi
1126 3607 1229 3668 cum
1278 3610 1366 3669 una
1419 3504 1645 3671 dumtaxat
1696 3608 1791 3670 rem
1841 3566 1942 3673 fore

477 3745 721 3871 putarent,
758 3744 1025 3832 assumunt,
1061 3747 1101 3812 et
1153 3707 1372 3813 frondosis
1424 3711 1629 3816 arborum
1680 3714 1848 3833 ramis,
1892 3750 1944 3815 ut

477 3852 753 3953 venrentium
789 3891 1070 3996 prospectum
1110 3853 1445 3978 frustrarentur,
1481 3893 1761 4000 contegentes
1810 3857 1944 3960 ador-

478 4031 617 4118 nant,
654 4033 698 4098 et
735 3996 845 4101 inter
881 3998 1065 4140 Papiam
1102 4036 1145 4101 et
1180 4013 1423 4163 Boguetam
1459 4002 1744 4128 consistunt·
1777 4042 1827 4103 ac
1865 4043 1946 4104 eo-

479 4142 580 4243 dem
617 4140 688 4243 die
723 4141 853 4284 paulo
888 4179 989 4281 post
1024 4145 1129 4245 duas
1165 4145 1388 4246 venientes
1424 4143 1643 4247 naviculas
1682 4146 1945 4288 conspicati,

480 4284 784 4388 accedentibus
822 4284 1004 4388 obviam
1040 4327 1381 4431 processerunt,
1414 4289 1474 4389 sic
1509 4325 1559 4390 ut
1566 4290 1818 4455 priorem,
1849 4331 1948 4433 qua

481 4428 727 4532 Rinconius
763 4467 808 4532 et
842 4442 1079 4594 Fregosus,
1104 4473 1295 4576 cumque
1331 4431 1396 4536 his
1431 4435 1597 4578 egregii
1631 4437 1721 4536 duo
1750 4434 1941 4557 milites,

482 4573 692 4674 Camillus
726 4574 1022 4718 Corregiensis
1072 4587 1267 4697 Comes,
1308 4614 1351 4679 et
1384 4587 1584 4717 Joam'res
1635 4577 1772 4679 Fortis
1808 4579 1949 4680 vehe-

483 4710 680 4836 bantur,
717 4723 849 4819 Arces
901 4755 966 4823 et
993 4732 1135 4824 Ivarra
1170 4721 1381 4848 loricati,
1379 4722 1667 4868 clypeisque
1704 4759 1750 4824 et
1785 4723 1948 4866 gladiis

1876 4908 1950 4969 as-
