4102 5864
545 433 791 516 canoas
838 431 891 513 v.
926 434 1044 512 arn.
1079 432 1232 514 xxvr.
1492 437 1574 527 371

159 594 316 697 dinalis
354 590 520 694 familia
563 592 726 734 insigni
762 593 927 702 ornatu
974 587 1292 693 antecedebat:
1339 589 1449 693 hanc
1490 594 1622 701 multi

157 782 208 841 ex
252 738 430 874 Tytolis
473 735 717 839 Comitatu‘
747 735 946 837 Comites
990 735 1297 878 principesque
1338 737 1422 837 viri
1464 779 1619 882 seque-

155 885 344 986 bantur:
386 919 486 1022 post
522 922 595 982 eos
637 879 849 978 Nicolaus
886 879 1140 978 Madrucius
1184 880 1423 980 Cardinalis
1458 877 1619 1004 frater,

158 1068 211 1126 ex
248 1026 400 1167 primis
436 1026 585 1128 Caroli
621 1023 811 1123 Caesaris
848 1022 905 1121 ad
940 1022 1176 1123 exercitum
1215 1018 1438 1162 praefectis
1473 1029 1617 1159 (Coro-

158 1175 299 1271 nellum
336 1168 534 1269 militaris
571 1167 847 1267 consuetudo
882 1172 1049 1300 vocat)
1086 1204 1129 1266 et
1165 1167 1420 1268 Guilielmus
1463 1179 1617 1312 Augu-

157 1313 267 1412 stani
303 1313 543 1414 Cardinalis
591 1307 719 1411 frater
755 1347 800 1410 et
845 1316 1042 1446 Joannes
1084 1312 1351 1412 Gaudentius
1394 1315 1616 1416 Madrucii

157 1456 397 1556 Cardinalis
428 1491 587 1596 patera
620 1453 752 1557 multi
788 1490 1006 1595 praeterea
1043 1463 1133 1584 ejus
1170 1492 1299 1555 notae
1338 1454 1421 1555 viri
1458 1458 1615 1595 princi-

158 1638 260 1740 pes:
307 1636 404 1698 tum
447 1598 689 1701 Cardinalis
735 1603 1011 1738 Augustanus
1047 1632 1091 1696 et
1127 1598 1401 1718 Mauricius,
1431 1636 1615 1741 uterque

158 1781 210 1841 ex
245 1743 537 1881 Imperatoriis
574 1739 915 1842 Delectoribus:
956 1776 1056 1881 post
1099 1781 1172 1840 eos
1209 1743 1461 1842 Madrucius
1491 1756 1616 1846 car-

159 1885 318 1984 dinalis
354 1919 397 1984 et
431 1884 672 1985 Cardinalis
708 1893 919 1994 Pachecus
955 1882 1210 1985 Giennensis
1245 1886 1514 2025 Episcopus:
1535 1888 1616 1987 de-

157 2025 262 2129 inde
299 2028 525 2128 Antistites
566 2027 741 2144 ceteri,
782 2026 861 2166 qui
897 2027 952 2123 ad
1001 2027 1256 2127 Concilium
1301 2029 1615 2133 Tridentinum

158 2208 488 2272 convenerant:
538 2168 747 2311 postremi
789 2182 1011 2270 Senatores
1055 2169 1277 2312 primique
1325 2171 1512 2282 civitatis
1546 2175 1614 2276 in-

158 2313 402 2415 cedebant.
522 2316 524 2321 ’

162 2516 165 2521 ·
232 2465 327 2559 XL.
403 2458 668 2603 Agminibus
705 2461 752 2562 in
787 2459 937 2565 itinere
972 2459 1240 2605 congressis,
1260 2461 1499 2563 Cardinalis
1530 2465 1616 2563 Au·

159 2638 365 2745 gustanus
417 2607 739 2746 Mauri-eiusque
791 2604 1043 2746 Philippum
1095 2603 1325 2744 supplices
1361 2603 1616 2706 Germanica

158 2745 429 2846 caerimonia
488 2748 683 2848 dextram
742 2749 899 2848 dextris
946 2748 1253 2887 contingendo
1314 2786 1367 2845 ex
1412 2750 1616 2878 jumentis

161 2889 478 2998 salutaverunts
519 2932 631 3030 quos
667 2889 891 3031 Philippus
930 2882 1250 3032 perhumaniter
1285 2886 1439 2988 affatus
1475 2892 1530 2990 ad
1563 2893 1618 2991 la·

158 3064 248 3130 tera
285 3034 475 3171 recepit.
516 3034 584 3134 Sic
621 3032 776 3174 urbem
815 3070 888 3172 per
925 3068 1121 3174 portam,
1148 3072 1262 3171 quae
1297 3038 1459 3133 Sanctae
1486 3039 1616 3135 Crucis

161 3212 529 3315 cognominatur,
546 3177 726 3277 intravit
760 3216 862 3275 cum
899 3215 1061 3276 maona
1096 3175 1320 3274 Ordinum
1357 3175 1618 3315 gratulatio-

163 3313 243 3435 rie,
281 3358 448 3458 perque
483 3319 574 3417 vias
610 3355 653 3417 et
691 3321 847 3458 plateas
883 3261 1098 3442 arcubus,
1125 3317 1377 3435 columnis,
1413 3318 1617 3438 colossis,

162 3461 497 3598 pyramidibus,
537 3498 579 3561 et
614 3464 742 3563 variis
777 3462 1044 3603 imaginibus
1082 3497 1125 3560 et
1162 3457 1518 3600 inscriptionibus
1554 3501 1617 3563 err·

159 3639 364 3723 ornatas,
391 3640 435 3707 et
470 3607 614 3705 modis
646 3607 856 3707 omnibus
891 3607 1149 3725 decoratas,
1184 3606 1394 3704 deductus
1431 3642 1494 3704 est
1529 3604 1618 3746 pri-

160 3778 288 3847 murn
331 3750 387 3848 ad
433 3749 647 3888 templum
699 3749 985 3866 maximum,
1033 3788 1125 3888 quo
1150 3884 1152 3886 q
1175 3745 1358 3887 pedibus
1409 3745 1620 3866 intravit,

161 3891 426 4030 ,supplexque
463 3905 869 3993 Deum'v'encratus
905 3927 968 3990 est
985 3924 1008 4012 ,²
1042 3892 1199 3990 deinde
1236 3890 1282 3993 in
1319 3883 1462 3990 arcem
1493 3967 1507 4010 ,
1538 3887 1619 3989 ubi

160 4028 399 4133 diversatus
435 4030 545 4136 fuit,
583 4044 745 4177 Neque
780 4029 887 4137 uero
923 4036 1068 4136 solum
1105 4076 1158 4136 eo
1193 4035 1265 4135 die
1293 4032 1447 4176 ingens
1473 4068 1619 4175 gratu-

153 4173 280 4274 latio
307 4171 421 4281 facta
456 4212 559 4300 est,
597 4184 671 4281 sed
713 4181 846 4280 etiarn
899 4176 1253 4321 insequentibus.
1306 4186 1448 4276 Nono
1493 4177 1620 4278 enim

162 4312 392 4458 Philippus
450 4325 712 4424 Tridentum
748 4315 974 4442 intravit,
1023 4360 1069 4423 et
1115 4359 1273 4464 quarto
1324 4321 1621 4422 Kalendarum

150 4456 402 4562 &Februarii
432 4465 623 4567 discessit·
645 4506 666 4574 s
708 4458 811 4607 quo*
848 4467 1059 4608 temporis
1110 4465 1255 4606 spatio
1294 4462 1447 4564 civitas
1481 4534 1497 4583 ,
1547 4462 1621 4566 sed

148 4604 353 4729 martiane
372 4610 675 4711 ›sMadruciusr
699 4598 965 4732 ‘Cardinalis
1013 4601 1131 4709 'nihil'
1169 4604 1268 4709 sibi·
1287 4609 1358 4707 “ad
1379 4646 1384 4691 1
1401 4600 1621 4708 stammam

148 4739 445 4889 diligentiam
464 4748 539 4853 ress
577 4754 887 4881 liberalitatem
902 4793 905 4801 ⁴
920 4752 1096 4893 reliqui
1118 4743 1295 4872 -ssfecitlt,
1318 4746 1394 4855 uts
1427 4747 1623 4889 Philippi

258 4918 270 4976 ὲ
1005 4905 1141 5000 Aaaa
1544 4891 1626 4992 ad·
