4192 5858
484 431 569 542 256
852 437 937 517 ms
970 433 1181 516 nauus
1217 433 1439 516 crassis

300 662 301 665 κ
431 600 513 703 bus
547 596 720 741 magnis
756 592 1012 699 exercitibus
1049 588 1150 693 hinc
1186 592 1370 691 Carolus
1405 601 1610 714 Caesar,
1648 585 1770 694 illinc
1804 591 1904 705 Rex

431 743 662 847 Britannus
697 773 900 882 urgeret,
926 773 1073 837 tantus
1108 736 1246 837 timor
1282 734 1431 836 Gallos
1468 772 1624 836 omnes
1661 734 1899 886 ipsumque

432 900 603 1030 Regem
641 887 889 1002 invaserat,
925 915 976 981 ut
1013 877 1163 983 obsisti
1206 918 1331 1022 posse
1368 877 1614 1020 inciperent
1662 920 1758 986 non
1805 887 1898 992 im-

437 1030 597 1132 merito
634 1023 829 1132 diffidere
856 1066 869 1135 3
896 1024 1046 1166 itaque
1083 1023 1284 1164 oppida,
1320 1062 1606 1168 quocumque
1637 1027 1821 1130 Carolus
1856 1073 1898 1134 se

435 1175 758 1292 convertisset,
792 1205 954 1311 praeter
987 1166 1317 1293 munitissima,
1351 1166 1512 1308 passim
1561 1167 1898 1298 deserebantur,

433 1316 617 1460 ipsaque
667 1314 842 1416 Lutetia
878 1311 1143 1413 Parisiorum
1178 1311 1325 1454 Regni
1372 1348 1503 1453 caput
1554 1309 1612 1413 ab
1663 1316 1898 1455 oppidanis

433 1464 574 1564 deseri
608 1495 763 1602 coepta
799 1492 923 1576 erat,
960 1490 1004 1558 et
1038 1453 1187 1557 fuisset
1222 1454 1410 1555 omnino
1432 1534 1448 1577 ‚
1470 1491 1519 1557 ut
1553 1456 1771 1560 creditum
1806 1497 1870 1563 est
1882 1541 1897 1589 ,

432 1605 637 1727 deserta,
675 1606 711 1705 si
732 1602 974 1719 Carolus,
1012 1601 1092 1742 qui
1142 1638 1233 1699 non
1289 1600 1443 1742 procul
1495 1597 1681 1725 aberat,
1717 1613 1898 1737 trajecto

432 1757 646 1852 Matrona
680 1747 894 1865 flumine,
930 1745 1078 1887 copias
1124 1743 1390 1845 induxisset.
1443 1753 1571 1846 Haec
1613 1782 1717 1847 cum
1753 1758 1898 1850 Caro-

429 1892 497 1992 lus
531 1890 710 1995 haberet
744 1891 999 2034 explorata,
1019 1927 1191 1989 memor
1226 1906 1375 1989 tamen
1411 1884 1697 1990 humanitatis
1737 1926 1781 1991 et
1821 1889 1894 1995 of÷

430 2034 525 2137 ficii
560 2036 765 2156 bellurn,
803 2034 928 2177 quod
978 2034 1035 2132 ad
1083 2028 1248 2135 famam
1282 2068 1325 2134 et
1362 2030 1601 2172 imperium
1636 2036 1896 2178 augendum

430 2180 673 2322 plurimum
729 2175 868 2279 facere
918 2174 1196 2297 videbatur,
1242 2172 1522 2318 posthabuit
1565 2212 1717 2278 tamen
1767 2171 1895 2322 paci,

429 2363 546 2465 quae
583 2323 676 2467 plus
711 2320 888 2423 habetet
922 2319 1126 2460 pietatis,
1161 2355 1204 2424 et
1239 2320 1295 2420 ad
1331 2317 1685 2423 Christianorum
1721 2322 1892 2426 discor-

431 2469 557 2567 diam
592 2466 865 2586 tollendam,
900 2504 958 2566 ne
991 2463 1158 2564 mutuis
1195 2461 1445 2564 vulneribus
1481 2501 1523 2563 et
1558 2464 1730 2595 jacturis
1780 2508 1895 2570 con-

431 2608 699 2732 ficerentur,
731 2645 774 2709 et
809 2647 904 2708 rem
939 2643 1227 2709 communem
1263 2642 1418 2707 contra
1453 2603 1685 2746 publicum
1720 2607 1896 2719 hostem

430 2751 733 2858 stabiliendam
770 2753 1048 2895 pertineret:
1086 2750 1209 2892 quod
1260 2748 1496 2850 consilium
1552 2752 1696 2856 multo
1747 2756 1895 2858 minus

431 2899 727 3040 quorumdam
762 2893 1166 3038 reprehensionibus
1201 2893 1455 3035 patuisset,
1493 2895 1574 3037 qui
1621 2931 1789 3001 tantam
1825 2901 1897 3002 vi-

429 3032 620 3142 ctoriam
656 3044 710 3142 de
746 3038 870 3141 hoste
915 3038 1122 3180 pertinaci
1158 3078 1183 3137 e
1219 3034 1420 3138 manibus
1457 3038 1748 3144 emittendam
1799 3083 1893 3146 non

430 3184 678 3328 putabant,
713 3182 749 3284 si
782 3195 880 3287 Rex
915 3183 1063 3284 Gallus
1104 3181 1240 3283 fidem
1277 3182 1426 3282 datam
1465 3184 1786 3321 praestitisset,
1817 3221 1896 3289 aut
1981 3231 2011 3279 t·

430 3331 610 3431 cariore.
633 3330 819 3472 pignore
856 3325 991 3428 fidem
1030 3321 1199 3427 fecisset
1230 3366 1243 3434 3
1279 3365 1354 3444 se,
1392 3326 1517 3464 quod
1573 3328 1895 3469 pollicebatur,

428 3474 768 3614 praestiturum,
788 3471 1018 3613 praecipue
1048 3472 1103 3571 de
1139 3468 1354 3572 Sabaudia
1391 3469 1657 3572 restituenda
1679 3512 1897 3614 ,quam,
1951 3568 1960 3575 .
2032 3551 2062 3579 ⁴

430 3619 585 3759 quoad
610 3618 747 3738 vixit,
770 3615 980 3724 retinuit3
1003 3617 1059 3716 ad
1097 3652 1344 3731 summam,
1364 3649 1534 3752 praeter
1567 3615 1764 3757 oppida,
1782 3657 1899 3760 quae
2002 3653 2062 3705 ‹⁴-

431 3758 481 3863 in
518 3762 774 3907 propinquo
808 3761 912 3863 alter
946 3758 1068 3861 alteri
1106 3758 1323 3879 restituit,
1351 3755 1478 3857 nullis
1513 3759 1631 3898 pacis
1671 3762 1926 3864 conditio-
2010 3809 2063 3833 ··

432 3903 563 4009 nibus
601 3919 775 4047 Regem
811 3904 974 4004 stetisse
1010 3939 1209 4005 constat.

507 4057 722 4153 XXXIV.
802 4057 911 4149 Pace
946 4049 1003 4148 ad
1040 4045 1158 4148 hunc
1192 4047 1379 4149 modum
1417 4045 1731 4170 reconciliata,
1766 4060 1901 4152 Hen·
2020 4082 2076 4188 ἶ

293 4202 299 4214 ’
432 4192 548 4297 ricus
585 4194 722 4338 Regis
763 4190 876 4294 lilius
914 4193 969 4293 ad
1009 4200 1221 4293 Carolum
1254 4191 1303 4291 in
1342 4228 1479 4292 castra
1516 4193 1638 4293 venit
1681 4193 1898 4298 salutandi
2034 4200 2085 4268 ⁸

435 4339 647 4479 gratia,a
681 4376 775 4479 quo
816 4332 1142 4478 perhumaniter
1179 4335 1453 4476 comiterque
1490 4371 1692 4476 exceptus
1727 4373 1770 4437 et
1807 4374 1895 4439 tra·

429 4502 573 4583 ctatus
612 4517 701 4582 est.
743 4481 957 4599 Carolus,
989 4480 1220 4580 Germanis
1255 4479 1441 4579 dimissis
1460 4519 1539 4598 ,ac
1572 4482 1759 4583 domurn
1795 4482 1896 4584 red-

433 4623 499 4726 ite
528 4625 682 4755 jussis,
721 4623 768 4721 in
801 4624 1040 4724 Flandriam
1075 4623 1381 4764 Bruxellasque
1416 4621 1626 4743 revertit,
1660 4665 1755 4765 quo
1788 4667 1898 4767 pau·

435 4769 480 4871 lo
521 4804 623 4912 post
657 4767 873 4868 Eleonora
912 4806 1031 4870 soror
1066 4767 1230 4871 Galliae
1266 4774 1440 4909 Regina
1472 4806 1579 4872 curn
1610 4806 1779 4912 magno
1810 4778 1898 4870 'co-

1812 4953 1901 5019 [m-
