4042 5864
445 455 586 559 Hispani
601 477 677 527 raro
696 450 756 524 nisi
778 453 1006 548 Hispanorum
1028 450 1157 548 potissi·
1261 466 1492 522 rustenarum
1514 450 1658 526 urbisin
1674 449 1851 523 ditionem
1868 450 1939 522 red·

495 582 590 631 mum
608 554 707 629 armis
728 551 880 631 subacti.
895 556 1000 625 1.12.
1022 555 1155 629 Roma-
1261 572 1374 623 actus.
1403 553 1451 619 11.
1464 557 1551 647 430.

478 683 537 731 ·na
550 656 725 736 dumtaxat
737 653 850 751 lingua
860 653 1047 751 loquentes.
1062 656 1156 721 I.22.
1211 650 1389 749 Hispaniae
1415 649 1616 748 descriptio.
1641 652 1674 720 Ι.
1694 673 1732 720 ι.
1766 649 1852 738 Ejus
1867 647 1924 721 ad-

495 764 737 838 Romaesuunr
753 752 1070 852 negotiumagentes
1083 773 1153 820 non
1260 750 1458 823 ministratio
1486 775 1504 820 a
1528 749 1692 828 Romanis
1721 770 1809 820 teste
1843 752 1922 820 Stra·

495 852 833 958 parvumpericulum
856 850 1054 923 adventante
1074 851 1156 919 Bon
1261 853 1373 922 bone.
1398 854 1426 918 Ι.
1458 871 1488 946 3.
1516 852 1784 924 Tarraconensis
1815 848 1925 921 descri-

496 956 591 1033 bonii
628 954 776 1032 exercitu
813 952 974 1027 subeunt..
1008 955 1041 1022 1..
1070 973 1154 1040 217.
1259 950 1355 1049 ptio.
1392 951 1424 1018 I.
1453 973 1487 1016 2.
1512 950 1701 1025 Lusitaniae
1724 948 1925 1045 descriptio.

496 1062 627 1137 Rornae
648 1052 887 1133 murumscalis
907 1051 1051 1123 admotis
1072 1071 1159 1119 con·
1251 1059 1289 1124 J.
1302 1075 1336 1123 2.
1363 1049 1515 1121 Baeticae
1533 1050 1737 1147 descriptio.
1761 1056 1845 1140 l.4.
1862 1053 1928 1123 Re·

495 1155 657 1236 scendunt
672 1204 687 1228 .,
707 1158 738 1225 Ι.
762 1172 842 1242 219.
872 1157 1024 1228 Romam
1047 1172 1156 1245 oppu·
1260 1173 1335 1227 cens
1356 1148 1471 1219 divisio
1493 1169 1525 1218 et
1546 1148 1726 1247 descriptio
1741 1149 1782 1220 in
1803 1151 1928 1223 castel-

496 1278 641 1362 gnantes,
659 1252 700 1331 de
722 1276 822 1322 muro
849 1274 881 1323 se
896 1249 1101 1327 demittunt.
1125 1251 1154 1316 I.
1259 1254 1309 1321 lae
1327 1299 1342 1333 ‚,
1365 1250 1554 1348 Aragouiae
1579 1300 1591 1332 ,
1627 1250 1860 1347 uonugaltiae-
1893 1267 1925 1320 tt

499 1377 584 1442 219..
608 1360 648 1426 In
672 1352 901 1429 Pannonicum
926 1352 1051 1420 bellurn
1076 1369 1157 1444 pro-
1260 1354 1428 1424 Navarrae
1447 1353 1590 1447 Regna.
1622 1351 1651 1420 1.
1672 1370 1708 1440 5..
1728 1350 1819 1439 Ejus.
1833 1369 1927 1441 atque

496 1455 603 1533 ficisci,
631 1453 711 1548 jussi
738 1452 917 1556 imperium
946 1451 1156 1524 detrectant.

497 1560 530 1632 Ι.
571 1578 654 1650 ςοο.
699 1554 868 1641 Majorum
907 1553 1156 1648 scloppetorum

496 1652 753 1733 tractandorum
778 1650 989 1747 peritissimi..
1011 1647 1044 1718 Ἰ.
1074 1668 1153 1741 317·

492 1757 590 1830 Ante
618 1772 740 1826 omues
765 1751 910 1826 Goletae
938 1769 1053 1820 muros.
1080 1745 1162 1814 sub.-

497 1870 607 1930 eunt.
624 1857 658 1923 Ι.
687 1849 770 1943 386.
792 1853 831 1924 Se.
859 1850 982 1945 primos
1004 1845 1161 1917 omnium

495 1954 536 2028 in,
566 1948 738 2030 laboribus.
758 1967 791 2017 ct
820 1949 969 2048 periculis
991 1969 1081 2028 esse,
1097 1967 1159 2040 po·

495 2069 699 2145 strenuosque
721 2047 905 2124 iuratione
933 2046 1165 2146 praemiorum

493 2147 637 2232 haberi,
660 2146 823 2240 ¹solosque
854 2145 914 2220 diu
943 2147 1011 2221 siue
1036 2145 1158 2245 stipen-

495 2247 555 2327 dio
573 2250 711 2326 militare
730 2247 804 2343 cogi
819 2246 1055 2344 indignantur..
1066 2249 1163 2332 ll.4.

495 2343 1161 2449 Vestimentisdtpositis,et-gladiosore

495 2464 657 2542 gestantes
664 2492 684 2531 ,¹
695 2443 781 2517 inter
790 2442 925 2519 hostilia
939 2445 1007 2518 tela
1019 2441 1165 2518 navicu--

494 2545 539 2621 lis
555 2542 704 2621 hostium
727 2539 907 2626 adnatant,
918 2563 1035 2636 easque
1054 2535 1158 2616 abdu-

496 2646 667 2722 cunt,.11.‚
682 2661 767 2742 314.
786 2640 978 2745 Philippum,
993 2634 1163 2716 anunm

1260 1451 1487 1549 Hispanorum
1523 1446 1635 1520 laudes
1646 1500 1662 1518 .
1703 1451 1733 1518 1.
1775 1473 1832 1520 12.
1873 1453 1928 1544 Jus

1257 1549 1350 1622 latii
1367 1573 1385 1617 a
1408 1548 1611 1644 Vespasiano
1629 1548 1817 1622 tributum.
1831 1555 1924 1618 Lar.

1260 1647 1521 1722 Florentissimus
1547 1667 1659 1730 status,
1680 1672 1766 1721 cum
1788 1651 1929 1722 Carolus

1260 1749 1409 1844 primunr.
1432 1747 1575 1820 adeam
1606 1749 1773 1820 accessit.
1799 1755 1852 1820 ΙΙ.
1873 1771 1926 1840 47.

1259 1856 1412 1922 Proceres
1441 1847 1600 1921 adversus
1619 1849 1745 1920 Gallos
1769 1855 1928 1949 Regnum

1259 1945 1473 2030 invadentes,
1487 1966 1617 2043 praeter
1634 1949 1772 2042 equites.
1789 1949 1928 2045 impera·

1261 2067 1340 2130 tos„
1372 2045 1620 2121 instructiorem
1640 2068 1675 2120 et
1702 2047 1931 2122 honestiorem

1261 2143 1460 2223 comitatum
1475 2169 1516 2219 ex
1539 2147 1692 2246 cognatis
1717 2169 1754 2217 et
1778 2149 1928 2221 domesti-

1260 2245 1305 2320 cis
1328 2264 1495 2315 armatum
1514 2269 1628 2315 secum
1654 2245 1861 2318 adducunt.
1882 2247 1924 2316 ll.

1266 2346 1347 2417 166.¹
1360 2343 1530 2443 Episcopi,
1541 2344 1711 2422 pontifice
1725 2348 1819 2418 Max.
1835 2353 1923 2418 Cou-

1260 2442 1379 2518 cilium
1404 2443 1592 2516 Bononiam
1618 2445 1919 2530 transferente,re·

1260 2541 1411 2709 claruagnt.
1430 2561 1497 2629 ,et
1527 2540 1690 2620 Tridenti
1737 2562 1915 2620 remmcnt.

495 2741 687 2840 Principem
704 2740 837 2836 Imperii
859 2738 1008 2819 Romani
1029 2760 1160 2810 success
1213 2739 1447 2835 Hispanorum
1473 2739 1591 2838 lingua
1615 2741 1710 2813 olim
1738 2743 1916 2839 multiplex.

495 2840 620 2921 sorem
631 2863 710 2915 non,-
724 2838 886 2915 constitui
895 2841 1086 2915 laetantur.
1111 2842 1163 2909 II..

494 2960 587 3037 4⁰⁰·-
604 2958 745 3029 et401.
762 2945 889 3028 Parum
909 2935 1163 3035 ⁴hospitalitera

496 3037 668 3117 Britannis.
686 3053 900 3112 tractantur.
935 3042 988 3112 11.
1012 3058 1091 3125 501.
1123 3039 1157 3105 A

496 3135 684 3216 Germanis,
699 3134 928 3232 metallurgiae
945 3133 1165 3231 peririsedo-

497 3234 550 3314 cti
589 3233 630 3308 in,
674 3255 765 3329 opus¹
802 3252 839 3307 et¹
894 3233 1078 3312 artificium.
1113 3230 1165 3307 ad

497 3331 748 3410 Guadalcanalr
775 3329 983 3410 succedunt.
1001 3337 1055 3406 ΙΙ..
1076 3351 1162 3420 521.

496 3436 535 3512 A.
557 3431 827 3508 lutheranorum
860 3433 1035 3508 erroribus.
1071 3432 1157 3502 inte-

494 3529 659 3634 gerrimis,
673 3549 915 3633 proptereaque
929 3533 1061 3609 carolo.
1071 3536 1165 3609 Caer-

495 3629 556 3707 sari
577 3630 703 3731 accepti
715 3677 734 3703 a
748 3632 802 3707 ΙΙ.
815 3650 903 3725 141...
992 3648 1009 3662 ”

445 3727 612 3833 Hispania.
627 3727 763 3806 citerior
789 3752 960 3822 quaenam.
978 3725 1079 3807 fuerit
1087 3774 1104 3801 ..
1127 3731 1163 3800 Ι..

1262 2843 1296 2912 1.Ι
1321 2861 1379 2907 22.
1409 2836 1565 2916 Militum
1595 2840 1790 2915 sobrietatis.
1815 2865 1917 2913 exesu-

1261 2938 1380 3039 plum.
1400 2943 1435 3012 1.
1452 2937 1516 3010 86.
1542 2941 1680 3014 Eorum
1702 2962 1740 3013 et
1768 2944 1921 3014 ltalonrm

1261 3033 1407 3111 seditio.
1440 3040 1474 3106 l.
1498 3059 1581 3130 301.
1616 3040 1763 3117 Bellicae
1797 3039 1926 3112 lauder.

1261 3139 1297 3209 Ι.
1323 3157 1407 3230 317.
1435 3137 1598 3212 Facinora
1620 3137 1660 3209 in.
1690 3142 1813 3214 Durae
1827 3162 1926 3234 expu-

1261 3234 1448 3331 gnatione„
1466 3257 1657 3331 eorumque.
1681 3236 1834 3315 facieset
1862 3236 1923 3337 agi·

1261 3335 1339 3410 litas,
1358 3353 1522 3431 portento.
1543 3333 1663 3411 similia.
1682 3338 1872 3419 videntur,
1893 3354 1925 3406 et

1261 3453 1456 3511 commenta
1482 3430 1672 3539 effingendi
1692 3436 1926 3513 causachr·

1262 3532 1367 3606 mauis
1384 3531 1566 3635 praebent.
1582 3540 1635 3607 ΙΙ.
1656 3559 1750 3609 200.

1130 3710 1132 3715 s
1203 3631 1384 3745 Hispanus
1399 3632 1496 3725 miles
1509 3632 1654 3730 quidam
1673 3633 1855 3709 fortissime
1873 3630 1920 3701 di-

1262 3753 1385 3806 micans
1410 3730 1545 3808 occisus.
1565 3782 1576 3816 ,
1616 3732 1667 3804 ab
1694 3733 1848 3805 hostibus
1870 3735 1920 3800 Sc-

500 3850 540 3903 1..
571 3825 722 3902 Ulterior
751 3851 916 3922 quaenam
930 3876 946 3897 ..
964 3830 993 3899 Ι.
1021 3851 1055 3896 2.
1079 3834 1158 3898 Per·
1261 3829 1422 3905 rensibus.
1436 3831 1628 3925 sepulturae.
1649 3830 1843 3909 honorifice
1858 3852 1924 3904 tra·

495 3924 632 4005 domari.
650 3950 676 4002 a
690 3926 857 4002 Romanis
870 3946 949 4003 ante
964 3949 1076 4001 annos..
1092 3925 1164 3997 du-
1261 3928 1355 4006 ditur
1366 3977 1382 3999 ..
1392 3933 1445 4002 Π.
1457 3949 1503 4024 45
1513 3949 1528 4017 5
1534 3978 1551 4001 .

494 4044 616 4105 centos.
633 4025 783 4127 amplius<
799 4049 875 4100 nou¹
888 4025 1000 4122 potuit
1012 4074 1030 4095 ..
1048 4031 1077 4095 Ι.
1099 4048 1164 4098 ιι.
1212 4026 1488 4126 Historiogtaphi
1504 4025 1658 4103 officium
1671 4078 1691 4102 t
1710 4034 1767 4100 Π..
1783 4052 1869 4125 535.

493 4124 902 4204 Libertatemsuamtueri
913 4147 1038 4226 semper
1049 4124 1162 4202 oblita,
1211 4126 1426 4204 Hochstenta
1437 4126 1601 4228 oppidum
1629 4130 1762 4205 Carolo
1788 4153 1856 4203 sese
1872 4125 1926 4200 de»

494 4225 643 4304 adversus
655 4243 826 4300 externos.
835 4228 1004 4299 I.‚12.‚In,
1014 4223 1162 4299 Prona—-
1259 4224 1341 4302 dit..
1365 4231 1420 4302 ΙΙ.
1433 4246 1522 4313 292.

493 4323 561 4401 ciac
584 4321 728 4402 formam
756 4323 806 4397 ab¹⁷
822 4328 987 4421 Augusto.
1004 4321 1163 4399 redacta.
1210 4325 1448 4402 Hoctinctonis
1469 4324 1619 4398 Comitis
1628 4324 1919 4402 fraterNorthum

491 4421 603 4513 1.17.
637 4419 771 4500 Eximit
802 4421 943 4500 laudata
972 4447 997 4500 a,
1027 4423 1162 4512 Vellejo.
1260 4424 1391 4498 berlani.
1412 4424 1521 4500 Ducis
1548 4423 1738 4502 amicitiam
1766 4447 1801 4499 et.
1818 4441 1918 4520 partes

490 4523 695 4597 Paterculo.
717 4527 755 4598 I..
779 4546 841 4615 17..
867 4526 955 4597 Non
969 4522 1043 4613 jam
1069 4528 1164 4592 Pro·-
1257 4523 1426 4620 sequitur.
1450 4523 1598 4616 Il.‚478.
1620 4526 1837 4598 Conductum
1852 4546 1920 4593 ma·

490 4619 623 4697 vincia,
636 4619 697 4697 sed
725 4623 830 4697 altera.
848 4626 968 4702 Roma
996 4640 1039 4699 et·
1057 4621 1159 4695 ltalia.
1258 4645 1348 4697 nunt:
1364 4623 1524 4700 incastra
1544 4623 1682 4702 Mariae
1694 4625 1925 4703 traducimus.

487 4741 556 4790 esse·
571 4716 776 4795 uidebatur..
808 4722 845 4792 Ι.
870 4743 937 4796 21..
971 4724 1069 4797 Auro
1090 4743 1153 4793 ex·
1257 4722 1350 4813 478..

485 4818 602 4894 hausta
623 4869 634 4905 ,
653 4840 765 4914 quam,
781 4841 871 4895 auro
881 4821 1061 4919 repleverat
1084 4843 1155 4893 no*
1211 4820 1400 4900 Holltndia.
1409 4821 1582 4901 Provincia
1595 4870 1616 4898 ..
1627 4824 1686 4900 11..
1703 4845 1795 4914 109.
