4192 5858
481 454 566 563 238
875 454 962 536 ιιι
1004 453 1213 535 naeus
1254 451 1480 535 cssrrs

432 620 589 760 cupide
627 616 694 719 vel
738 609 975 714 ambitiose
1028 612 1083 711 de
1138 611 1283 750 primo
1333 611 1435 709 loco
1486 607 1756 750 postulasse,
1795 605 1905 717 nihil

433 765 561 905 quod
619 794 785 900 practer
836 795 1010 857 morem
1062 792 1106 854 et
1154 765 1221 888 jus
1259 754 1460 917 gentium
1511 794 1598 855 esse
1648 755 1903 881 videretur,

430 902 677 1066 proferrent
727 902 792 1002 illi
849 900 997 1003 Caroli
1032 900 1229 1055 Caesaris
1279 897 1520 999 litteras
1489 938 1579 1000 srve
1632 901 1909 1062 diplomata,

304 1146 309 1151 .
431 1086 507 1152 aut
543 1088 697 1191 quavrs
735 1047 819 1147 alia
872 1046 1042 1147 ratione
1094 1084 1188 1146 ιιοιι
1232 1083 1321 1146 esse
1355 1043 1556 1206 ipsorum
1588 1046 1903 1152 Lusitanorum

211 1183 218 1196 ⁴
431 1234 572 1365 aequa
610 1192 824 1334 postulata
860 1191 1100 1306 docerent3
1123 1230 1165 1289 se
1200 1188 1264 1289 ita
1300 1227 1387 1288 esse
1422 1188 1676 1315 animatos,
1704 1227 1753 1292 ut
1787 1233 1907 1333 quae

432 1348 529 1472 jure
564 1338 650 1438 sibi
687 1336 923 1498 postulare
942 1336 1227 1452 viderentur,
1262 1331 1313 1431 in
1349 1331 1441 1453 iis,
1472 1333 1511 1434 si
1559 1343 1656 1465 jure
1704 1336 1904 1437 ratione

429 1522 521 1623 que
547 1483 656 1584 victi
690 1517 874 1599 essent,
911 1478 1091 1620 incepto
1127 1516 1220 1577 non
1256 1512 1434 1618 gravate
1477 1477 1757 1581 desisterent
1796 1492 1902 1582 Hoc

433 1665 643 1767 responso
693 1626 893 1743 audito,
925 1665 1028 1726 cum
1066 1657 1171 1723 essct
1220 1623 1333 1721 inter
1385 1660 1460 1721 eos
1507 1619 1600 1722 hac
1649 1625 1705 1724 de
1740 1664 1784 1724 re
1820 1664 1903 1765 pa

432 1809 611 1911 rumpet
648 1702 951 1931 disputatum,
989 1767 1187 1930 placuit,
1216 1800 1266 1866 ut
1301 1759 1510 1867 Alfonsus
1544 1768 1789 1890 Henricus,
1822 1769 1901 1911 qui

429 1909 570 2017 oflicii
605 1949 649 2015 et
682 1912 903 2013 amrcitiae
959 1910 1100 2054 gratia
1147 1911 1424 2052 Episcopum
1477 1909 1901 2077 Carthaginensem,

431 2067 554 2188 cujus
587 2059 633 2160 in
669 2056 900 2198 gymnasio
936 2054 1260 2159 Salmanticensi
1296 2055 1468 2155 auditor
1519 2050 1710 2178 fuerat,
1750 2058 1898 2160 comi

430 2205 602 2303 tabatur
628 2211 862 2344 ,Legatus
899 2199 954 2301 de
991 2200 1319 2341 compositione
1368 2202 1428 2300 ad
1456 2200 1694 2302 Lusitanos
1744 2202 1902 2309 mitte

431 2375 548 2446 retur
584 2379 765 2486 propter
801 2341 997 2444 hominis
1034 2344 1316 2482 prudentiam
1345 2379 1389 2444 et
1423 2345 1758 2449 auctoritatem.
1798 2357 1904 2447 Erat

432 2485 555 2589 enim
590 2491 656 2589 vir
714 2488 844 2588 multi
897 2482 1103 2607 consilii,
1141 2523 1185 2588 et
1241 2487 1353 2587 filius
1389 2489 1627 2587 Almiranti
1661 2489 1906 2609 Castellae,

430 2629 673 2773 ‘Abbasque
722 2629 1056 2732 Valdolitanus.
1112 2641 1252 2731 Hunc
1309 2628 1447 2773 igitur
1498 2631 1557 2730 ad
1608 2671 1653 2731 se
1704 2668 1900 2755 vocant,

427 2778 636 2877 mandata
669 2776 809 2895 dant,
845 2811 890 2875 et
924 2776 1034 2917 quid
1069 2773 1163 2877 fieri
1198 2774 1390 2895 vellent,
1446 2775 1668 2892 edocent3
1710 2778 1855 2878 sed
1841 2814 1910 2879 tta

428 2955 481 3017 ut
515 2955 671 3020 cuncta
705 2915 867 3020 fere
826 2959 920 3050 ejus
955 2917 1142 3019 consilio
1178 2955 1222 3017 et
1255 2916 1436 3020 arbitrio
1470 2920 1797 3060 permitterent.

503 3072 598 3162 XII.
666 3074 743 3183 Is,
772 3063 963 3204 negotio
998 3102 1094 3162 non
1130 3098 1308 3204 gravate
1363 3099 1599 3204 suscept0,
1636 3103 1688 3164 ex
1731 3067 1897 3168 eodem

430 3204 570 3325 loco,
602 3245 706 3306 cum
740 3215 832 3338 jam
869 3206 1267 3346 advesperasceret,
1290 3209 1439 3347 paucis
1476 3247 1528 3307 ex
1562 3207 1786 3349 peditibus
1825 3251 1896 3311 co·

429 3280 721 3468 mitaritibus,
757 3350 881 3450 Elves
932 3349 1261 3491 proficiscitur,
1295 3352 1550 3494 coactisque
1584 3352 1895 3455 Lusitanorum

430 3493 642 3635 Legatis,
668 3496 822 3595 eadem
855 3529 990 3594 nocte
1028 3495 1232 3595 mandata
1250 3533 1406 3637 ,quae
1442 3531 1707 3635 acceperat,
1748 3499 1896 3635 paucis

428 3637 646 3777 exponit,
686 3637 879 3778 pluribus
916 3632 1024 3780 quid
1061 3636 1147 3739 sibi
1181 3640 1410 3780 optimum
1461 3636 1582 3741 factu
1617 3680 1705 3739 esse
1740 3641 1897 3743 uidea-

428 3807 537 3899 tut,
572 3780 789 3892 declarat,
829 3821 1025 3923 quorum
1066 3821 1238 3884 summa
1285 3776 1406 3883 fisit
1442 3785 1525 3886 sibi
1578 3820 1806 3884 tantorum
1842 3825 1895 3884 u

428 3921 611 4084 trinque
648 3926 847 4026 virorum
883 3927 1093 4065 sapientia
1130 3965 1170 4031 ct
1205 3927 1418 4070 gravitate
1452 3928 1690 4071 indignum
1725 3928 1893 4053 videri,

425 4061 480 4165 id
530 4072 655 4231 quod
707 4109 802 4170 non
854 4067 1073 4171 dubitaret
1105 4072 1297 4212 utrique
1332 4073 1449 4215 Regi
1499 4067 1595 4173 fore
1641 4071 1900 4172 molestissi-

426 4239 559 4310 mum
579 4291 593 4333 ,
610 4213 646 4312 si
682 4252 747 4314 res
781 4248 932 4334 tanta,
961 4254 1104 4356 eoque
1140 4218 1356 4336 deducta,
1395 4228 1666 4359 Legatotum
1709 4253 1900 4316 conten·

328 4462 331 4468 ,
428 4353 556 4455 tione
592 4359 904 4518 impediretur,
945 4400 1059 4501 quae
1092 4400 1186 4461 non
1220 4397 1314 4463 tam
1349 4365 1537 4504 gravis,
1569 4370 1703 4502 quam
1747 4358 1899 4460 ambi
2013 4406 2046 4422 ·

429 4495 543 4597 tiosa
580 4501 717 4603 videri
754 4542 923 4643 posset
983 4506 1241 4624 Quando
1229 4507 1366 4646 igitur
1400 4521 1505 4607 Dux
1540 4504 1897 4641 Metlrymnensis
2002 4533 2037 4588 ο·

422 4638 488 4739 ab
526 4683 607 4763 ea,
627 4644 674 4743 in
710 4687 843 4785 quam
881 4649 1080 4751 inductus
1117 4685 1208 4771 est,
1231 4650 1475 4791 opinione,
1497 4651 1645 4792 qualis
1681 4690 1731 4749 ea
1768 4690 1899 4749 cum
1972 4693 2032 4713 -

423 4824 520 4928 que
556 4781 707 4909 foret,
742 4792 901 4894 deduci
936 4795 1170 4933 nequiret,
1219 4793 1417 4937 ipsorum
1455 4837 1543 4900 esse
1588 4832 1687 4900 tum
1723 4790 1890 4909 officii,

1803 4975 1898 5040 [Um
1924 4995 1993 5031 a
