3998 5850
482 403 744 486 cauom,
774 403 825 483 v.
874 402 992 483 ers.
1034 402 1205 485 xrtrx.
1422 405 1512 503 497
1598 486 1605 497 Ι

104 561 286 707 publice>
315 555 528 679 missi,ut
562 597 663 660 eum
700 555 904 695 Philippo
930 557 985 657 de
1003 618 1004 623 κ
1022 555 1296 659 matrimonii
1333 559 1556 661 conditio

101 707 231 823 nibus
266 706 571 845 transigerent.
629 711 726 801 Hos
757 706 951 836 Joannes
987 700 1178 799 Xuarius
1211 703 1455 832 Carvajalus
1490 714 1553 803 E-

104 835 308 992 piscopus
340 845 541 947 Lucensis
584 845 778 985 primum
816 876 971 984 sponte
1006 883 1078 944 sua
1107 921 1123 963 ‚
1174 843 1331 943 deinde
1363 844 1552 984 Philippi

105 996 160 1094 de
212 994 405 1133 ipsorum
440 988 626 1132 appulsu
655 986 848 1086 certioris
888 978 992 1091 facti
1039 987 1263 1092 Jvoluntate
1284 1088 1285 1091 Ν
1306 986 1550 1124 ,magnifice

103 1171 148 1238 et
186 1135 459 1275 indulgenter
508 1131 750 1248 tractavit,
789 1131 895 1227 dum
933 1129 1003 1226 ad
1040 1130 1107 1228 cas
1146 1130 1344 1269 'regiones
1382 1129 1550 1269 Philip-

104 1315 215 1418 pum
257 1319 308 1377 ex
347 1275 498 1375 litteris
551 1281 641 1402 ejus
693 1305 1029 1412 exspectarent,
1069 1307 1112 1372 et
1147 1271 1278 1371 initio
1330 1315 1381 1374 ex
1421 1308 1549 1411 portu

103 1421 365 1560 prodeuntes
413 1453 463 1517 ut
504 1415 559 1516 ab
596 1414 797 1514 universa
857 1410 1037 1513 obviam
1081 1415 1324 1555 prodeunte
1375 1414 1549 1515 civitate

105 1562 288 1662 comiter
324 1598 366 1660 et
396 1596 555 1699 magna
584 1595 685 1656 cum
717 1555 1008 1697 gratulatione
1048 1558 1344 1696 exciperentur
1359 1632 1374 1674 ,
1399 1593 1549 1697 auctor

104 1698 271 1803 fuerat.
314 1714 418 1821 Qua
464 1701 679 1839 legatione
714 1700 769 1797 ad
805 1699 1153 1837 Compostellam
1203 1696 1387 1839 benigne
1427 1700 1550 1801 audi÷

103 1876 149 1944 ta
183 1844 451 1984 Philippus,
490 1875 533 1941 et
563 1841 744 1981 negotio
779 1882 830 1940 ex
863 1843 1108 1981 legatorum
1140 1841 1360 1949 voluntate
1394 1835 1549 1941 confe-

103 2019 212 2105 eto,
242 1987 289 2086 in
326 1995 507 2087 Portum
543 2021 796 2123 magnum,
832 1983 912 2121 qui
943 2016 1004 2099 est
1040 1982 1094 2080 ad
1133 1981 1327 2090 Flavium
1364 1983 1548 2122 Brigan-

104 2129 219 2226 tium
237 2204 253 2246 ‚
272 2127 333 2227 ite
367 2127 580 2269 perrexit.
618 2134 721 2223 Huc
749 2122 870 2222 enim
899 2162 1029 2224 naves
1063 2123 1296 2264 compelli,
1319 2159 1362 2224 et
1396 2117 1549 2223 confe-

103 2269 386 2392 ctos'milites
419 2293 673 2406 ceterosque
707 2264 992 2406 navigationis
1017 2285 1060 2369 et
1087 2266 1184 2368 viae
1226 2265 1407 2366 comites
1440 2305 1587 2380 con-s..

104 2411 286 2531 ven-ire,
324 2449 367 2514 et
400 2411 483 2512 sibi
517 2446 692 2551 praesto
718 2448 805 2521 esse
840 2417 1044 2537 jusserat.
1476 2421 1549 2453 '²'

99 2638 104 2646 .
180 2561 330 2655 XXX.
407 2567 524 2673 Cum
582 2552 714 2692 igitur
753 2589 906 2651 omnes
944 2552 1014 2651 ad
1039 2549 1158 2653 diem
1204 2550 1548 2673 convenissent,

101 2691 153 2795 in
208 2735 338 2797 naves
385 2698 441 2794 ad
496 2729 672 2793 centum
723 2691 885 2832 viginti
923 2692 1120 2832 quinque
1172 2695 1307 2827 (nam
1359 2697 1548 2796 totidem
1689 2733 1691 2737 '

104 2838 355 2977 compulsae
391 2833 590 2972 fuerant)
628 2832 845 2973 equitibus
877 2832 1176 2974 militibusque
1218 2875 1403 2938 numero
1432 2866 1547 2977 qua-

107 3012 208 3076 tuor
240 2980 462 3097 ·millium,
502 3012 545 3075 et
579 3011 723 3076 cetero
762 2975 975 3086 comitatu
1002 2977 1219 3117 impositis
1253 3053 1269 3095 ,
1303 2980 1394 3119 ipse
1430 3017 1545 3118 quo-

106 3158 194 3259 que
232 3122 384 3220 navim
419 3118 704 3237 conscendit,
741 3152 918 3217 etcum
954 3157 1009 3215 eo
1047 3115 1097 3218 in
1134 3119 1334 3221 eamdem
1367 3137 1439 3222 :ex'
1459 3122 1546 3222 dos

106 3263 294 3362 mesticis
332 3261 575 3365 Rodericus
610 3259 847 3360 Gomezius
877 3337 893 3379 ‚
928 3298 1062 3398 quem
1101 3263 1303 3361 omnium
1331 3263 1547 3369 ,maxime

106 3401 328 3544 Philippus
362 3404 574 3545 diligebat
605 3478 622 3521 ,
654 3401 891 3502 Gomezius
925 3401 1132 3502 Corduba
1169 3404 1374 3545 Figueroa
1408 3405 1547 3511 Feriae

106 3556 271 3648 Comes
308 3547 549 3688 praetoriae
585 3543 772 3645 cohortis
803 3535 1040 3684 praefectus
1059 3622 1074 3664 ,
1091 3578 1134 3643 et
1165 3586 1233 3645 ex2
1255 3548 1405 3648 eadem'
1434 3559 1546 3648 Cor·
1583 3586 1585 3590 ⁴

104 3686 323 3790 'dubarum
359 3683 525 3788 familia
565 3696 713 3787 Petrus
742 3685 972 3823 ¹Cahrensis
1010 3687 1200 3788 Comitis
1235 3685 1393 3809 filius,-
1431 3697 1546 3820 ejus,

100 3869 195 3966 que
234 3832 389 3931 sororis
424 3830 536 3931 filius
571 3827 794 3964 jacobus,
813 3828 920 3928 item
957 3827 1204 3929 Olivariurn
1237 3840 1428 3949 Comes,
1456 3843 1547 3936 Gu-

106 3970 255 4070 tietrus
294 3983 440 4115 Lupus
479 3972 642 4071 Padilla
675 4021 704 4092 ,·
732 3969 950 4072 Antonius
983 3973 1166 4072 Toletus
1219 3974 1352 4114 equili
1394 3973 1547 4112 ‘Regio

105 4111 341 4252 praefectus
379 4114 654 4255 ,Lupertius
707 4112 989 4254 Quignonius
1027 4192 1043 4235 ,
1080 4117 1298 4216 Gonzalus
1350 4116 1546 4216 Perezius

106 4254 246 4355 scriba
283 4258 478 4396 Regius.
521 4265 670 4398 Atque
704 4254 752 4356 hi
793 4258 975 4397 quidem
1014 4300 1065 4359 ex
1093 4258 1325 4397 Hispanis.
1341 4356 1344 4359 ,
1359 4265 1546 4359 Praeter-

72 4439 156 4496 ea
192 4438 243 4499 ex
279 4400 422 4541 Belgis
446 4401 704 4541 Agamon'tis
739 4411 901 4499 Comes
939 4476 954 4518 ,
990 4436 1032 4498 et
1060 4399 1269 4504 Marchio
1299 4401 1547 4543 Betgensis,

108 4548 366 4660 Homorum
419 4554 591 4659 Comes
637 4544 1007 4683 praetorianorum
1062 4543 1266 4681 equitum·
1299 4585 1358 4646 ext
1375 4564 1379 4572 ’
1395 4544 1548 4680 Belgio

106 4679 369 4824 praefectus.
424 4688 620 4789 Aderant
680 4720 894 4828 praeterea
930 4716 994 4783 ¹ex
1032 4682 1278 4824 proceribus
1300 4685 1551 4825 ,Hispaniae

183 4827 364 4928 Tomll.
1078 4838 1164 4928 Rtt
1457 4838 1556 4923 Fer-
