4102 5864
498 414 585 507 402
859 414 945 496 DE
988 411 1209 494 REBUS
1234 410 1470 497 GESTIS

456 578 598 696 niret,
638 609 681 677 et
718 573 842 716 quod
879 573 934 673 ad
971 580 1073 672 eam
1105 609 1198 672 rem
1237 572 1426 674 maxime
1463 567 1741 713 pertinebat,
1762 609 1813 676 ut
1855 589 1938 679 Sa·¹

458 725 692 826 cerdotum
697 718 942 863 'gencrale
973 717 1284 819 Concilium
1272 717 1573 819 mtcrmissum
1615 755 1937 846 renovaretur,

459 870 523 970 de
551 909 645 1010 quo
681 846 915 1009 diligenter
951 902 1056 965 cum
1100 864 1229 1003 Julio
1265 863 1420 965 Tertio
1466 861 1680 966 Pontifice
1724 865 1930 971 Maximo

459 1053 539 1157 per
574 1017 741 1154 legatos
777 1008 961 1154 agebat.
1000 1022 1094 1153 Ipse
1130 1020 1457 1111 Germanorum
1493 1009 1751 1112 Concilium
1788 1051 1935 1115 rursus

458 1165 708 1328 Augustam
744 1157 1082 1258 Vindelicorum
1126 1156 1182 1257 ad
1229 1155 1347 1259 diem
1390 1154 1577 1257 Kalend.
1627 1156 1745 1295 Julii
1764 1159 1936 1321 'septi-

460 1345 589 1406 mum
625 1301 893 1423 advocavit,
932 1341 1045 1403 cnm
1075 1298 1137 1401 ob
1174 1301 1275 1403 alias
1312 1341 1487 1422 causas,
1524 1339 1621 1403 tum
1659 1301 1857 1405 maxime
1885 1341 1935 1405 ur

461 1464 788 1554 Germanorum
825 1447 1020 1550 animos
1038 1448 1086 1549 in
1129 1449 1340 1549 sententia
1385 1485 1429 1548 et
1472 1447 1654 1549 decretis
1698 1449 1938 1590 superioris

462 1595 720 1740 Augustani
731 1593 928 1697 Concilii
958 1592 1267 1715 confirmaret,
1288 1593 1592 1696 molestissime
1619 1587 1759 1694 fetens
1773 1671 1790 1715 ,
1813 1597 1938 1738 quod

464 1741 575 1843 illud
612 1744 687 1842 de
688 1740 955 1844 colenda
922 1777 1024 1841 rrtu
1055 1739 1290 1842 Catholico
1342 1739 1618 1882 Religione,
1657 1739 1765 1840 dum
1803 1780 1936 1884 gene

464 1887 562 1998 ralis
597 1882 889 1988 sacerdotum
916 1886 1117 2047 Synodus
1153 1923 1469 2055 perageretur,
1493 1926 1518 1984 a
1553 1883 1784 2049 plerisque
1828 1899 1935 1994 Ger·

463 2071 699 2134 manorum
736 2031 894 2133 violari
931 2068 1107 2195 atque
1103 2030 1330 2132 contemni
1365 2029 1527 2131 certior
1547 2028 1749 2133 fiebam·

552 2190 672 2281 XCI.
752 2178 825 2279 Ad
876 2174 1058 2277 diem
1048 2177 1182 2320 igitur
1233 2181 1483 2318 Augustam
1535 2213 1841 2278 convenerunt
1889 2218 1936 2280 er

466 2295 759 2486 Principibus
804 2322 1101 2465 Moguntinus
1166 2359 1211 2425 et
1274 2321 1555 2425 Treverensis
1601 2319 1936 2465 Archiepiscopi

468 2467 759 2589 Electores,
748 2502 855 2567 rtem
892 2482 1106 2588 Bararus,
1133 2503 1176 2569 et
1212 2467 1433 2569 Henricus
1468 2467 1821 2572 ansvicensis
1857 2479 1934 2572 Cc

468 2614 547 2713 teri
583 2654 684 2717 suos
727 2614 911 2778 legatos.
936 2613 1172 2715 ιιιίιιιιιιιιζ
1224 2604 1461 2714 Affuemnr
1503 2648 1721 2755 praeterea
1769 2612 1931 2714 Prusiae

468 2759 727 2902 Magister,
758 2794 802 2862 et
844 2757 1222 2924 Virciburgicus,
1261 2759 1516 2879 Cistensis,
1561 2757 1929 2880 Constantiensis,

470 2909 791 3067 Augustanus,
828 2903 1152 3026 Tridentinus,
1188 2903 1559 3025 Cameracensis,
1604 2901 1930 3047 Merseburgen·

471 3089 526 3149 ιιι
562 3048 817 3190 Episcopi,
856 3084 900 3148 et
937 2983 1186 3151 Civitatuin
1223 3050 1393 3194 legati3
1432 3087 1629 3193 quorum
1672 3048 1929 3213 negligentia

472 3229 517 3293 et
552 3192 752 3337 superbia
787 3189 1125 3294 vehementer
1113 3208 1307 3297 mcusata
1343 3196 1526 3298 Carolus
1570 3194 1827 3360 Augustani
1866 3195 1928 3294 de

472 3338 631 3459 creti,
672 3337 726 3438 de
774 3378 867 3501 quo
903 3339 1041 3461 dixi,
1084 3340 1305 3443 violati
1292 3377 1425 3484 atque
1467 3343 1684 3443 contemti
1726 3337 1929 3442 rationem

473 3523 576 3584 eum
616 3482 915 3625 poposcisset,
956 3481 1289 3630 Archiepiscopi
1314 3528 1370 3589 se
1407 3525 1515 3590 vero
1551 3486 1873 3640 responderunt
1900 3513 1930 3580 ιι

476 3667 663 3731 servasse
698 3631 814 3773 ipsos
851 3630 1113 3752 decretum,
1153 3670 1272 3733 eta
1302 3633 1427 3784 suis,
1465 3668 1517 3733 ut
1553 3667 1833 3752 servaretur,
1866 3666 1930 3729 cu

477 3811 634 3897 rasse
646 3810 720 3875 et
755 3775 937 3875 ineam
981 3772 1135 3880 curam
1179 3776 1314 3881 etiam
1361 3783 1479 3880 nunc
1519 3777 1744 3883 insistere.
1800 3768 1931 3878 Ceteri

393 3968 400 3979 ’
477 3931 585 4021 vero
636 3920 846 4084 Episcopi
895 3959 938 4021 et
989 3924 1161 4067 legati,
1215 3962 1301 4029 nec
1354 3962 1563 4068 perse,
1606 3966 1689 4030 nec
1725 3962 1810 4067 per
1852 3955 1932 4061 suos

477 4064 684 4170 dominos
709 4066 884 4168 stetisse
919 4066 1273 4234 confirmarunt,
1316 4069 1561 4213 quominus
1590 4070 1779 4172 decreto
1826 4101 1934 4207 pare-

416 4300 422 4308 .
477 4247 639 4322 returs
683 4215 759 4315 sed
797 4213 928 4315 diu
917 4216 1097 4319 msitam
1144 4256 1288 4319 novae
1331 4216 1581 4361 Religionis
1625 4212 1938 4369 persuasionem

477 4359 559 4501 nec
593 4353 760 4479 facile,
798 4399 880 4461 nec
915 4357 1084 4461 brevi
1075 4398 1277 4527 tempore
1314 4402 1440 4505 posse
1477 4404 1502 4464 e
1538 4361 1763 4477 mentibus
1800 4350 1939 4460 Ιιοιιιι-Ι

477 4492 584 4602 num
619 4439 827 4614 aboleiis
874 4543 942 4608 et
939 4505 1149 4629 cuncti,
1187 4526 1245 4610 ιιιΙ
1281 4510 1457 4610 decreto
1495 4540 1698 4727 parcatur
1732 4585 1750 4629 ,
1790 4542 1883 4650 per
1903 4534 1942 4602 ιι

477 4681 705 4804 quemque
739 4652 957 4755 daturum
981 4690 1181 4798 operam
1194 4654 1600 4797 pollicentur

479 4792 684 4904 ’·ΧοΠὲ
759 4795 913 4945 Itaque
950 4842 1002 4904 tx
1038 4802 1257 4905 Consilii
1260 4800 1486 4935 sententia
1520 4745 1684 4944 leges,
1713 4835 1839 5008 quas
1862 4800 1946 4897 Ca

484 4976 511 5003 ·’
1863 4977 1950 5044 ,ιο-
