4192 5858
423 428 505 502 260
800 428 887 507 DE
933 424 1131 507 REBUS
1171 420 1390 506 GESTIS

388 587 583 733 placuit,
611 584 767 686 urbem
803 584 848 683 in
882 581 1072 685 Morinis
1106 583 1477 703 munitissimam,
1511 576 1738 724 littotique
1776 596 1852 727 ap

392 734 582 875 positam
619 807 633 849 ,
671 768 808 870 quam
850 767 954 827 cum
1003 727 1221 868 praesidio
1262 738 1489 828 Vatvenus
1542 729 1847 850 custodiebat,

391 876 535 978 Ubiae
574 911 737 1016 gener,
769 871 973 972 Praesidis
1006 908 1104 971 earn
1134 872 1407 1013 provinciam
1446 870 1715 974 obtinentia.
1761 889 1848 975 Bo-

393 1020 577 1121 noniam
612 1018 744 1158 igitur
781 1016 995 1116 Henricus
1033 1054 1199 1156 magno
1249 1015 1418 1157 impetu
1462 1055 1719 1157 oppugnare
1773 1057 1848 1157 ag-

394 1203 594 1305 gressus,
638 1197 813 1260 tantum
850 1197 1060 1260 terrorem
1118 1159 1350 1299 oppidanis
1386 1201 1436 1263 ac
1478 1161 1692 1300 praesidio
1738 1162 1853 1290 inje-

394 1307 490 1427 cit,
524 1341 573 1405 ut
611 1314 901 1423 Varvenum,
941 1303 1344 1444 oppugnationibus
1393 1340 1436 1402 et
1490 1302 1721 1404 obsidione
1760 1341 1853 1405 non

395 1451 473 1550 diu
513 1449 785 1567 sustentatis,
826 1448 1100 1547 deditionem
1137 1443 1276 1546 facere
1314 1483 1525 1589 cogeret,
1561 1450 1852 1589 quodquam

396 1631 575 1736 gratum
607 1593 854 1710 Britann0,
889 1592 968 1732 qui
1005 1631 1054 1689 ea
1090 1589 1196 1691 urbe
1235 1629 1412 1734 propter
1445 1591 1533 1691 loci
1584 1594 1852 1734 opportuni⁴

395 1773 532 1837 tatem
572 1737 706 1875 potiri
744 1745 833 1865 jam
871 1736 1041 1875 pridem
1080 1731 1324 1854 studebat,
1361 1769 1452 1834 tarn
1492 1735 1728 1835 molestum
1766 1729 1849 1836 fuit

399 1882 527 1980 Gallo
563 1879 679 2021 Regi
726 1882 787 1982 ob
822 1879 1023 1978 eamdem
1081 1916 1294 1997 causam,
1328 1879 1386 1978 ita
1425 1913 1474 1979 ut
1519 1880 1714 1980 Varveni
1757 1879 1851 1980 cul-

396 2063 500 2165 pam
540 2025 588 2123 in
623 2021 742 2123 Ubia
781 2062 961 2163 quoque
992 2059 1176 2142 socom,
1210 2022 1289 2163 qui
1330 2023 1546 2164 praesidio
1585 2063 1689 2126 eum
1728 2061 1852 2161 prae·

396 2164 593 2284 fecerat,
627 2167 939 2267 vindicandam
980 2200 1194 2306 putatet,
1233 2166 1402 2307 quippe
1440 2164 1671 2267 hominem
1707 2168 1763 2266 de
1810 2207 1852 2267 se

397 2350 489 2410 non
525 2312 663 2410 modo
700 2308 821 2409 bellis
864 2306 1156 2450 superioribus
1192 2388 1206 2429 ‚
1243 2311 1316 2413 sed
1356 2310 1489 2410 etiam
1523 2310 1570 2409 in
1610 2353 1664 2411 eo
1722 2312 1851 2450 ipso,

399 2456 522 2594 quod
556 2453 826 2595 gerebatur,
864 2453 1187 2555 benemeritum
1215 2454 1263 2554 in
1312 2453 1484 2555 vincula
1535 2455 1725 2590 conjecit
1762 2534 1777 2574 ,
1812 2487 1854 2554 et

397 2593 669 2738 praefectura
705 2638 804 2699 curn
844 2597 1089 2740 ignominia
1129 2597 1338 2739 privavit.

470 2752 686 2844 XXXIX.
760 2753 956 2883 Recepta
989 2742 1225 2862 Bononia,
1254 2745 1488 2888 validoque
1526 2740 1746 2887 praesidio
1779 2743 1856 2870 fite

399 2920 552 3005 mata,
588 2885 807 2986 Henricus
845 2886 1151 2987 Monterolum
1185 2889 1404 3027 oppidum
1453 2890 1562 2989 item
1614 2888 1857 2989 munitissi⁴

398 3063 526 3129 mum
559 3029 847 3170 oppugnandi
878 3071 1004 3131 causa
1039 3030 1187 3171 copias
1217 3034 1418 3152 inducit,
1456 3033 1752 3173 obsidetques
1783 3029 1857 3132 sed

400 3210 497 3270 eam
538 3169 818 3272 obsidionem
854 3209 943 3273 tarn
981 3168 1153 3273 fortiter
1187 3172 1308 3276 Ubia
1343 3176 1612 3296 sustinebat,
1646 3211 1696 3277 ut
1730 3215 1858 3311 saepe

400 3315 628 3456 eruptione
686 3355 933 3459 pugnaret,
972 3354 1016 3417 et
1070 3314 1198 3417 variis
1253 3318 1481 3421 eventibus
1533 3319 1645 3419 levia
1699 3319 1859 3458 praelia

400 3454 581 3558 fierent.
634 3462 844 3563 Ceterum
893 3455 1007 3562 facta
1053 3462 1107 3561 ad
1147 3463 1392 3604 Crepinum
1448 3502 1600 3603 pace,
1640 3465 1861 3563 Henricus

398 3603 614 3735 &adalvinus
655 3607 779 3744 (quo
818 3607 998 3706 nomine
1044 3606 1195 3745 Regni
1234 3646 1449 3707 successor
1486 3608 1534 3706 in
1586 3605 1726 3706 Gallia
1772 3648 1869 3707 vo⁴

398 3778 518 3843 catur
552 3823 567 3866 ‚
607 3782 655 3845 ut
692 3752 874 3884 Princeps
932 3750 979 3848 in
1017 3748 1261 3888 Hispania)
1304 3790 1407 3851 cum
1447 3749 1633 3850 exercitu
1673 3788 1869 3890 a'patre

396 3888 560 3988 tradito
591 3889 636 3988 in
670 3894 875 3991 Morinos
909 3927 952 3991 et
988 3894 1296 3994 Monterolum
1350 3896 1499 3996 auxilii
1554 3888 1720 3993 ferendi
1760 3934 1878 4036 gra·

395 4029 456 4131 tia
491 4032 662 4172 magnis
716 4033 942 4155 itineribus
990 4037 1217 4137 contendit
1253 4078 1265 4146 3
1311 4080 1404 4180 quo
1458 4040 1718 4155 accedente,
1761 4050 1871 4140 Rex
1998 4056 2011 4115 :

394 4179 635 4277 Monteroli
671 4174 951 4278 obsidionem
988 4181 1187 4301 omittit,
1221 4217 1264 4281 et
1301 4185 1487 4284 domum
1522 4181 1662 4283 redire
1703 4218 1860 4323 parat,
2003 4238 2016 4264 ι

393 4353 442 4415 ut
479 4313 611 4421 factus
645 4362 670 4420 a
708 4323 873 4423 Carolo
909 4337 1088 4426 Caesare
1120 4325 1173 4423 de
1211 4323 1511 4465 pacificatione
1548 4326 1708 4426 certior
1748 4364 1859 4427 con·
2003 4348 2028 4371 ¹

391 4460 609 4563 stituerat.
647 4475 768 4567 Nam
808 4504 857 4568 ut
898 4507 1050 4606 pacem
1088 4464 1249 4568 faceret
1298 4511 1399 4568 curn
1438 4483 1562 4612 Rege
1592 4469 1852 4588 Francisc0,

387 4607 720 4746 Bononiamque
753 4613 1027 4729 restitueret,
1065 4612 1296 4750 impetrare
1340 4610 1396 4712 ab
1433 4655 1486 4713 eo
1545 4652 1636 4713 non
1681 4616 1854 4752 potuit,

386 4784 466 4847 nec
507 4752 755 4858 Bononiam
792 4756 906 4858 Galli
955 4793 1082 4894 saepe
1134 4790 1346 4856 tentatam
1383 4758 1428 4859 vi
1470 4793 1513 4857 et
1554 4795 1736 4878 armis,
1777 4795 1880 4879 nec„
1969 4848 1977 4854 .
2066 4820 2068 4824 ·

1753 4902 1855 5004 lon·
