4102 5864
270 490 280 503 ο
336 374 422 488 316
678 375 1279 463 ,1111111111111

294 580 443 644 autern
478 541 660 645 Carolus
695 538 947 654 celeritate,
982 573 1143 678 quanta
1179 533 1371 636 maxima
1411 531 1577 676 equites
1625 576 1752 642 cata-

295 686 468 855 phracri
503 687 569 785 uti
605 718 840 823 poterant,
876 678 1258 819 subsequebatur:
1290 716 1392 778 nam
1429 680 1595 818 pedites
1632 721 1751 823 pon-

296 867 339 930 tc
377 828 634 989 trajicientes
686 859 929 962 exspectare
978 823 1166 962 longum
1216 861 1302 922 esse
1351 860 1453 921 cunr
1502 823 1750 950 videretur,

296 972 392 1072 solo
428 971 624 1111 equitatu
659 966 867 1086 hostem,
902 966 1001 1065 licet
1034 1004 1216 1066 numero
1251 963 1446 1065 militum
1482 963 1598 1098 haud
1640 1009 1751 1109 pau

203 1199 205 1202 Α
294 1118 340 1216 1ο
377 1113 682 1253 superiorem,
719 1108 925 1247 insequi,
963 1109 1214 1270 praelioque
1251 1108 1452 1208 lacessere
1492 1111 1752 1214 constituit:

297 1296 470 1358 summa
507 1293 626 1354 enrm
653 1250 820 1350 hostilis
856 1252 1044 1394 agminis
1077 1286 1166 1351 erat
1191 1250 1392 1392 peditum
1427 1290 1499 1349 sex
1532 1253 1752 1378 millium,

298 1400 501 1541 equitum
551 1399 740 1496 duorum
777 1432 822 1494 et
857 1430 1188 1502 sexcentonrmr
1224 1431 1329 1493 nam
1378 1429 1543 1493 ceterae
1594 1400 1754 1537 copiae

298 1583 401 1644 cum
435 1537 760 1641 Tumezhierne
796 1533 1013 1656 aberant,
1044 1575 1087 1637 et
1125 1537 1283 1676 partim
1330 1531 1502 1636 fuerant
1552 1576 1630 1679 per
1665 1582 1754 1702 pp

298 1689 402 1847 pida
438 1683 637 1845 praesidii
671 1679 813 1822 gratia
848 1614 1120 1818 dispositae:
1157 1678 1407 1779 Caesariani
1442 1717 1546 1781 vero
1580 1722 1751 1824 equrtes

297 1828 473 1930 levioris
523 1859 766 1926 armaturae
821 1823 1071 1963 octingenti
1123 1822 1493 2063 quinqpaginra,
1479 1826 1611 1965 ,qui
1646 1867 1750 1929 vero

297 1970 537 2131 scloppetis
567 1969 834 2088 utebantur,
870 1966 1091 2075 sexcentis
1125 2001 1251 2106 catap
1285 2001 1392 2067 ractr
1437 2000 1586 2070 autem
1631 1970 1751 2072 mille

299 2115 418 2215 octin
451 2112 570 2214 enti.

369 2154 450 2356 Χ1ζ
505 2266 607 2355 Erat
653 2251 701 2353 in
735 2251 845 2371 via,
880 2291 970 2394 qua
1002 2250 1185 2358 Carolus
1235 2248 1610 2387 contendebat,
1597 2294 1752 2399 rmago

297 2395 462 2500 Christi
497 2394 702 2496 crucifixo
739 2329 922 2514 similis,
963 2434 1099 2535 quam
1135 2394 1330 2496 hostium
1381 2382 1572 2534 aliquis,
1608 2435 1659 2498 ut
1708 2445 1755 2503 e·

297 2578 396 2642 rant
432 2579 586 2640 omnes
622 2536 897 2656 Lutherani,
934 2539 1028 2679 plus
1063 2539 1226 2640 scilicet
1263 2576 1397 2678 quarn
1432 2536 1721 2660 haeretici,
1708 2583 1755 2643 rn

302 2719 480 2824 pectore
514 2682 727 2823 scloppcti
779 2681 927 2781 telo
916 2682 1142 2823 impietate
1193 2679 1417 2783 barbarica
1466 2618 1751 2786 confodeiat

296 2828 449 2928 Hoc
437 2862 608 2927 intuens
643 2825 864 2942 Carolus,
899 2824 1035 2926 ducto
1071 2823 1291 2965 suspirio,
1325 2823 1577 2964 caelumque
1612 2829 1756 2968 suspi-

298 2970 465 3070 ciens:
501 2977 548 3068 Si
575 2974 675 3085 ais,
711 2968 892 3107 inquit,
928 2975 1106 3089 Christe,
1132 2969 1310 3104 firciltp
1312 2996 1390 3066 oter
1422 2997 1505 3067 tuor
1535 2976 1757 3071 111111111-
1950 3046 2007 3066 .,

297 3123 416 3212 circi.
472 3122 522 3210 In
572 3149 829 3252 magnag
782 3112 915 3210 icitur
965 3149 1256 3250 utrorumque
1287 2999 1613 3232 pfestinatione,
1650 3153 1755 3214 cunr
1916 3172 2001 3229 ,ι

297 3258 434 3357 nubes
472 3253 645 3352 excitati
682 3253 917 3393 pulveris
906 3294 954 3354 rn
1004 3290 1252 3354 nostrorum
1302 3253 1449 3353 oculos
1484 3292 1623 3355 vento
1673 3259 1756 3357 acl-
1892 3327 1998 3348 -.

297 3435 421 3497 verso
467 3393 806 3515 obvolventur,
840 3396 1054 3516 Carolus,
1092 3435 1148 3495 ne
1183 3395 1248 3494 sui
1297 3394 1452 3495 ordine
1487 3394 1756 3537 perturbato
1874 3450 1994 3509 <a

298 3540 542 3680 opportuni
579 3536 776 3639 fierent
765 3540 987 3669 tnjuriae,
1023 3574 1255 3679 parumper
1290 3539 1518 3660 constitit,
1547 3577 1592 3640 et
1627 3543 1756 3680 equi·
1852 3605 1993 3627 —-

299 3682 415 3784 tibus
449 3678 732 3823 cataphractis
782 3682 984 3788 collectis
1023 3719 1067 3783 et
1116 3680 1365 3829 instructis,
1398 3720 1538 3847 rursus
1589 3684 1756 3787 aeccle
1840 3743 1990 3763 --·

298 3863 390 3926 rat.

369 3979 496 4069 XI.
526 3981 693 4069 Interea
728 3981 830 4070 Dux
866 3969 1063 4070 Albanus
1099 3967 1428 4111 Mauriciusque
1462 3969 1607 4072 hostes
1645 4011 1759 4072 con·
1810 4017 1985 4044 ⁶-

298 4112 467 4231 secuti,
503 4147 594 4215 tam
631 4109 911 4213 vehementer
962 4153 1035 4212 eos
1084 4110 1330 4254 urgebant,
1366 4150 1415 4214 ut
1450 4127 1559 4215 Saxo
1611 4116 1759 4216 consi·
1811 4159 1979 4188 --··

297 4288 402 4354 stete
439 4291 698 4396 cogeretu13
735 4255 850 4394 qui,
885 4292 935 4356 ut
970 4197 1167 4356 facultas
1198 4292 1303 4360 esset
1346 4256 1555 4359 idoneum
1608 4258 1760 4358 locum
1802 4273 1968 4350 tr

297 4393 345 4493 in
381 4435 559 4498 nemore
598 4397 840 4537 paludoso,
896 4437 940 4499 et
976 4439 1069 4540 quo
1115 4437 1337 4539 penetrare
1372 4417 1548 4564 prppter
1582 4401 1956 4501 viarumtt

296 4539 516 4697 angustias
553 4535 807 4676 perdifficile
858 4578 981 4658 erat,
1016 4543 1301 4681 occupandi,
1335 4544 1503 4684 equites
1556 4542 1940 4684 scloppe‘

294 4680 517 4822 uariosque
551 4678 678 4811 jubet
725 4682 895 4823 primos
945 4721 1194 4786 nostrorum
1249 4687 1442 4790 adoriri.
1503 4695 1608 4788 Hoc
1650 4688 1908 4787 dun‘

1701 4826 1817 4930 ill'i
