4192 5858
480 339 577 451 ”23⁶
864 342 950 426 on
998 335 1204 423 nasus
1252 338 1479 422 Gnsrrs

453 519 606 658 cipes,
642 544 804 613 ceteros
838 543 993 606 omnes
1030 503 1130 602 loco
1168 502 1320 602 cedere
1356 511 1421 632 jus
1457 540 1601 621 esset,
1634 535 1677 604 et
1714 499 1918 645 gentium

454 700 582 761 more
617 654 873 758 sancitum,
920 651 1065 790 ipsum
1115 646 1237 746 enim
1273 644 1661 783 Methymnensem
1713 661 1917 769 Ducem,

453 805 813 944 -Episcopumque
849 791 1276 934 Carthaginensem,
1311 830 1404 888 non
1439 801 1626 931 Legatos
1672 793 1728 892 ab
1764 803 1915 934 Impe-

457 984 596 1048 ratore
632 956 846 1085 Regeque
882 937 1124 1055 Castellae‚
1165 935 1237 1036 sed
1274 975 1302 1033 a
1334 932 1429 1034 filio
1453 936 1655 1077 Principe
1691 937 1916 1080 excipien-

458 1093 540 1190 dae
578 1128 758 1230 sponsae
795 1086 1020 1184 dumtaxat
1054 1080 1423 1218 deducendaeque
1462 1079 1600 1220 gratia
1636 1120 1770 1219 paene
1821 1083 1916 1221 pri-

335 1224 339 1229 ¹
460 1271 583 1336 vatos
621 1230 764 1332 mitti.
808 1241 935 1344 Quae
971 1250 1124 1325 cuncta
1160 1261 1262 1323 curn
1298 1256 1437 1322 essent
1487 1220 1693 1323 omnibus
1746 1265 1917 1366 perspe-

460 1414 566 1497 cta,
603 1417 681 1475 nec
716 1373 781 1474 illi
816 1412 880 1472 tes
916 1405 1021 1470 esset
1056 1407 1157 1469 cum
1193 1366 1378 1505 Satrapis
1428 1405 1503 1467 aut
1552 1367 1723 1508 magnis
1759 1382 1917 1505 Dyna-

462 1523 571 1640 stis,
608 1561 719 1660 quos
771 1554 969 1657 superate
1012 1513 1082 1613 vel
1134 1512 1299 1611 anteire
1349 1511 1591 1651 gloriosum
1642 1506 1789 1632 foret,
1826 1553 1917 1614 non

464 1706 549 1765 esse
587 1663 850 1803 quodcum
886 1659 945 1759 eis
981 1658 1035 1755 de
1072 1655 1220 1795 primo
1256 1654 1358 1752 loco
1394 1655 1664 1755 contendat:
1703 1656 1814 1795 quin
1850 1694 1919 1758 et-

330 1803 335 1816 ’
437 1806 553 1908 'iarn
589 1809 623 1906 si
660 1807 728 1904 vir
764 1802 931 1943 generis
968 1800 1157 1900 claritate
1193 1793 1477 1938 opibusque,
1512 1835 1587 1898 aur
1624 1798 1817 1939 primus,
1844 1837 1920 1901 aut

434 1987 580 2051 'cette
617 1949 726 2048 nulli
761 1949 808 2045 in
833 1943 1047 2085 Hispania
1081 1943 1289 2045 secundus
1325 1950 1425 2042 loco
1455 1941 1608 2082 Regiis
1635 1944 1812 2082 Legatis
1847 1985 1922 2044 ce·

465 2094 576 2210 dat,
611 2094 657 2192 id
694 2086 893 2190 officium
930 2127 1023 2188 non
1060 2088 1200 2189 modo
1236 2086 1291 2183 de
1327 2084 1546 2224 dignitate
1583 2096 1672 2215 ejus
1710 2084 1825 2186 nihil
1860 2129 1923 2189 es-

463 2277 506 2335 se
543 2237 835 2335 detracturum
871 2231 1131 2352 confirmat,
1162 2230 1236 2330 sed
1272 2231 1466 2332 multum
1502 2227 1637 2333 etiarn
1672 2231 1729 2330 ad
1763 2228 1925 2331 huma÷

465 2379 613 2480 nitatis
651 2415 693 2478 et
728 2379 917 2508 justitiae
951 2371 1116 2476 famam
1152 2377 1446 2505 adjectutum.

467 2594 472 2604 ·
536 2533 618 2622 IX.
692 2522 776 2623 His
812 2557 855 2621 et
889 2520 1045 2621 talibus
1089 2519 1238 2620 verbis·
1286 2558 1503 2658 persuasus
1537 2519 1934 2657 Methymnensis,

466 2706 510 2766 se
546 2703 653 2765 vero
691 2663 808 2765 haud
844 2704 1009 2806 magno
1060 2664 1108 2763 in
1155 2662 1404 2764 discrimine
1453 2704 1616 2806 ponere
1666 2668 1932 2806 respondits

467 2810 843 2950 constitutumque
877 2844 972 2932 est,
1007 2844 1056 2908 ut
1092 2807 1301 2948 postridie
1350 2809 1398 2909 in
1451 2850 1554 2910 curn
1589 2808 1738 2909 locum
1790 2811 1926 2910 utris-

467 2993 557 3093 que
609 2954 885 3094 progressis,
919 2952 1153 3095 negotium
1203 2951 1360 3051 tradita
1409 2955 1555 3053 Maria
1606 2953 1918 3054 conficeretur.

467 3099 548 3196 Sed
584 3105 742 3199 Pacem
779 3105 1024 3238 Augustam
1073 3135 1265 3197 reversus
1301 3095 1647 3233 Methymnensis
1675 3175 1696 3216 ,.
1726 3137 1835 3224 qum
1872 3136 1920 3197 ο·Δ
1977 3138 1984 3222 ,ῑ

468 3239 588 3340 mnia
624 3236 745 3341 fratri
779 3241 1027 3342 Olivarensi
1062 3242 1231 3342 Comiti
1266 3281 1535 3382 suorumque
1569 3242 1723 3381 primis
1760 3280 1921 3382 propo-
1967 3302 1972 3397 ,³

468 3385 653 3502 suisset,
688 3385 903 3486 incusatus
938 3381 995 3484 ab
1032 3383 1091 3484 eis
1128 3421 1228 3506 est,
1260 3388 1385 3527 quod
1421 3387 1489 3486 uir
1526 3426 1583 3485 eo
1630 3380 1825 3485 familiae
1876 3426 1922 3484 ae

466 3527 738 3668 Principatus
775 3530 1001 3670 splendore
1037 3563 1079 3628 et
1114 3530 1405 3668 amplitudine
1445 3529 1691 3671 quidquam
1745 3530 1803 3626 de
1850 3567 1924 3627 sua
1957 3508 1961 3545 ἶ

464 3668 680 3810 ‘dignitate
714 3683 894 3814 jureque
948 3674 994 3773 in
1046 3707 1116 3772 tot
1164 3672 1399 3774 hominum
1449 3709 1707 3793 conventu,
1743 3706 1925 3812 tamque
1937 3685 1950 3808 j

465 3811 628 3914 celebri
663 3818 849 3916 duarum
884 3819 1119 3919 nationum
1154 3856 1389 3960 congressu
1425 3818 1686 3937 remittere,
1723 3816 1942 3953 animum]

464 3954 731 4078 induceret,
766 3960 903 4102 idque
960 3959 1130 4060 blandis
1166 3963 1303 4062 Ducis
1339 3961 1550 4103 Brigantii
1585 3959 1763 4077 verbis,
1797 3954 1933 4061 fictad³

463 4140 552 4240 que
602 4103 802 4204 oratione
854 4105 1093 4223 inductus,
1130 4141 1173 4203 et
1226 4100 1335 4205 falso
1387 4145 1654 4246 persuasus,
1692 4099 1924 4209 Lusitanol

380 4324 382 4331 .
462 4251 649 4383 Legatos
686 4288 772 4348 esse
809 4248 995 4371 missos,
1017 4290 1061 4349 se
1097 4288 1206 4347 vero
1241 4285 1282 4352 et
1311 4248 1701 4392 Carthaginensem
1738 4247 1912 4386 Episcor

460 4423 572 4525 pum
607 4391 800 4527 privatos
837 4394 1020 4512 venite,
1061 4430 1292 4531 propterea
1327 4396 1453 4533 quod
1489 4395 1537 4492 in
1573 4389 1725 4493 Caroli
1762 4404 1904 4533 Caesq

458 4529 514 4629 ris
550 4532 791 4671 diplomate
826 4538 981 4676 Legati
1017 4576 1108 4638 non
1144 4535 1491 4677 appellarentur,
1530 4537 1655 4676 quasi
1691 4572 1801 4635 vero
1839 4530 1896 4646 Rl

456 4675 522 4815 gis
559 4673 722 4799 verba,
761 4717 934 4783 ernon
982 4719 1048 4803 tes
1098 4681 1191 4820 ipsa
1244 4681 1391 4820 potius
1441 4719 1691 4820 munusque
1727 4647 1890 4929 Legan

478 4889 480 4894 ,
1819 4861 1843 4917 e
