4102 5864
506 407 603 502 390.
848 444 871 485 ,·
910 396 1007 485 ΠΕ
1038 397 1245 489 R‘EBUS
1293 396 1533 485 GESTIS,

460 552 544 674 sis,
569 588 620 654 ut
657 586 836 653 murum
872 547 1179 677 defensoribus·
1207 552 1440 653 nudarent.
1480 560 1746 693 Coeptaque
1781 593 1809 655 a
1844 589 1930 656 ter-

460 738 508 798 ra
551 737 718 839 magno
768 697 940 839 impetu
985 695 1262 837 oppugnatio
1312 729 1415 802 ests
1452 735 1479 795 a
1521 696 1631 795 mari
1678 696 1801 800 enim
1845 738 1932 802 nec

462 841 690 981 quatiendi
734 835 912 942 facultas
954 874 1042 940 erat
1076 915 1090 957 ,
1126 878 1206 938 nec
1242 836 1509 938 invadendi.
1561 841 1643 939 Sed
1686 878 1789 938 cum
1836 839 1927 941 fre-

465 980 699 1124 quentibus
736 984 1064 1084 tormentorum
1099 983 1192 1084 telis
1230 1019 1380 1082 murus
1416 1015 1750 1098 concuteretur,
1772 1019 1932 1087 tamen

464 1160 651 1265 operum
717 1123 943 1227 firmitudo
1001 1164 1185 1226 omnem
1241 1122 1666 1226 administrationem
1721 1123 1931 1228 tardabat

461 1260 855 1410 frustrabatutques
892 1307 995 1369 nam
1016 1309 1065 1367 ea
1096 1306 1216 1408 pars,
1236 1307 1325 1408 qua
1354 1306 1472 1370 mare
1497 1267 1777 1389 intermittit,
1808 1308 1930 1410 quae

461 1445 726 1572 perangusta
780 1446 843 1509 est
870 1453 899 1524 ·,
946 1410 1110 1552 duplici
1156 1411 1368 1510 latissimo
1418 1448 1595 1529 muro,
1635 1449 1678 1513 et
1715 1451 1769 1511 eo
1815 1446 1935 1512 terra

327 1550 330 1553 ‘
464 1551 722 1656 lutrinsecus
757 1588 935 1694 aggesta
982 1555 1037 1652 ad
1082 1570 1305 1653 summum
1347 1587 1538 1692 aequato
1587 1553 1757 1652 munita
1801 1564 1932 1656 erati

466 1707 674 1800 Ceterum
711 1693 852 1796 diruta
894 1732 1025 1834 parte·
1054 1694 1206 1812 muri,
1239 1692 1404 1832 placuit
1440 1693 1735 1834 irruptionem
1779 1730 1933 1795 tenta-

465 1872 541 1954 re,
577 1838 712 1978 idque
727 1892 730 1899 ¹
747 1873 910 1956 noctu,
950 1862 1126 1937 auctore
1163 1835 1445 1976 potissimum
1481 1837 1658 1941 Andrea
1692 1835 1863 1949 Dona,
1891 1837 1930 1940 si

463 1972 575 2079 forte
610 1979 862 2120 proximam,
894 1979 1050 2079 turrim
1085 1980 1228 2080 castris
1243 2069 1247 2076 .
1265 1979 1605 2099 imminentem,
1625 2019 1740 2120 quae
1760 2014 1805 2082 et
1833 1980 1930 2119 ipsa

464 2156 745 2262 conquassata
779 2159 891 2262 erat,
926 2161 1138 2262 occupare
1175 2132 1385 2262 possents
1427 2123 1501 2222 sed
1537 2159 1720 2223 conatus
1761 2118 1923 2222 frustra

463 2255 593 2384 fisis,
629 2262 856 2402 nostrique
879 2272 1000 2362 cum
1042 2264 1265 2404 sexaginta
1312 2263 1482 2363 circiter
1524 2264 1718 2366 militum
1762 2274 1927 2397 jactura

464 2405 613 2533 rejecti
633 2457 663 2524 ,¹
685 2443 877 2545 quorum
918 2405 1061 2543 capita
1097 2406 1305 2545 postridie
1340 2402 1471 2505 hastis
1514 2402 1648 2505 infixa
1689 2407 1746 2507 ad
1784 2441 1925 2505 terro⁴

466 2583 574 2647 rent.
592 2581 636 2646 et
671 2547 1007 2648 ostenta'tionem
1036 2544 1188 2647 ¹hostes
1209 2545 1270 2646 in
1293 2584 1435 2646 wmuro
1470 2542 1740 2654 collocarunt
1761 2588 1775 2655 3
1801 2582 1857 2648 ur
1886 2547 1925 2647 i-

462 2685 581 2828 gitur
617 2689 911 2830 oppugnatio
938 2681 1222 2790 commodius
1244 2722 1303 2789 'et
1338 2698 1507 2821 majore
1547 2699 1758 2828 apiparatu
1801 2727 1923 2829 repe·

463 2863 650 2949 teretur,
690 2832 885 2932 triremes
921 2832 1110 2932 diversae
1144 2830 1418 2971 Neapolim,
1457 2866 1502 2930 et
1537 2830 1584 2930 in
1618 2831 1809 2931 Siciliam
1838 2842 1923 2932 Go-

335 3078 337 3082 Α
464 2970 687 3111 lotamque
736 2972 979 3114 globorum
1030 2972 1420 3076 tormentariorum
1472 2971 1752 3116 pulverisque
1802 3010 1923 3072 causa

469 3113 701 3215 dimissae.
1179 3220 1181 3223 ,
1231 3166 1234 3211 :
1426 3171 1432 3215 ς
1536 3125 1541 3166 ³
1587 3167 1630 3239 ῃ
1692 3169 1695 3172 ·

539 3263 688 3354 [ΧΧ.’
759 3263 839 3355 Pet
871 3254 956 3356 hos
992 3255 1084 3357 dies
1118 3264 1324 3359 Harenus
1358 3267 1455 3358 Rex
1489 3251 1678 3358 Tunetis
1694 3332 1709 3375 ,
1726 3254 1810 3396 qui
1828 3292 1927 3358 cum

470 3403 637 3499 Bucaro
671 3395 761 3499 filio
803 3403 1028 3537 Joannem
1063 3407 1239 3539 Vegam
1284 3439 1336 3539 ea
1369 3397 1514 3501 Sicilia
1550 3433 1714 3500 secutus
1760 3393 1926 3512 literar,

254 3631 261 3643 .
379 3671 380 3674 Ν
471 3538 637 3640 morbo
673 3575 894 3680 correptus
937 3542 998 3641 in
1030 3542 1175 3639 castris
1221 3578 1413 3641 mortem
1455 3537 1630 3642 obivit.
1679 3540 1774 3640 Hic
1809 3541 1930 3642 enirn

470 3681 619 3820 paucis
660 3717 760 3782 ante
794 3682 916 3783 annis
951 3680 1008 3783 ab
1052 3692 1247 3783 Hameto
1275 3681 1390 3785 ‚filio
1410 3681 1546 3789 oculis
1581 3708 1660 3821 per
1701 3719 1932 3784 summum

473 3817 593 3922 nefas
629 3857 673 3922 et
709 3823 964 3965 plusquam
1006 3822 1235 3927 barbaram
1284 3823 1648 3929 inhumanitatem
1698 3826 1936 3965 privatus,

472 3972 719 4107 Regnoque
763 3956 905 4104 pulsus
949 3966 1005 4065 ad
1050 3967 1197 4068 Caroli
1241 3971 1433 4071 Caesaris
1469 3966 1602 4073 fidem
1638 3965 1935 4108 configent,

470 4143 515 4208 et
550 4106 606 4208 ab
641 4149 696 4209 eo
732 4108 781 4207 in
815 4100 1006 4210 Siciliam
1042 4109 1214 4231 redire,
1257 4106 1310 4210 et*
1335 4110 1401 4213 ibi
1434 4110 1696 4227 reductionis
1733 4146 1934 4252 tempus,

470 4248 511 4350 ai
546 4245 663 4368 forte
697 4251 907 4375 daretur,
942 4289 1179 4393 exspectare
1214 4261 1383 4385 jussus,
1427 4245 1693 4356 cumfratre
1736 4266 1939 4356 Bucam*

470 4424 561 4530 que
595 4392 693 4492 filio·
721 4393 871 4521 Caroli
907 4397 1101 4528 ejusdem
1137 4396 1345 4537 impensis
1359 4450 1366 4497 ;
1380 4395 1577 4502 alebatur
1594 4447 1637 4500 :aa
1698 4451 1701 4455 ¹

546 4542 710 4635 LXXl.
768 4547 986 4660 Interea,
1020 4541 1130 4640 dum
1164 4540 1303 4641 nostri
1320 4593 1323 4599 ·
1338 4541 1519 4682 agendis
1554 4536 1767 4648 cuniculis
1804 4576 1941 4681 aperd

467 4665 560 4797 ris,
575 4715 694 4820 :quo
736 4710 967 4785 tormenta·
994 4683 1190 4826 propius
1211 4720 1392 4789 mutum
1428 4685 1802 4811 admoverentur,
1842 4716 1941 4785 sunt

493 4875 495 4880 ,
1855 4863 1938 4926 oc,
