4170 5866
574 420 823 501 ennom
873 420 925 501 v.
955 420 1087 502 urs.
1129 426 1285 505 xxn.
1519 446 1601 538 195

187 575 422 684 altissimus
455 611 517 676 est
539 571 682 718 iquos
717 575 825 676 auio
865 578 1202 718 nonnumquam
1235 575 1383 717 pasci,
1406 619 1636 724 argumen-

185 754 235 819 to
277 756 378 822 sunt
414 759 542 821 aurea
593 757 726 860 grana
774 715 824 817 in
874 753 1055 858 gutture
1090 721 1388 859 quorumdam
1435 726 1630 866 reperta:

181 900 284 964 sunt
319 898 466 967 autem
489 857 586 962 fere
620 858 825 979 librales,
860 896 962 960 cum
998 895 1183 973 turtures
1209 863 1306 963 alat
1345 864 1459 966 lacus
1510 870 1629 975 idem

180 1005 446 1106 tricenamm
480 997 615 1103 etiam
643 1000 907 1108 librarums
943 1042 1039 1103 nec
1073 1004 1234 1106 mirum
1248 1057 1272 1123 Ν,
1306 1043 1410 1105 nam
1458 1010 1506 1108 in
1541 1021 1627 1112 La-

181 1145 249 1246 tio
287 1147 481 1278 ejusdem
517 1143 762 1285 Cisalpinae
797 1142 961 1246 Galliae
1010 1145 1109 1243 lacu
1156 1148 1425 1246 centenarios
1465 1155 1627 1288 prove-

181 1287 276 1387 nire
311 1287 464 1386 Paulus
500 1285 661 1421 jovius
708 1294 800 1415 ejus
849 1285 996 1386 accola
1032 1287 1387 1388 Novocomensis
1428 1326 1496 1396 est
1545 1333 1626 1394 au-

181 1465 279 1531 ctor
304 1426 363 1527 in
396 1426 511 1530 libro
546 1429 601 1528 de
636 1430 850 1547 Piscibus,
885 1426 1048 1528 nobilis
1076 1429 1301 1569 scriptor,
1335 1429 1415 1569 qui
1449 1469 1624 1538 nostrae

180 1569 421 1673 memoriae
455 1569 744 1670 universalem
777 1567 1006 1668 historiam
1042 1606 1287 1708 persecutus
1322 1607 1410 1670 est.
1502 1574 1504 1579 ’

250 1723 327 1812 VI.
396 1711 508 1810 lllud
531 1708 726 1852 vquoque
760 1710 895 1808 nostti
929 1710 978 1809 in
1013 1722 1202 1811 Benaco·
1234 1712 1437 1814 demirati
1480 1724 1589 1816 sunt
1601 1793 1617 1837 ,
1678 1752 1682 1763 ’

180 1855 304 1994 quod
326 1892 431 1994 quas
450 1851 665 1992 Hispania
696 1888 797 1952 cum
817 1852 1062 1951 Columella
1082 1859 1264 1956 Sardinia
1297 1890 1458 1973 vocat,
1479 1856 1527 1955 in
1559 1898 1623 1957 ce-

178 2032 270 2096 tero
307 1994 414 2096 orbe
449 1995 716 2094 marinarum
750 2030 958 2132 aquarum
995 1993 1189 2118 incolas,
1214 1993 1290 2094 has
1325 1995 1374 2095 in
1410 2037 1464 2095 eo
1500 2034 1620 2097 natas

179 2170 516 2275 conspexerunt3
543 2169 587 2235 et
621 2137 745 2273 quod
769 2136 934 2233 circum
969 2137 1175 2237 eumdem
1199 2137 1342 2239 lacum
1378 2176 1470 2238 non
1506 2139 1621 2238 oleas

178 2281 317 2378 modo
353 2311 521 2418 praeter
556 2277 738 2418 algentis
771 2275 962 2415 regionis
997 2276 1231 2399 naturam,
1261 2281 1335 2379 sed
1370 2281 1521 2378 cineas
1556 2316 1621 2380 et·

178 2419 266 2521 iam
301 2420 509 2540 arbores,
546 2418 799 2533 aurantias,
833 2452 885 2516 et·
913 2417 1094 2518 limonia
1131 2421 1359 2558 provenire
1395 2458 1622 2558 compere-

178 2596 303 2660 runt.
342 2563 522 2702 Opinor
558 2561 678 2702 quia
696 2574 882 2660 Benacus
918 2596 998 2699 pro
1034 2563 1316 2662 multitudine
1348 2597 1618 2702 receptarum
1762 2624 1765 2628 ,

177 2740 386 2842 aquarum
422 2707 558 2834 (nam
583 2700 803 2802 Mincium
829 2740 1008 2841 quoquc
1033 2702 1216 2802 fluvium
1248 2704 1406 2842 accipit
1440 2739 1484 2801 et
1519 2706 1621 2804 red-

178 2845 276 2978 dit)
313 2843 511 2945 nonnihil
546 2846 602 2947 ad
636 2842 768 2942 maris
802 2878 1003 2941 naturam
1055 2841 1252 2963 accedit,
1279 2879 1465 2984 propter
1512 2881 1620 2944 cau-

176 3021 238 3084 sas
288 3023 402 3124 quae
451 2985 667 3087 salsedinis
719 3020 763 3084 et
806 2985 958 3084 caloris
1007 2986 1277 3086 marinarum
1328 3020 1543 3125 aquarum
1591 3024 1618 3085 a

171 3125 447 3267 Philosophis
481 3130 747 3246 redduntur,
778 3163 892 3267 quae
925 3165 1075 3226 causae
1110 3128 1257 3227 valent
1289 3130 1442 3228 eodem
1478 3129 1618 3226 modo

165 3262 219 3367 in
257 3306 443 3409 magnos
491 3271 643 3388 lacus,
679 3270 759 3408 qui
812 3269 925 3368 rivos
959 3304 1004 3367 et
1037 3267 1193 3369 fluvios
1242 3269 1456 3408 recipiunt
1494 3309 1504 3366 :
1542 3269 1617 3367 sed

158 3410 407 3510 discrimen
444 3410 587 3511 estin
623 3409 838 3549 paucitate
873 3445 917 3508 et
951 3410 1228 3509 multitudine
1251 3411 1469 3509 siccarum
1510 3447 1614 3508 eva-

140 3551 491 3687 porationum,
514 3591 641 3690 quae
690 3587 794 3651 cum
845 3551 1070 3690 vaporosis
1116 3592 1143 3650 a
1192 3551 1281 3650 sole
1329 3548 1376 3648 in
1430 3545 1616 3650 sublime

135 3723 334 3795 vtractae
368 3733 509 3794 rursus
544 3695 589 3793 in
624 3693 775 3835 pluvia
810 3693 1106 3811 descendunt,
1139 3727 1183 3792 et
1216 3690 1359 3790 fluviis
1393 3725 1525 3830 atque
1558 3692 1615 3788 ri-

127 3839 237 3936 vis
277 3837 332 3933 ad
368 3836 458 3935 ima
508 3831 758 3935 deferuntur
792 3873 803 3931 ε
837 3873 949 3973 quae
984 3872 1076 3973 quo
1126 3841 1311 3962 majores
1358 3867 1491 3949 sunt,
1528 3830 1615 3930 hoc

128 3977 372 4078 salsiores
408 4013 451 4077 et
486 3968 709 4076 calidiores
752 4014 885 4115 aquas
929 3977 1149 4094 reddunt,
1184 4013 1469 4114 quocumque
1515 3966 1615 4069 fue·

116 4123 264 4221 rint
302 4118 484 4256 perlatae
508 4196 524 4238 ,
547 4120 663 4217 unde
697 4117 811 4218 calor
846 4117 893 4217 in
927 4117 1148 4257 proximas
1182 4153 1310 4220 terras
1344 4152 1421 4254 per
1453 4110 1615 4211 subter·

116 4293 330 4363 taneos
367 4297 536 4362 meatus·
571 4294 904 4361 transmittitur.
1047 4306 1064 4318 ‘⁸

243 4412 342 4501 VH.
417 4402 599 4503 Carolus
635 4441 686 4500 ex
720 4402 906 4501 Piscaria
940 4401 1147 4536 postridie
1181 4393 1436 4539 profectus,
1468 4402 1618 4537 Vene-

123 4546 225 4642 tis
277 4551 339 4640 Le
372 4545 452 4642 atis
507 4539 852 4658 deducentibus,
888 4541 1018 4682 paulo
1069 4577 1169 4640 ante
1217 4540 1421 4640 Doltium
1469 4536 1620 4637 castel-

119 4679 267 4783 lum
302 4581 499 4788 Airtesim
538 4687 747 4818 trajecit,
781 4722 916 4824 quem
951 4681 1132 4802 fluvium
1166 4682 1329 4783 Veneti
1363 4676 1627 4821 temporario

139 4858 150 4865 ’
1109 4824 1219 4925 Bb2
1515 4857 1631 4960 pon-
