4124 5880
479 430 725 517 CAROLI
766 431 820 513 V.
865 433 980 512 LIB.
1022 435 1204 516 XVIII.
1485 451 1545 542 77

133 633 247 703 retur
286 640 296 699 :
335 635 449 737 quae
503 630 605 692 cum
646 592 703 690 ad
756 589 968 692 Carolum
1029 593 1231 732 quotidie
1273 596 1587 738 perferrentur,

132 784 213 845 nec
250 781 399 844 earum
436 737 571 839 ullam
606 731 813 874 probaret
836 773 849 842 3
870 736 1111 836 consultare
1148 779 1221 839 eos
1257 745 1379 870 jubet
1396 823 1411 865 ,
1431 789 1588 888 quern-

130 888 378 988 admodum
427 880 483 980 ab
529 878 660 978 initio
699 880 1000 1017 quorumdam
1052 878 1231 983 hortatu
1271 890 1588 1014 constituerat,

130 1072 243 1132 num
280 1029 363 1130 sibi
398 1024 640 1124 commoda
683 1023 796 1122 ratio
832 1023 1087 1145 videretur,
1125 1066 1261 1165 quarn
1307 1031 1399 1170 ipse
1445 1038 1588 1137 maxi-

132 1214 203 1276 me
241 1170 490 1314 probaret,
526 1165 669 1309 legem
704 1161 811 1265 ferre
847 1167 896 1268 in
933 1167 1104 1307 aliquot
1138 1210 1276 1270 annos
1313 1176 1368 1272 de
1417 1182 1505 1278 Sira
1540 1221 1589 1281 u-

132 1315 364 1420 niversalia
393 1314 453 1413 sic
489 1311 609 1413 enim
645 1349 767 1411 more
804 1346 957 1411 nostro
994 1350 1175 1414 vocatur
1210 1313 1457 1441 tributum,
1487 1364 1592 1429 cum
1699 1397 1704 1402 „

133 1463 191 1561 ad
227 1498 465 1561 commune
502 1494 649 1556 terum
686 1454 907 1556 venalium
943 1456 1137 1595 pretium
1175 1495 1310 1600 quota
1345 1502 1439 1602 pars
1476 1467 1590 1597 adji-

135 1605 291 1723 citur,
330 1644 444 1744 quae
480 1641 505 1698 a
541 1596 845 1700 venditoribus
880 1599 1111 1739 reposita,
1147 1600 1197 1703 in
1232 1644 1361 1706 usum
1397 1607 1592 1751 aliquem

135 1746 367 1889 publicum
402 1745 612 1846 fiscumve
649 1745 798 1845 cedat.
1023 1864 1025 1869 ‚

203 1901 319 1994 VIII.
395 1901 495 1988 Erat
532 1927 679 1990 autem
716 1887 822 1988 haec
857 1885 970 1989 ratio
1007 1890 1363 2032 expeditissima,
1399 1932 1443 1996 et
1479 1938 1591 2037 quae

131 2036 321 2136 minime
364 2032 569 2134 omnium
610 2034 803 2175 singulos
853 2069 1082 2174 gravatura
1128 2039 1384 2147 videretur3
1421 2043 1605 2182 quippe

132 2177 340 2281 omnibus
386 2186 597 2317 cujusque
640 2175 803 2278 ordinis
846 2177 1017 2318 aliquid
1061 2182 1265 2320 quotidie
1306 2220 1478 2324 propter
1523 2224 1589 2283 re-

132 2363 234 2424 rum
269 2322 598 2423 necessariarum
635 2320 883 2420 emtionem
918 2316 1272 2445 conferentibus,
1309 2363 1494 2468 quotam
1530 2329 1589 2428 il·
1661 2364 1668 2374 ·

133 2468 222 2569 lam
260 2507 428 2611 partem
463 2466 694 2567 communi
731 2466 871 2606 pretio
908 2468 1155 2598 adjectam,
1179 2468 1378 2590 infinite,
1415 2472 1488 2571 sed
1525 2473 1602 2572 la-'

134 2648 271 2713 tenter
308 2652 491 2714 crescere
527 2653 691 2714 necesse
727 2646 851 2717 erat3
889 2645 939 2709 ut
974 2609 1059 2710 hoc
1094 2612 1279 2754 vectigal
1314 2655 1407 2714 non
1443 2615 1589 2716 solum

134 2759 186 2857 ad
238 2798 349 2882 eas,
393 2799 508 2900 quae
551 2755 958 2898 proponebantur,
992 2749 1264 2854 difficultates
1306 2759 1590 2898 expediendas

135 2899 413 3003 suffecturum
450 2936 555 3000 esset
580 2940 592 3008 3
614 2903 688 3000 sed
720 2900 774 2999 ad
808 2897 973 2999 bellum
1003 2898 1137 2997 etiam
1174 2902 1440 3041 gerendum,
1464 2902 1592 3040 quod

135 3044 285 3145 animo
321 3044 505 3146 Carolus
542 3041 771 3187 agitabat,
790 3078 921 3185 atque
956 3043 1073 3142 ultro
1111 3043 1241 3144 etiam
1267 3045 1425 3144 Turcis
1461 3040 1593 3145 infer·-
1654 3146 1661 3153 ,

136 3227 175 3287 re
212 3191 524 3308 constituerat,
561 3189 597 3288 si
633 3186 738 3289 haec
775 3184 948 3289 facultas
983 3265 998 3307 ,
1030 3190 1409 3329 quemadmodum
1446 3230 1592 3330 spera-

134 3326 243 3453 bat,
264 3334 550 3477 contigisset,
570 3334 718 3433 multis
753 3343 844 3466 jam
881 3329 1064 3434 navibus
1095 3341 1150 3434 ad
1186 3332 1431 3474 equitatum
1466 3367 1594 3431 trans·

134 3480 404 3611 portandum
440 3477 610 3578 idoneis
660 3476 789 3610 hujus
826 3477 889 3575 rei
931 3476 1070 3619 gratia
1088 3468 1159 3578 'ex
1198 3478 1309 3576 mari
1344 3475 1597 3576 Britannico

133 3622 182 3719 ad
221 3659 350 3722 otanr
379 3621 615 3764 Hispaniae
639 3620 951 3762 internumque
983 3658 1099 3720 mare
1139 3621 1359 3722 deductis.
1402 3622 1483 3722 Sed
1510 3616 1599 3719 hoc

126 3799 271 3902 genus
308 3765 532 3910 vectigalis
570 3767 775 3867 omnium
822 3767 1068 3907 legatorum
1105 3764 1326 3864 sententiis
1368 3800 1469 3906 post
1504 3765 1602 3863 lon-

117 3943 243 4044 gam
279 3909 673 4052 disceptationem,
707 3944 758 4009 ut
794 3910 1102 4052 gravissimum
1141 3907 1440 4049 reipublicae,
1471 3945 1599 4046 repu-

114 4050 312 4149 diatum
348 4091 444 4175 est,
480 4093 578 4154 tum
631 4055 756 4195 quod
801 4094 906 4195 opes
953 4052 1103 4194 Regni
1142 4052 1264 4153 bellis
1309 4047 1602 4190 superioribus

107 4192 346 4295 exinaniti
377 4269 394 4317 ,
430 4196 489 4296 sic
526 4196 702 4341 penitus
746 4194 1002 4299 exhaustum
1046 4195 1101 4296 iti
1143 4237 1238 4295 non
1289 4191 1598 4317 dubitabatur,

107 4371 227 4438 turn
265 4341 482 4479 quoniam
517 4343 710 4483 aequatis
757 4342 964 4442 omnibus
1000 4339 1227 4440 ordinibus
1265 4336 1393 4468 hujus
1446 4335 1601 4440 tributi

112 4482 403 4606 collatione,
427 4484 649 4587 nobilium
686 4519 729 4585 et
764 4484 1048 4583 Sacerdotum
1084 4479 1339 4581 immunitas
1376 4517 1510 4623 atque
1547 4481 1600 4581 li-

114 4619 273 4725 bertas
309 4668 460 4730 contra
521 4670 692 4731 morem
743 4627 1029 4767 institutaque
1074 4633 1296 4760 majorum
1351 4623 1600 4725 labefactari

120 4799 263 4908 atque
297 4774 395 4875 tolli
432 4774 689 4878 videbatur.
746 4787 816 4875 De
852 4769 1108 4912 hac'igitur
1146 4771 1379 4874 communi
1421 4803 1599 4929 sentens

1549 4946 1611 5009 tra
