3998 5850
503 430 593 518 422
885 419 970 501 DE
1014 419 1221 499 REBUS
1262 417 1547 504 GESTIS

458 577 730 686 Metensibus
766 573 869 677 licta
915 584 1006 706 ejus
1042 573 1240 675 oratione
1276 573 1331 672 de
1371 572 1522 715 Regis
1575 584 1750 719 suoque
1795 575 1846 680 in
1881 577 1928 681 1-

458 767 558 891 psos
592 758 635 824 et
669 757 832 822 ceteros
865 716 1174 859 Imperatorios
1211 716 1388 816 clientes
1424 715 1571 817 studio
1618 756 1662 819 et
1706 761 1927 863 propensa

457 873 504 972 in
538 904 824 969 communem
873 863 1117 964 libertatem
1160 862 1432 961 asserendam
1467 862 1698 964 voluntate
1741 868 1917 1007 praedia

457 1013 619 1115 cantis.
665 1024 873 1150 Cumque
895 1048 945 1107 ea
978 1002 1131 1105 fraude
1167 1046 1194 1105 a
1229 1005 1411 1105 credulis
1444 1007 1750 1170 Metensibus,
1790 1046 1844 1111 ut
1874 1050 1918 1112 se

457 1155 565 1259 urbe
600 1154 866 1295 reciperent,
908 1150 1218 1293 impetrassets
1255 1185 1402 1290 portas
1448 1184 1496 1248 et
1532 1150 1778 1253 munitiora
1820 1155 1915 1256 loca

457 1336 611 1400 contra
645 1299 796 1398 datam
830 1294 966 1395 fidem
1021 1329 1233 1432 occupata
1271 1292 1493 1432 praesidiis
1526 1295 1711 1416 tenuit,
1741 1333 1786 1399 et
1820 1311 1915 1400 Rer-

456 1443 549 1584 ipse
586 1442 717 1605 paulo
755 1473 932 1581 post
896 1439 1051 1577 eodem
1088 1474 1376 1599 prqgresstrs,
1410 1373 1737 1580 quatriduoqtie
1773 1481 1913 1544 mora-

390 1697 392 1702 *
457 1624 579 1707 tus,
592 1581 800 1687 omnibus
835 1619 954 1683 arma
990 1580 1189 1699 tradere,
1216 1614 1260 1679 et
1294 1581 1342 1681 in
1373 1618 1520 1694 unum
1553 1580 1706 1683 locum
1744 1581 1911 1685 confer·

457 1768 502 1830 re
538 1729 705 1861 jussis,
740 1740 947 1828 Senatum
983 1724 1289 1888 populumque
1323 1724 1585 1865 compulit,
1618 1761 1668 1826 ut
1706 1726 1866 1827 dato
1850 1768 1909 1858 11

369 1987 372 1994 ,
458 1873 688 2004 rejurando
751 1911 795 1970 se
844 1868 893 1969 in
927 1868 1059 2007 ipsius
1095 1902 1311 2007 potestate
1346 1861 1441 1967 fore
1480 1869 1838 2007 pollicerentur,
1869 1906 1907 1971 tt

457 2014 769 2176 praesidium
757 2011 974 2152 imposuit
986 2087 1001 2130 ‚
1038 2020 1394 2150 Gonnorumque
1427 2005 1668 2151 praefecit,
1693 2010 1903 2155 similique

457 2158 564 2259 dolo
602 2193 670 2258 et
693 2155 743 2258 vi
795 2154 978 2256 Tullum
1043 2188 1088 2254 et
1122 2153 1412 2255 virodunum
1484 2189 1530 2254 et
1574 2152 1900 2299 Lotharingiam

457 2298 729 2440 occupavit,
768 2332 810 2398 et
845 2295 1105 2458 praesidia
1093 2295 1334 2436 imposuit
1402 2368 1429 2385 .-

527 2452 694 2543 XXIV.
767 2451 874 2540 Hoc
907 2438 1123 2582 cognito,
1157 2445 1544 2580 Argentoratenses
1596 2475 1641 2540 et
1685 2475 1898 2544 ceterae

454 2597 522 2719 jus
556 2620 754 2704 tractus,
795 2583 876 2724 qui
910 2617 973 2683 est
1008 2583 1091 2681 ad
1105 2579 1313 2683 Rhenum
1355 2620 1580 2702 amnem,
1616 2584 1897 2744 oppidasese

454 2730 691 2846 muniunt,
732 2727 867 2827 etad
902 2723 1267 2886 propulsandas
1255 2725 1432 2858 rnjurias
1468 2763 1698 2828 necessarra
1733 2765 1897 2868 compa·⁴
1985 2843 1989 2855 ‚

455 2909 578 2972 rant.
620 2882 714 2972 Rex
750 2867 1038 3011 Argentorati
1074 2865 1281 3027 potiundi
1317 2903 1392 3006 spe
1428 2868 1646 2999 dejectus,
1668 2869 1897 2972 multisdt-

407 3116 410 3119 .
455 3012 672 3114 1111111111
701 3010 878 3130 1111111,
918 3020 1227 3150 Haganoam,
1259 3007 1373 3109 inde
1408 3008 1721 3173 Vissiburgum
1765 3011 1898 3153 copias

456 3154 660 3262 1111111111
697 3190 974 3314 quacumque
1016 3184 1242 3293 pergeret,
1277 3187 1549 3253 commeatus
1586 3153 1832 3293 imperare,
1863 3188 1898 3252 et

456 3299 616 3440 siquod
652 3296 924 3438 oppidum
913 3331 1129 3454 imperata
1169 3296 1481 3414 detrectasset,
1519 3296 1612 3396 vim
1655 3293 1806 3398 afferre
1845 3328 1899 3394 at

455 3481 543 3583 que
577 3478 704 3582 agros
741 3436 968 3580 populari
1005 3437 1089 3536 His
1124 3433 1253 3537 rebus
1287 3436 1508 3598 cognitis,
1536 3438 1756 3539 Palatinus
1773 3517 1789 3560 ,
1807 3444 1899 3538 Mo·

456 3584 664 3744 guntinus
716 3579 1509 3699 11Τ1111111111,11111(3111111111
1556 3617 1600 3681 et
1649 3580 1901 3682 Vitembur

308 3740 312 3750 '
457 3764 601 3868 gensis
640 3723 862 3886 Principes
902 3722 1186 3832 Vormaciam
1178 3722 1501 3885 colloquendi
1542 3759 1605 3823 et
1619 3724 1902 3867 Reipublicae

456 3907 584 3969 causa
617 3868 931 3986 conveniunt,
968 3864 1388 4007 communicatisque
1428 3866 1666 3987 consiliis,
1702 3906 1904 3968 commu

456 4050 561 4113 nem
596 4008 860 4152 legationem
894 3943 951 4109 all
984 4020 1158 4170 Regem
1192 4010 1374 4111 mittunt
1422 4047 1651 4130 oratum,
1686 4045 1741 4111 ut
1776 4023 1905 4150 Impe-

456 4153 670 4256 ratoriae
637 4095 870 4252 ditionis
932 4151 1230 4320 Germanique
1282 4151 1474 4253 nominis
1509 4152 1773 4256 mortalibus
1807 4190 1904 4293 par-
1953 4179 1957 4188 '

456 4331 597 4416 ceret,
616 4331 660 4397 et
696 4293 855 4435 milites
890 4290 996 4396 ab
984 4294 1153 4424 injuriis
1188 4328 1230 4393 et
1256 4293 1470 4396 maleficio
1503 4293 1782 4460 prohiberet:
1816 4332 1908 4394 non

457 4443 653 4558 decere,
661 4476 763 4540 111
799 4476 887 4537 esse
921 4473 1266 4538 consentaneum
1299 4501 1317 4562 ,
1352 4444 1421 4539 11
1437 4441 1526 4603 qui·
1565 4481 1610 4542 se
1651 4438 1912 4542 Germaniae

457 4514 653 4684 libertati
682 4614 723 4681 et
757 4580 1007 4682 commodis
1042 4582 1211 4682 studere
1247 4581 1526 4722 praedicet,
1515 4621 1551 4683 rs
1586 4593 1912 4684 Germanorum

457 4721 646 4936 oppida
645 4758 756 4863 per
769 4722 864 4826 vim
899 4760 1128 4871 occuper,
1162 4758 1206 4829 et
1247 4762 1375 4867 agros
1418 4726 1686 4868 populetur:
1725 4726 1917 4872 precari,

1870 4901 1916 4967 ut
