4192 5858
484 448 726 532 CAROLI
763 451 817 531 V.
858 450 974 531 LIB.
1008 454 1152 534 xx11.
1415 475 1496 535 221

91 643 190 710 tum
224 599 282 707 ad
315 600 511 705 laborem
546 601 834 725 cohortatur,
870 640 914 703 et
949 642 1001 704 ex
1053 645 1169 746 equo
1206 604 1253 710 in
1287 609 1401 716 hanc
1450 657 1546 719 sen·

91 750 277 853 tentiam
313 780 376 846 est
411 744 646 846 allocutus.
711 773 713 776 ⁴

159 895 411 994 XXXVIII.
483 962 515 1005 „
530 897 580 986 In
615 923 825 1027 quantam
863 925 1009 988 rerum
1061 886 1344 1032 iniquitatem
1394 893 1543 1003 fraude

88 1030 397 1154 „Nomadum
434 1059 478 1126 ct
514 1027 698 1168 perfidia
732 1031 895 1132 redacti
931 1031 1103 1151 simus,
1139 1035 1222 1135 viri
1244 1089 1246 1093 ·
1267 1032 1434 1160 fortes,
1468 1082 1548 1144 vos

81 1175 223 1315 „ipsi
257 1170 387 1272 simul
423 1207 597 1271 mecum
632 1174 814 1273 videtis.
871 1177 1085 1308 Jumenta
1139 1178 1403 1307 sarcinaria,
1437 1223 1549 1324 quae

91 1393 125 1439 ,‚
142 1316 191 1416 in
225 1310 343 1451 bello
380 1314 436 1412 ad
472 1314 634 1414 multos
670 1355 770 1415 usus
808 1316 1039 1417 necessaria
1077 1353 1215 1437 sunt,
1253 1322 1371 1423 nulla
1421 1324 1549 1427 nobis

83 1535 122 1576 „
140 1487 373 1597 suppetunt
390 1478 411 1556 .‘
442 1457 670 1557 Nomades
707 1457 824 1557 enim
864 1535 879 1577 ,
911 1459 989 1598 qui
1025 1458 1079 1557 de
1114 1459 1168 1558 iis
1203 1458 1434 1567 liberaliter
1468 1509 1551 1569 no-

81 1677 121 1722 „
139 1599 207 1701 bis
244 1596 564 1738 promiserant,
603 1598 738 1698 fidem
773 1594 1016 1699 fefellerunt
1049 1639 1062 1708 3
1093 1640 1174 1700 nec
1211 1640 1272 1703 est
1297 1608 1424 1707 unde
1460 1610 1551 1714 emi

90 1819 126 1866 ‚,
145 1742 342 1878 possint,
359 1774 435 1840 aut
470 1737 572 1837 alias
608 1741 879 1882 comparari.
923 1754 1073 1882 Itaque
1111 1783 1213 1844 cum
1249 1747 1340 1848 sine
1374 1758 1551 1882 jumen-

77 1961 119 2007 „
135 1883 226 2003 tis,
261 1922 339 2013 nec
374 1917 593 1984 tormenta
627 1885 846 2022 ceterique
882 1879 986 1982 belli
1045 1922 1278 2022 apparatus
1328 1891 1551 2014 convehi,

77 2015 121 2150 ⁸„
136 2065 219 2126 nec
270 2061 543 2125 commeatus
591 2025 812 2166 deportari
869 2064 992 2163 posse
1044 2028 1312 2150 videantur,
1353 2034 1551 2136 detractis

83 2247 120 2292 „
139 2207 217 2308 per
253 2167 481 2267 Nomades
516 2168 762 2298 jumentis,
797 2159 1045 2268 facultatem
1081 2165 1186 2269 belli
1230 2175 1411 2312 gerendi
1461 2215 1548 2277 no-

91 2309 208 2434 „bis
258 2347 335 2448 per
387 2308 562 2411 eosdem
615 2310 812 2412 demtam
860 2348 947 2410 esse
996 2309 1133 2412 iidem
1185 2315 1470 2436 existimant,
1505 2354 1557 2435 et,

90 2533 124 2577 „
140 2493 216 2553 sua
266 2447 419 2551 fraude
455 2486 498 2552 et
535 2449 714 2592 perfidia
763 2487 921 2591 putant
972 2449 1173 2556 homines
1225 2455 1468 2579 levissimi,
1502 2501 1546 2562 se

93 2633 354 2738 „magnam
389 2593 575 2737 gratiam
611 2635 638 2693 a
672 2594 832 2695 nostris
859 2592 1056 2696 hostibus
1092 2595 1306 2699 inituros.
1348 2601 1437 2700 Erit
1473 2642 1548 2702 au-

78 2818 122 2862 „
136 2774 230 2840 tem
264 2773 429 2838 vestrae
477 2736 649 2837 virtutis
700 2773 744 2835 et
793 2735 1068 2856 industriae,
1101 2776 1248 2839 vestro
1299 2737 1464 2841 labore·
1503 2779 1550 2844 et
1589 2858 1594 2870 Ι

93 2880 372 3006 „tolerantia
408 2879 592 2980 istorum
626 2878 840 2979 versutiae
876 2915 920 2978 et
955 2878 1184 2982 sceleribus
1219 2920 1480 3002 occurrere,
1511 2920 1553 2985 et

79 3102 122 3147 2,
136 3024 297 3126 virtute
333 3017 613 3139 difficultates
649 3059 802 3123 omnes
849 3022 1039 3164 superari
1090 3022 1283 3133 docere3
1319 3028 1442 3166 quod
1490 3026 1553 3127 ita

95 3168 325 3290 „demum
369 3158 478 3284 fiet,
514 3166 548 3266 si
583 3201 782 3269 veterum
816 3175 1166 3284 Romanorum,
1206 3165 1283 3307 qui
1333 3209 1413 3268 suo
1466 3209 1551 3271 no·

86 3386 125 3434 „
139 3308 255 3409 mine
306 3343 349 3407 et
385 3306 539 3408 bellica
592 3308 735 3447 gloria
787 3304 945 3408 orbem
981 3341 1188 3409 terrarum
1240 3310 1543 3447 repleverunt,

91 3448 391 3589 „exemplum
443 3485 487 3549 et
538 3449 816 3549 tolerantiam
868 3448 1034 3549 imitari
1067 3526 1083 3569 ,
1120 3484 1171 3549 ut
1221 3447 1425 3575 debetis,
1461 3489 1554 3553 non

86 3591 439 3734 „gravabimini
467 3629 479 3697 3
521 3589 682 3732 quibus
715 3590 929 3694 Romanis
964 3590 1216 3731 legitimum
1251 3627 1341 3691 erat
1377 3592 1422 3692 in
1458 3590 1555 3691 bel-

82 3813 128 3864 ,‚
143 3737 234 3854 lis,
272 3770 321 3836 ut
358 3732 518 3836 milites
564 3774 669 3836 cum
718 3734 852 3836 armis
901 3732 1144 3833 multorum
1180 3735 1349 3845 dietum
1400 3732 1558 3835 cibaria

77 3875 231 4004 „sibi
275 3877 492 4017 quisque,
527 3910 748 4017 praeterea
782 3870 1040 3978 ferramenta
1075 3875 1247 4015 aliaque
1290 3877 1558 3976 instrumen-

77 4098 124 4149 :a
145 4055 192 4118 ta
229 4020 285 4117 ad
319 4019 592 4125 caedendum
630 4055 674 4120 et
708 4014 972 4119 fodiendum
1007 4052 1230 4158 castraque
1267 4016 1560 4120 muniendum

77 4241 121 4288 ‚,
137 4161 374 4263 necessaria
427 4164 753 4304 deportarent,
790 4199 883 4302 quo
941 4162 1087 4261 labore
1143 4195 1306 4260 sumtus
1363 4156 1560 4298 publicus

77 4383 124 4433 ³,
142 4302 460 4426 minuebatur,
496 4338 574 4424 et,
614 4305 738 4443 quod
774 4305 965 4403 multum
1001 4301 1125 4402 addit
1161 4300 1340 4400 militari
1375 4297 1559 4419 robori,

77 4485 324 4585 „corpora
362 4448 557 4548 militum
593 4442 893 4565 durabantur,
930 4478 973 4542 et
1009 4436 1298 4542 multifariam
1344 4438 1560 4582 reipubli-

77 4662 132 4716 „
152 4626 226 4686 cae
258 4589 592 4692 consulebatur.
631 4600 837 4688 Ceterum
874 4625 924 4685 ea
961 4583 1155 4724 provisio
1192 4583 1382 4725 perutilis
1429 4620 1562 4722 atque

77 4731 256 4852 „adeo
307 4731 542 4854 salutaris,
573 4765 621 4832 ut
654 4739 745 4866 jam
781 4728 891 4829 olim
926 4726 1062 4828 desita
1110 4726 1202 4847 sit,
1236 4766 1331 4829 non
1383 4725 1565 4962 meliorel

1112 4912 1113 4915 ¹
1449 4939 1480 4983 ,‚
1495 4903 1548 4962 ve
