4042 5864
526 539 627 615 mm,
650 551 736 624 quae
761 528 899 628 polliciti
923 523 1055 602 fuerant
1068 579 1079 615 ‚
1092 552 1187 628 prae-

526 651 634 704 stant.
662 634 708 702 11.
726 654 806 700 220.

477 728 691 807 Norfolehius
722 733 806 802 Dux
848 727 997 828 Reginae
1028 728 1116 819 jussu
1152 727 1188 799 in

525 829 712 902 Huvietum
736 848 912 926 properat.
930 831 975 898 11.
992 848 1076 920 491.
1108 829 1188 918 Ejus

513 927 640 1025 'copiae
666 928 711 1000 ad
730 928 838 1000 hostes
864 928 957 1026 signa
973 924 1188 999 transferunt.

525 1035 573 1101 ΙΙ.
589 1047 677 1119 491.
709 1028 782 1125 Ipse
803 1048 919 1124 captus
951 1027 1042 1100 brevi
1066 1026 1188 1096 libera-

525 1148 584 1198 tur
595 1177 606 1211 ,
630 1145 664 1197 et
683 1149 717 1198 re
738 1124 860 1198 infecta
874 1125 1069 1197 londinum
1083 1147 1187 1196 rever·

525 1227 627 1297 titur.
652 1230 698 1295 II.
713 1245 797 1316 491.
829 1227 874 1294 V.
891 1223 1066 1316 Narfolciae.

475 1323 668 1402 Norfolciae
701 1327 809 1395 Ducis
851 1321 952 1393 frater
990 1320 1189 1394 catherinae

506 1486 507 1491 ,
525 1422 701 1498 Havardae
717 1422 867 1494 Henrico
893 1421 1082 1492 Britanniae
1098 1420 1187 1517 Regi

509 1541 650 1619 nuptae
666 1546 800 1619 parens.
825 1527 871 1592 II.
889 1542 974 1612 471.
1002 1523 1047 1590 V.
1067 1517 1189 1612 Norfel·

512 1625 626 1694 abiut.

477 1719 700 1816 Norimberga
716 1716 794 1787 urbs
807 1719 878 1794 ..11.
907 1739 986 1810 31¹·
1003 1735 1037 1785 et
1053 1717 1139 1806 418.
1161 1765 1163 1772 ,

476 1818 639 1916 Notlinga
668 1815 854 1913 oppidum.
883 1821 930 1886 Il.
956 1816 1036 1906 287.
1065 1812 1188 1886 Praesi-

509 1917 623 1988 dium
648 1915 692 1986 ab
715 1914 866 2011 hostibus
892 1912 1024 1985 missum
1049 1912 1187 2007 recipit.

527 2021 576 2093 ΙΙ.
607 2014 688 2083 288.
724 2011 783 2084 nd
803 2036 876 2083 earn
902 2013 1021 2084 urbem
1046 2013 1189 2083 Carolus

529 2131 777 2186 castrametatur
787 2162 804 2190 .,
821 2114 867 2180 11.
884 2136 901 2180 1
907 2131 964 2197 90.
991 2111 1080 2181 Urbs
1105 2109 1188 2198 ejus-

528 2238 595 2308 que
627 2236 686 2281 arx
724 2235 742 2280 a
778 2211 903 2280 Carolo
940 2210 1116 2307 recipitur.
1140 2212 1186 2277 Il.

534 2333 612 2406 3⁰1·
646 2308 703 2379 Ab
725 2308 873 2380 hostibus
902 2312 1016 2380 Caroli
1041 2306 1188 2380 Caesaris

529 2433 586 2506 per
606 2404 809 2477 deditionem
835 2407 981 2502 capitur.
999 2412 1045 2478 II.
1061 2427 1146 2497 417.

481 2506 726 2582 Northantonis
768 2509 893 2576 Comes
927 2504 971 2573 ah
1010 2503 1187 2577 Arundelli

514 2604 664 2683 ‚Comite
685 2603 937 2699 comprehensus
949 2604 982 2674 in
1004 2627 1112 2674 arcem
1124 2627 1187 2673 cu-

525 2702 642 2776 stodiri
652 2701 798 2790 jubetur.
815 2703 947 2793 II.482.
969 2699 1186 2773 Suffolchium

516 2807 663 2883 ,Ducem
692 2799 793 2884 odit,
827 2820 859 2870 et
880 2796 923 2870 ad
950 2802 1018 2892 ejus
1039 2799 1185 2872 furorem

526 2899 772 3000 reprimendum
790 2923 809 2968 a
829 2901 959 2996 Regina
974 2925 1053 2971 curn
1076 2922 1185 2970 arma-

525 3019 561 3070 ta
584 3022 687 3070 manu
715 2998 882 3068 mittitur.
912 3004 959 3069 11.
985 3000 1069 3090 489.
1107 2994 1186 3067 Suf-

1281 541 1411 605 cens'em
1436 531 1605 603 Comitem
1643 527 1762 603 filium
1806 527 1961 601 Eduvar·

1282 632 1362 703 dem
1395 629 1440 700 ad
1475 631 1618 711 Mariam
1646 628 1898 712 accersendam,
1916 649 1955 700 et

1284 732 1454 804 volentem
1486 749 1543 799 aut
1579 729 1723 801 invitam
1761 728 1947 802 Londinum

1284 826 1516 902 deducendam
1540 829 1664 900 mittit.
1691 829 1739 896 11.
1771 834 1861 920 476.
1883 833 1946 903 Re·

1283 931 1333 1028 gis
1364 946 1510 1000 mortem
1535 927 1640 1000 biduo
1665 929 1781 998 celat.
1812 933 1859 999 11.
1874 933 1947 1020 476.

1284 1033 1448 1123 Joannam
1474 1051 1597 1098 numm
1611 1026 1710 1120 quasi
1735 1027 1906 1125 Reginam
1920 1028 1952 1096 in

1285 1131 1399 1199 Turrim
1419 1124 1579 1198 deducit.
1605 1129 1651 1197 11.
1667 1149 1754 1218 477.
1785 1128 1951 1198 Manuset

1284 1248 1381 1296 naves
1409 1225 1563 1296 adversus
1591 1225 1741 1297 Mariam
1769 1243 1949 1322 comparat.

1283 1329 1331 1395 ΙΙ.
1350 1325 1434 1416 478.
1467 1324 1591 1420 Copias
1605 1325 1674 1420 ipse
1697 1347 1784 1393 curn
1807 1345 1950 1396 tormen-

1283 1423 1325 1495 tis
1351 1443 1385 1492 et
1404 1421 1524 1493 bellico
1539 1440 1702 1518 apparatu
1718 1421 1882 1495 deducit.
1907 1429 1949 1495 Il.

1283 1542 1367 1615 479.
1395 1525 1530 1592 Senatus
1553 1521 1730 1616 epistolam
1749 1524 1883 1618 accipit,
1896 1547 1949 1594 et-

1273 1645 1351 1716 que
1379 1621 1553 1717 perlecta.
1567 1643 1600 1690 se
1631 1621 1768 1692 Mariae
1799 1623 1948 1718 imperata

1271 1718 1478 1791 -obedienter
1504 1716 1673 1792 facturum
1689 1721 1893 1814 pollicetur.
1907 1726 1946 1791 ll.

1283 1820 1368 1910 480.
1387 1837 1421 1888 et
1437 1818 1523 1907 481.
1557 1822 1591 1888 A
1613 1820 1750 1908 Joanne
1773 1821 1947 1915 praetoria·

1284 1940 1347 1990 nae
1362 1915 1509 1989 cohortis
1530 1927 1657 1999 Getta,
1688 1940 1753 1988 seu
1790 1917 1947 2015 praefecto

1285 2016 1466 2089 retinetur.
1498 2017 1545 2083 ΙΙ.
1568 2015 1657 2105 481.
1689 2020 1789 2086 Cum
1805 2018 1903 2090 fratre
1918 2036 1947 2086 et

1273 2134 1433 2210 quatuor
1458 2111 1533 2186 filiis
1548 2113 1592 2185 ab
1609 2115 1798 2187 Arundelli
1819 2116 1948 2190 Comite

1284 2211 1539 2310 comprehensus
1571 2213 1606 2283 in
1639 2236 1757 2283 arcem
1798 2214 1947 2288 custodiri

1284 2313 1437 2404 jubetur.
1473 2314 1520 2381 11.
1542 2313 1629 2401 482.
1663 2314 1791 2408 Capite
1815 2315 1946 2385 1111001-

1286 2430 1361 2481 tur.
1381 2412 1428 2480 II.
1443 2410 1528 2502 483.
1553 2411 1641 2484 Ritu
1667 2412 1851 2484 Catholico
1876 2416 1945 2482 Eu·

1286 2508 1474 2582 charistiam
1501 2531 1579 2579 curn
1607 2506 1761 2581 criminis
1779 2512 1866 2583 sociis
1888 2533 1945 2580 su-

1287 2608 1372 2678 mit.
1403 2611 1450 2676 II.
1478 2607 1562 2700 483.
1590 2605 1653 2676 Ad
1676 2631 1789 2679 necem
1808 2614 1841 2679 in
1864 2631 1942 2704 sug-

1286 2721 1416 2803 gestum
1432 2704 1616 2801 productus
1632 2706 1818 2779 orationem
1830 2706 1873 2777 ad
1883 2729 1943 2801 po·

1287 2806 1407 2901 pulum
1423 2803 1544 2874 habet.
1568 2808 1617 2872 11.
1641 2806 1736 2898 483.
1757 2808 1858 2880 Flexis
1885 2827 1941 2902 gt·

1275 2902 1385 2974 nibus
1413 2905 1527 2972 Deum
1553 2924 1737 2974 veneratus
1762 2930 1865 2978 secun
1880 2926 1941 2975 cer·

1286 3001 1394 3070 vicem
1409 3000 1589 3097 supponit.
1608 3006 1656 3070 11.
1669 3005 1762 3093 486.

524 3096 687 3170 folchium
704 3099 836 3166 Ducem
859 3098 1017 3168 latentem
1047 3094 1185 3178 invenit,
1237 3099 1383 3173 Novaria
1403 3116 1627 3195 expugnatur.
1653 3103 1687 3168 Ι.
1712 3122 1826 3194 13o.et
1846 3118 1916 3190 149.

525 3213 731 3292 captumque
749 3193 944 3268 Londinum
954 3196 989 3267 in
1001 3217 1109 3268 arcem
1132 3217 1186 3266 re·
1237 3196 1447 3280 Novariensis
1464 3221 1522 3268 arx
1545 3196 1579 3266 in
1598 3198 1788 3271 Gallorum
1805 3219 1940 3298 potesta·

520 3293 644 3364 ducit.
672 3295 717 3363 ll.
733 3293 817 3383 489.
833 3313 867 3364 et
883 3315 967 3386 490.

1286 3317 1320 3366 te
1343 3313 1510 3366 remanet.
1539 3299 1566 3364 1.
1590 3297 1673 3367 128.

475 3389 719 3467 Northantonis
753 3392 906 3464 Marchio
935 3389 1186 3465 Northumber-
1235 3395 1547 3472 novumcastellum
1580 3392 1617 3464 in
1648 3420 1716 3468 ora
1753 3394 1942 3469 Dalmatiae·

523 3493 639 3564 lanum
669 3494 803 3562 Ducem
826 3490 993 3586 sequitur.
1028 3495 1075 3560 ΙΙ.
1101 3509 1184 3581 479.

1285 3495 1332 3564 11.
1350 3495 1409 3562 61.

524 3590 583 3663 ab
600 3589 774 3661 Arundelli
804 3590 938 3662 Comite
965 3589 1185 3685 comprehcn-
1237 3592 1441 3688 Nuburgum
1460 3589 1647 3686 oppidum.
1675 3593 1824 3663 11.128.

525 3711 579 3759 sus
595 3688 629 3757 in
646 3712 752 3759 arcem
777 3688 935 3760 custodiri
956 3688 1115 3778 jubetur.
1137 3691 1184 3757 11.
1236 3690 1378 3788 Nugnez
1395 3693 1526 3760 Ferrera
1543 3694 1712 3775 (Petrus)
1729 3690 1815 3762 filius
1830 3688 1942 3761 nothus

525 3787 611 3878 482.
635 3787 754 3882 Capite
771 3784 970 3859 damnatur.
993 3791 1040 3857 II.
1051 3786 1135 3879 483.

475 3884 799 3964 Northumberlanus
827 3889 911 3956 Dux
930 3886 1185 3975 (1010011Ρο-

525 3984 616 4064 caus)
630 3982 780 4053 Eduardi
795 3984 896 4082 Regis
910 4003 1006 4055 tutor
1026 4001 1059 4053 ct
1075 3980 1185 4052 nutri-

523 4083 589 4154 tius
628 4082 777 4153 animum
809 4083 843 4170 in
886 4081 1075 4153 Britanniae
1115 4083 1183 4153 Re:¹

523 4203 629 4279 gnum
652 4179 814 4276 intendit.
833 4186 878 4250 II.
891 4203 974 4274 473.
998 4185 1090 4251 Cum
1106 4179 1184 4247 Du·

524 4304 562 4349 ce
580 4275 767 4350 Suffolchio·
785 4278 958 4377 diligenter
980 4282 1068 4374 agit,
1081 4275 1183 4373 perfi-

523 4379 637 4471 citque
651 4426 662 4460 ‚
675 4381 887 4469 utJoannam
907 4377 1011 4450 filiam
1030 4399 1092 4447 suo
1115 4394 1183 4445 ter-

1285 3784 1418 3860 nlfonsi
1456 3787 1621 3885 Aguilaris
1659 3788 1776 3861 fratris
1805 3786 1939 3862 Gonztli

1284 3885 1419 3983 magni.
1451 3891 1480 3955 1.
1513 3909 1593 3956 112.
1625 3892 1790 3984 Accepto
1815 3907 1939 3960 suomm

1278 3984 1383 4083 [fugae
1409 3984 1549 4066 nuntio,
1565 4007 1678 4076 neque
1706 3987 1818 4081 spatio
1849 3984 1939 4082 sagit·

1282 4102 1355 4153 tam
1374 4104 1394 4159 cv
1416 4081 1552 4154 brachio
1575 4082 1746 4158 educendi
1768 4085 1873 4167 dato,
1894 4078 1941 4150 ad·

1282 4183 1402 4263 volat,
1426 4198 1459 4249 et
1486 4180 1605 4251 ducem
1635 4184 1827 4277 militesque
1853 4181 1939 4259 vehe-

1281 4280 1387 4351 menti
1410 4278 1561 4352 oratione
1586 4305 1605 4350 a
1627 4278 1716 4381 fuga
1743 4298 1888 4354 revocat.
1910 4277 1938 4344 1.

1291 4397 1372 4472 113.

523 4473 574 4543 tio
597 4476 631 4544 in
658 4477 907 4547 matrimonium
943 4473 1180 4547 collocet.11.
1235 4479 1379 4574 Nugnez
1396 4476 1594 4547 Guzmanus
1618 4480 1786 4565 (Petrus)
1806 4478 1940 4547 Feruen-

513 4593 608 4664 474.
638 4573 800 4647 Eduardo
816 4577 904 4674 Regi
921 4570 1091 4670 persuadet
1104 4619 1115 4654 ‚
1127 4572 1183 4662 Jo-

524 4694 647 4742 annam
662 4670 830 4744 Suffolchii
846 4675 952 4746 Ducis
979 4671 1105 4752 filiam,
1121 4691 1181 4740 ex-

1281 4577 1317 4648 di
1349 4575 1464 4647 Catuli
1500 4572 1622 4647 fratris
1639 4579 1807 4650 nutritius
1833 4576 1876 4647 ab
1904 4595 1938 4641 eo

1281 4672 1446 4747 discedere
1461 4674 1576 4746 Caroli
1592 4676 1707 4747 verbis
1715 4678 1939 4767 jubetur.l43·
2018 4723 2019 4729 η

524 4769 622 4843 clusis
648 4769 754 4839 Maria
787 4791 819 4842 et
850 4774 984 4844 Isahella
1001 4768 1179 4855 ,heredem
1234 4774 1377 4872 Nugnez
1402 4773 1602 4846 Guzmanus
1631 4782 1648 4862 (
1673 4779 1868 4859 Ramirus)
1893 4769 1941 4866 qui

523 4868 636 4969 Regni
661 4868 864 4942 constituat.
881 4875 926 4944 11.
941 4892 1024 4962 475.
1059 4867 1180 4941 Varoi-

1281 4869 1397 4946 Torali
1412 4871 1539 4987 oppido
1556 4871 1780 4972 imperitabat
1796 4929 1809 4965 ‚
1834 4875 1876 4950 ad
1898 4878 1940 4943 ll·

1881 4993 1941 5043 stu·
