4124 5880
409 360 412 366 ⁵
536 426 622 521 114
927 413 1003 493 nn
1052 412 1254 493 nunus
1295 412 1518 492 crustis

500 575 682 688 Turcis
705 583 795 736 jam
836 565 1046 670 interiora
1089 566 1249 708 oppidi
1288 563 1569 670 subeuntibus
1605 559 1871 699 objiciunt,
1909 609 1964 671 ac

503 718 673 854 duabus
714 717 796 817 viis
834 692 1048 835 obsessis,
1089 714 1259 854 magnis
1306 712 1465 815 animis
1509 748 1779 821 occurrunt3
1820 749 1967 858 utque

503 867 553 968 in
601 901 790 966 extrema
838 788 1153 999 desperatione
1185 858 1344 979 solet,
1383 897 1463 1000 pro
1508 899 1583 958 sua
1628 855 1964 1022 liberorumque

502 1012 594 1113 vita
630 1046 671 1109 et
718 1003 916 1106 libertate
954 997 1188 1104 fortissime
1226 936 1523 1123 dimicantes,
1561 1042 1653 1103 non
1690 1038 1797 1102 tam
1820 1004 1868 1106 vi
1918 1040 1964 1106 et

502 1154 626 1254 armis
662 1152 813 1284 (erant
851 1145 971 1246 enim
1011 1144 1243 1288 perpauci)
1281 1185 1419 1289 quarn
1452 1147 1616 1280 injecto
1652 1182 1838 1268 terrore,
1856 1186 1968 1253 nam

502 1299 645 1401 multo
683 1296 823 1437 plures
865 1331 952 1392 esse
988 1290 1296 1429 putabantur,
1331 1288 1477 1390 hostes
1511 1328 1830 1433 represserunt.
1869 1305 1967 1395 Ce-

502 1479 649 1543 terum
673 1440 931 1602 praedones
977 1432 1116 1536 iidem
1152 1433 1280 1534 tertia
1321 1435 1393 1534 via
1423 1476 1587 1575 ,quae
1628 1435 1751 1536 ducit
1794 1438 1850 1539 ad
1894 1475 1966 1540 at·

503 1627 635 1703 cern,
671 1582 893 1724 ingressi,
929 1618 984 1679 eo
1021 1574 1299 1743 confugienti
1334 1578 1607 1681 multitudini
1640 1620 1856 1723 magnum
1893 1584 1969 1683 de·

504 1732 764 1830 trimentum
812 1727 1115 1827 invexerunt·
1107 1791 1119 1834 ‚
1154 1724 1345 1887 quippe
1374 1762 1628 1826 nostrorum
1678 1764 1776 1866 pars
1821 1725 1936 1826 caesi
1950 1803 1967 1848 ,

505 1872 579 1973 alii
613 1871 776 2010 capti,
813 1870 938 2011 pueri
973 1909 1023 1967 ae
1059 1866 1256 1974 mulieres
1293 1868 1475 2011 triginta
1511 1868 1742 1969 intercluso
1777 1869 1968 2011 spiritu,

504 2051 729 2159 premente
772 2011 935 2134 turba,
961 2011 1218 2118 desiderati.
1264 2012 1478 2113 Arcem
1466 2051 1606 2155 ipsam
1644 2052 1810 2155 parvo,
1832 2048 1970 2154 atque

449 2279 453 2285 ‚
505 2162 618 2260 adeo
663 2158 784 2259 nullo
828 2157 1011 2300 negotio
1054 2162 1226 2259 Turcae
1271 2195 1426 2297 capere
1474 2193 1760 2298 potuerunt,
1797 2157 1970 2299 quippe

506 2315 627 2434 cujus
662 2300 775 2404 fores
810 2300 1124 2404 multitudine
1112 2301 1294 2403 introite
1328 2301 1588 2402 conantium
1624 2301 1855 2403 distinente
1892 2339 1972 2441 pa·

508 2445 706 2566 tebant,
742 2486 820 2546 nec
856 2481 945 2546 erat
981 2445 1278 2586 praesidium,
1303 2448 1429 2588 quod
1464 2445 1716 2547 invadentes
1752 2442 1972 2585 prohibe-

506 2625 601 2691 ret.
648 2523 729 2692 Sed
766 2590 926 2691 accidit
970 2627 1084 2691 sorte
1121 2593 1361 2731 quadam,
1393 2629 1443 2690 ac
1477 2589 1626 2732 potius
1662 2628 1748 2730 ope
1784 2588 1970 2709 divina,

506 2768 557 2834 ut
604 2734 684 2901 qui
729 2734 903 2891 signum
947 2730 1216 2876 praeferebat
1258 2743 1450 2854 Turca,
1493 2731 1661 2834 duabus
1705 2733 1873 2875 sagittis
1916 2774 1972 2834 ex

507 2919 637 2999 arce,
671 2919 807 3018 quarn
843 2878 1051 3020 perpauci
1085 2877 1265 2981 avaritia
1298 2875 1504 3042 praefecti
1538 2875 1948 2980 custodiebanti
1876 2915 1948 2996 ,ι

509 3057 601 3121 ctus
637 3024 919 3141 concideret,
942 3057 988 3121 et
1020 3022 1130 3122 item
1166 3025 1271 3122 alter
1282 3024 1397 3165 ‚qui
1432 3022 1607 3164 signum
1641 3063 1693 3123 ex
1728 3021 1973 3122 conciden-

510 3165 562 3264 tis
600 3162 798 3266 manibus
834 3200 1080 3306 exceperat.
1117 3179 1225 3286 Quo
1261 3167 1601 3287 animadvers0,
1637 3165 1974 3269 Caramaminus

473 3348 656 3409 arcem
698 3307 836 3409 firmo
865 3308 1081 3450 praesidio
1128 3310 1266 3411 teneti
1300 3348 1458 3431 tatus,
1494 3350 1593 3412 suos
1638 3311 1742 3414 inde
1777 3308 1975 3411 celeriter

509 3452 727 3573 reducit,
764 3486 808 3552 et
848 3492 1000 3552 omnes
1042 3455 1252 3595 paulatim
1297 3457 1355 3557 ad
1397 3494 1529 3557 naves
1575 3494 1677 3556 cum
1719 3455 1878 3597 praeda
1926 3489 1977 3556 et

510 3592 695 3737 captivis
730 3635 818 3695 sese
864 3596 1067 3760 recipere
1089 3597 1256 3730 jussit5
1299 3596 1387 3698 hoc
1422 3639 1605 3742 quoque
1641 3600 1802 3701 timore
1838 3597 1978 3700 indu·

511 3775 650 3857 ctus,
686 3779 741 3838 ne
778 3734 978 3841 forte
936 3738 1091 3842 vicinis
1127 3742 1355 3883 populis
1343 3782 1392 3842 m
1434 3743 1647 3844 auxilium
1681 3742 1979 3848 laborantium

510 3880 879 4006 accurrentibus,
880 3884 1272 4047 opprimerentur
1306 3882 1627 4009 multitudine,
1670 3925 1714 3989 et
1750 3887 1979 4048 impedito

510 4061 729 4168 receptu,
766 4068 792 4126 a
828 4025 911 4129 suis
947 4027 1133 4129 navibus
1168 4030 1586 4131 intercluderentur
1631 4018 1783 4193 ltaque
1818 4031 1981 4172 impo

510 4171 590 4271 sita
627 4172 816 4313 praeda,
842 4211 954 4313 quae
988 4210 1154 4315 praeter
1188 4173 1318 4274 vestis
1354 4214 1404 4272 ac
1441 4173 1711 4313 supellectilis
1748 4215 1842 4276 non
1877 4212 1981 4275 ma·

510 4353 650 4458 gnum
691 4352 924 4418 numerum
940 4317 1243 4458 captivorum
1291 4318 1435 4419 omnis
1478 4360 1597 4421 sexus
1639 4358 1683 4421 et
1725 4317 1876 4421 aetatis
1916 4319 1981 4420 ad

511 4460 743 4602 octoginta
778 4457 896 4578 fuit,
918 4462 1284 4604 quinqueremem
1320 4462 1469 4563 Alvari
1505 4462 1664 4562 Bazani
1700 4460 1805 4559 arcis
1843 4496 1979 4597 prae-

508 4598 614 4703 fecti
661 4605 999 4727 incenderunt,
1037 4642 1080 4705 et
1131 4607 1234 4704 ad
1221 4644 1333 4745 ipsas
1384 4604 1500 4703 sinus
1535 4602 1724 4723 fauces,
1761 4603 1798 4702 si
1850 4596 1978 4705 forte

509 4747 725 4889 oppidani
761 4785 858 4856 suos
892 4679 1102 4851 redimere
1138 4748 1299 4855 vellent
1318 4826 1339 4894 ,
1372 4747 1684 4849 constiterunt.
1733 4748 1815 4848 Sed
1851 4741 1976 4847 facta

1916 4925 1964 4990 et
