4110 5888
331 389 338 396 ’
515 426 1274 559 sumunuruu
1405 458 1489 464 -·

372 704 720 809 LIBRORUM
783 701 893 804 XV.
954 698 1432 803 POSTERIORUM

244 945 321 1025 DE
353 941 527 1025 annus
556 940 734 1022 casus
768 934 964 1020 ennon
995 937 1045 1017 u
1095 935 1555 1021 matamorus

181 1159 283 1225 ”PER
305 1158 521 1226 SINGULOS
543 1158 701 1223 LIBROS
723 1155 786 1219 ΕΤ
803 1156 966 1220 CAPITA
989 1154 1047 1216 AB
1072 1151 1341 1219 EDH'ORIBUS
1359 1151 1607 1223 DlGESTUM·

730 1393 802 1487 L1
819 1394 864 1483 B.
925 1392 1064 1483 XVI.

227 1627 259 1714 1.
324 1583 472 1717 VAsti
519 1628 694 1716 Marchio
743 1629 876 1714 exerci·
926 1628 1196 1744 pugnationem
1244 1627 1489 1714 resistentibus
1525 1659 1628 1734 ,cu·
1690 1622 1705 1649 ⁰

162 1771 214 1834 tu
243 1747 283 1830 in
311 1749 452 1843 Italiam
494 1752 651 1835 reducto
694 1745 874 1831 Cherium
925 1747 1050 1831 stodes
1081 1747 1156 1830 sine
1172 1746 1387 1832 conditione
1420 1775 1542 1832 arcem
1566 1749 1652 1834 de»

163 1864 365 1977 oppidum
391 1862 525 1949 frustm
560 1887 797 1978 oppugnat,
834 1888 876 1948 et
926 1864 1044 1947 dunt.

165 1979 294 2093 copias
324 1981 363 2063 in
409 1982 563 2065 hiberna
603 1980 762 2066 reducit.
811 1987 873 2064 In·
996 1983 1064 2064 lV.
1136 1980 1324 2066 Antonius
1361 1982 1570 2096 Aragonius
1603 2014 1626 2067 a

109 2166 114 2174 ,
165 2120 272 2180 terea
295 2097 342 2181 de
377 2096 546 2182 hostibus
576 2096 796 2212 octingentis
832 2098 871 2182 in
923 2097 1028 2182 Vasti
1065 2098 1288 2182 Marchione
1337 2098 1463 2182 missus
1518 2098 1626 2187 occisi

165 2212 302 2296 Casale
327 2211 568 2300 Montferrati
611 2217 765 2327 receptis
796 2242 872 2298 cer·
920 2213 1093 2328 Principis
1119 2244 1259 2330 poenas
1288 2215 1336 2299 de
1370 2212 1540 2321 dedititiis
1568 2246 1625 2300 su-

166 2329 246 2414 tior
271 2326 387 2414 factus
418 2331 582 2435 ,itinere
614 2330 715 2416 nulia
752 2332 872 2416 noctis
923 2331 1013 2415 init.
1051 2333 1305 2446 Hispanorum
1329 2331 1487 2417 militum
1515 2361 1626 2423 seces

166 2470 275 2559 parte
294 2447 511 2534 ‚permisso
526 2509 539 2553 ,
555 2477 620 2532 eos
649 2476 780 2533 omnes
804 2473 871 2535 aut
921 2449 974 2532 sio
1010 2473 1049 2532 et
1080 2475 1188 2534 vetus
1218 2448 1387 2564 querela.

166 2561 368 2671 interficit,
400 2590 466 2658 aut
505 2566 645 2680 capit,
670 2575 719 2654 ct¹
739 2566 889 2659 Casalc,
981 2567 1035 2648 V.
1095 2567 1244 2661 Quibus
1272 2567 1445 2680 Hispanis
1473 2595 1628 2653 auctore

166 2679 319 2793 recipit.
537 2731 543 2742 ·
728 2748 734 2758 ,
921 2681 1151 2796 potissimum
1181 2684 1352 2769 Antonio
1382 2685 1543 2770 Ixartino
1568 2715 1622 2770 re·

128 2867 134 2878 .
181 2804 183 2807 ’
228 2802 274 2880 11.
333 2797 476 2884 Diebus
504 2792 648 2916 aliquot
678 2796 870 2914 interiectis
921 2802 1094 2906 vocatis,
1123 2798 1426 2886 Monchallerum
1473 2825 1513 2884 et
1543 2805 1627 2895 Ca-

164 2912 319 2998 Caraim
375 2917 558 3030 oppidum
616 2919 871 3003 Sabaudiensis
920 2917 1118 3032 'tignarium
1145 2917 1391 3030 recipiuntur.
1435 2915 1626 3003 federicus

167 3029 319 3117 ditionis
353 3034 403 3117 ab
430 3034 597 3122 hostibus
642 3063 872 3149 occupatum¹
920 3036 1197 3149 Hustambcrga
1228 3062 1318 3119 cum
1343 3039 1624 3122 Germanorum

165 3147 377 3230 Franciscus
421 3151 643 3236 Salutiarum
673 3153 867 3257 MarchiO,
920 3151 1052 3236 decem
1086 3151 1237 3235 millium
1281 3149 1540 3264 supplemento
1584 3152 1622 3234 in

166 3262 238 3374 qui
262 3264 326 3347 sibi
348 3266 545 3382 negotium¹
564 3270 868 3384 depoposcerat,
918 3291 1036 3353 castra
1071 3268 1256 3380 pervenit.
1298 3267 1403 3351 Vasti
1447 3268 1621 3352 Marchio

165 3377 317 3465 illorum
347 3385 545 3499 nongentis
572 3387 710 3490 caesis,
740 3388 868 3472 ceteris
917 3414 1040 3470 rursus
1069 3384 1247 3469 Cherium
1275 3383 1458 3499 oppidum
1494 3414 1620 3500 aggre-

165 3497 285 3608 captis
314 3523 353 3582 et
383 3501 608 3606 vulneratis,
633 3502 799 3615 recipit.¹
918 3502 1051 3607 ditur,
1077 3527 1190 3616 atque
1219 3525 1429 3616 expugnat.
1461 3501 1629 3613 Hispani

229 3617 307 3698 111.
345 3616 517 3702 Zilanum
549 3649 706 3734 quoque
742 3617 867 3704 castel·
918 3620 1153 3724 Chirascum¹
1190 3618 1406 3703 invadentes
1459 3617 1621 3729 primum

166 3724 251 3815 lum
280 3731 477 3848 recipitur,
498 3738 547 3819 'et
577 3737 737 3820 Nusclae
762 3740 871 3822 Mar-
919 3736 1144 3851 repelluntur
1175 3795 1196 3839 ,a
1215 3733 1352 3835 deinde
1383 3733 1565 3846 oppidum
1596 3763 1621 3821 a

164 3844 256 3930 chio
282 3849 431 3936 castello
446 3852 607 3937 ,incenso
635 3854 806 3968 capitur,
826 3880 870 3935 ac
920 3854 1099 3967 praesidio
1139 3852 1340 3936 deseritur.
1384 3851 1480 3936 Alba
1510 3855 1618 3936 Pom·

166 3961 314 4048 Cbivae
345 3969 434 4052 arcis
456 3969 676 4081 praesidium
699 3970 866 4055 deletur.
920 3971 1052 4085 peiana
1070 3968 1305 4055 deditionem
1337 3962 1441 4051 facit.

163 4080 253 4164 Nec
280 4080 403 4167 multo
419 4111 506 4198 post
532 4114 597 4169 arx
611 4115 767 4202 quoque
782 4091 872 4171 San·
978 4090 1046 4171 VI.
1101 4088 1242 4200 Hostes
1278 4082 1449 4196 Hispanis
1483 4094 1623 4166 nume?

161 4195 218 4280 cti
243 4198 403 4312 Georgii
423 4204 654 4295 wCanabensis
683 4233 868 4318 expugna·
920 4233 965 4290 ro
995 4199 1249 4318 inferioresin
1281 4200 1420 4313 oppida
1449 4198 1618 4284 munitio·

159 4337 251 4411 tur.
295 4315 514 4402 Salutiatum
540 4320 742 4425 Marchio,
775 4322 869 4404 dum
919 4331 961 4407 ra
988 4349 1063 4406 sese
1088 4319 1303 4434 recipiunt,
1337 4341 1377 4401 et
1408 4314 1467 4400 illa
1507 4316 1619 4400 tutari

158 4432 460 4547 Carmagnoiam
506 4460 703 4553 oppugnat
737 4498 749 4539 ,
796 4460 869 4527 tor·
920 4438 1151 4535 constituunt
1191 4425 1449 4547 ,praecipue
1491 4438 1619 4548 Augu·

158 4548 286 4632 menti
320 4548 394 4634 telo
426 4553 614 4665 perimitur
624 4584 642 4654 ⁴3
681 4553 746 4639 sed
778 4557 872 4636 San-
897 4617 899 4623 ·
923 4580 1017 4640 stam
1047 4549 1300 4635 Taurinorum
1337 4575 1427 4653 octo
1469 4549 1624 4638 millium

154 4664 399 4865 ctioTBravIp
429 4693 468 4755 et
495 4669 638 4757 Alvaro
651 4670 784 4758 Grado
809 4703 872 4788 op
924 4675 1140 4763 Vasconum
1189 4666 1369 4783 praesidio
1418 4668 1620 4755 munitam·
1738 4688 1740 4690 ’

274 4806 345 4864 om.
375 4836 407 4871 ».
628 4845 630 4847 -
1209 4848 1211 4851 .
1316 4788 1358 4867 A
1563 4783 1627 4870 Hi
