4192 5858
490 406 571 498 270
856 390 1470 481 vernensi-essere
1518 414 1524 423 ·

446 556 526 696 qui
559 553 707 657 vocati
755 549 812 653 ad
848 565 1134 654 Convenrum
1171 553 1318 652 venire
1369 548 1693 692 neglexissent,
1727 550 1900 697 quique

446 698 667 837 publicam
691 695 949 796 Germaniae
986 696 1179 835 quietem
1216 710 1268 794 et'
1294 695 1573 796 concordiam
1608 697 1895 835 impedirent,

449 877 494 939 et
541 849 771 973 Majestate
819 837 1103 977 Imperatoria
1151 832 1436 939 multifariam
1487 838 1634 963 laesa,
1669 840 1897 979 perturba-

445 1016 560 1081 rent.
997 998 1002 1005 '
1516 1025 1527 1050 ν
1680 1066 1684 1074 ,

516 1132 592 1221 VI.-
664 1120 804 1223 Misso
851 1118 987 1261 igitur
1022 1129 1215 1220 Romam
1263 1117 1587 1260 Chrisropboro
1621 1119 1892 1245 Madrucio,

446 1263 668 1362 Cardinali
702 1278 912 1364 Romano
962 1298 1005 1361 et
1040 1264 1259 1401 Episcopo
1295 1263 1567 1363 Tridentino
1602 1340 1618 1382 ,
1656 1300 1733 1401 per
1780 1263 1898 1366 hunc

446 1406 626 1505 consilia
660 1444 762 1504 cum
796 1403 930 1504 Paulo
965 1404 1119 1504 Tertio
1155 1401 1361 1502 Pontifice
1396 1403 1600 1503 Maximo
1643 1408 1897 1504 communi»-

446 1546 594 1666 cavit,
630 1586 723 1686 quo
760 1585 851 1645 non
887 1552 1029 1643 solum
1080 1543 1383 1682 approbante,
1419 1546 1493 1645 sed
1545 1544 1679 1644 etiam
1731 1544 1897 1646 adhor-

445 1721 592 1803 tante,
615 1722 658 1786 et
693 1688 904 1798 auxilium
941 1685 1199 1822 pollicente,
1220 1684 1448 1824 negotium
1483 1685 1706 1825 suscepit,
1740 1721 1784 1785 et
1821 1725 1898 1826 per

445 1830 720 1929 Germaniam
756 1830 802 1956 et
831 1827 1030 1966 Belgium
1066 1824 1434 1965 conquisitoribus
1463 1825 1689 1942 dimissis,
1734 1865 1777 1925 et
1813 1829 1897 1927 Hi-

446 2007 682 2106 spanorum
735 1968 1024 2088 cohortibus,
1060 2005 1174 2105 quae
1225 1966 1281 2065 ad
1316 1967 1590 2080 Pannoniam
1624 1962 1897 2069 inferiorem

445 2110 643 2248 auspiciis
679 2109 898 2210 Fernandi.
921 2109 1054 2246 Regis
1071 2161 1074 2171 s
1090 2103 1229 2205 fratris
1265 2106 1552 2226 militabant,
1587 2146 1789 2247 quaeque
1840 2112 1898 2211 ad

444 2252 684 2387 Neapolim
720 2288 763 2350 et
798 2249 854 2348 ad
889 2249 1084 2355 Insubres
1120 2247 1166 2346 in
1203 2247 1421 2387 praesidiis
1457 2281 1620 2368 crant,
1654 2286 1728 2388 per
1780 2249 1898 2349 litte-

444 2428 510 2499 ras
544 2422 587 2488 ·et
614 2393 821 2498 nuntios-1
835 2388 1056 2505 evocatis,
1094 2385 1262 2486 bellum
1307 2389 1355 2487 in
1390 2387 1658 2487 Lutlreranos
1721 2429 1778 2486 erc
1808 2403 1899 2492 Ra-

446 2528 618 2652 tisbona
654 2567 801 2670 parare
819 2529 1010 2667 coepit.
1036 2527 1221 2668 ,Legatis
1256 2565 1439 2646 autern,
1474 2529 1725 2669 dequibus
1754 2570 1898 2671 supra

360 2714 369 2775 3
445 2672 714 2771 mentionem
731 2668 867 2788 ssfeci,
901 2708 1014 2807 quos
1049 2669 1128 2768 diu
1181 2707 1246 2767 res
1282 2668 1410 2768 latere
1446 2709 1537 2768 non
1587 2671 1771 2810 potuit,
1808 2713 1898 2773 una

444 2811 677 2951 adipsum
722 2808 1014 2928 adeuntibus,
1052 2846 1095 2908 et
1143 2809 1193 2908 in
1242 2848 1375 2948 quem
1425 2808 1591 2909 bellum
1643 2848 1896 2950 pararetur,

445 2950 846 3091 interrogantibus,
877 2986 1140 3088 suorumque
1177 2950 1433 3090 Principum·
1460 2990 1511 3049 ac
1548 2950 1779 3057 civitatum
1813 2994 1897 3054 vo-

447 3090 659 3190 luntatem
696 3127 739 3190 et
775 3091 984 3198 auxilium
1000 3167 1015 3208 ,
1033 3091 1069 3190 si
1104 3127 1167 3189 res
1203 3115 1431 3227 posceret,
1467 3087 1790 3215 deferentibus,
1818 3095 1903 3196 sibi

445 3270 532 3330 esse
568 3233 616 3330 in
652 3233 801 3330 animo
838 3230 1061 3368 respondit
1095 3230 1298 3330 nonnihil
1332 3233 1562 3372 copiatum
1597 3272 1755 3374 cogere
1774 3312 1790 3353 ,
1811 3277 1902 3338 non

444 3408 496 3471 ut
531 3372 646 3473 bello
683 3411 954 3512 quemquam
989 3371 1204 3473 lacesseret
1229 3450 1244 3492 ,
1265 3375 1338 3473 sed
1372 3409 1423 3473 ut
1459 3376 1693 3476 necessario
1730 3379 1900 3516 praesi-

447 3513 524 3612 dio
560 3516 753 3614 munitus
789 3551 950 3652 poenas
1001 3513 1215 3651 legitimas
1250 3553 1434 3616 sumeret
1468 3518 1546 3614 de.
1574 3555 1752 3617 suorum
1796 3521 1904 3660 qui-

447 3651 665 3774 busdam,
700 3655 780 3794 qui
816 3655 899 3756 sibi
933 3654 1055 3755 dicto
1105 3653 1289 3756 minime
1339 3658 1561 3756 audientes
1614 3694 1789 3779 essent,
1827 3663 1902 3760 sed

447 3797 627 3936 superbe
663 3831 707 3894 et
756 3833 1005 3936 arroganter
1038 3797 1361 3935 Imperatoriam
1397 3806 1667 3929 Majest'atem
1731 3801 1903 3904 minue⁴

448 3973 541 4036 rent
587 3973 720 4076 atque
771 3972 1130 4044 contemnerentt
1169 3941 1223 4038 ad
1260 3941 1381 4079 quod
1434 3939 1780 4078 perficiendum,
1819 3945 1900 4083 qui

450 4078 530 4179 sibi
564 4117 687 4183 suam
738 4116 919 4216 operam
954 4115 997 4178 et
1030 4075 1230 4180 officium
1283 4080 1615 4222 praestitissent,
1650 4081 1716 4182 his
1771 4124 1815 4183 se
1851 4122 1903 4186 ut

450 4221 599 4319 amicis
625 4255 678 4329 ,et
712 4219 804 4320 fidis
838 4219 1066 4321 clientibus
1102 4221 1288 4356 gratiam
1323 4223 1559 4326 relaturum
1583 4223 1897 4332 confirmavit3

454 4397 640 4479 ceteros,
675 4361 755 4499 qui
792 4360 1015 4600 perfidiam
1050 4362 1257 4493 juvissent
1278 4443 1294 4486 ,
1314 4367 1470 4467 todem
1505 4369 1605 4468 loco
1641 4407 1735 4507 quo
1772 4366 1906 4467 scele-

454 4501 510 4602 ris
546 4501 758 4638 principes
827 4502 1076 4606 abiturum.
1570 4599 1574 4603 .
1690 4513 1694 4520 ’
1863 4588 1866 4595 ,

479 4651 620 4744 ·‚V11.
693 4654 742 4745 In
776 4680 872 4748 earn
906 4645 1160 4749 sententiam
1194 4645 1324 4789 paulo
1357 4683 1494 4790 post,
1529 4647 1705 4757 dimisso
1740 4645 1909 4752 Conci·

511 4850 513 4854 ⁴
1809 4790 1906 4911 lio,
