<?xml version="1.0" encoding="UTF-8"?>
<!DOCTYPE html PUBLIC "-//W3C//DTD XHTML 1.0 Transitional//EN"
    "http://www.w3.org/TR/xhtml1/DTD/xhtml1-transitional.dtd">
<html xmlns="http://www.w3.org/1999/xhtml" xml:lang="en" lang="en">
 <head>
  <title>
</title>
<meta http-equiv="Content-Type" content="text/html;charset=utf-8" />
  <meta name='ocr-system' content='tesseract 3.04.00' />
  <meta name='ocr-capabilities' content='ocr_page ocr_carea ocr_par ocr_line ocrx_word'/>
</head>
<body>
  <div class='ocr_page' id='page_1' title='image "./joannisgenesiis00sepgoog_0222.png"; bbox 0 0 4170 5866; ppageno 0'>
   <div class='ocr_carea' id='block_1_1' title="bbox 541 324 1534 409">
    <p class='ocr_par' dir='ltr' id='par_1_1' title="bbox 541 324 1534 409">
     <span class='ocr_line' id='line_1_1' title="bbox 541 324 1534 409; baseline -0.006 0"><span class='ocrx_word' id='word_1_1' title='bbox 541 326 623 409; x_wconf 83' lang='lat'>182</span> <span class='ocrx_word' id='word_1_2' title='bbox 932 325 1018 404; x_wconf 89' lang='lat' dir='ltr'>DE</span> <span class='ocrx_word' id='word_1_3' title='bbox 1067 324 1268 405; x_wconf 86' lang='lat' dir='ltr'><strong>REBUS</strong></span> <span class='ocrx_word' id='word_1_4' title='bbox 1316 325 1534 404; x_wconf 83' lang='lat' dir='ltr'>GESTIS</span> 
     </span>
    </p>
   </div>
   <div class='ocr_carea' id='block_1_2' title="bbox 495 471 1962 1415">
    <p class='ocr_par' dir='ltr' id='par_1_2' title="bbox 495 471 1962 1334">
     <span class='ocr_line' id='line_1_2' title="bbox 498 471 1957 626; baseline 0.003 -44"><span class='ocrx_word' id='word_1_5' title='bbox 498 485 648 626; x_wconf 90' lang='lat' dir='ltr'>ligneo</span> <span class='ocrx_word' id='word_1_6' title='bbox 686 516 813 620; x_wconf 86' lang='lat' dir='ltr'>supet</span> <span class='ocrx_word' id='word_1_7' title='bbox 849 474 1028 616; x_wconf 84' lang='lat' dir='ltr'>magnas</span> <span class='ocrx_word' id='word_1_8' title='bbox 1080 471 1317 620; x_wconf 82' lang='lat' dir='ltr'>cymbas</span> <span class='ocrx_word' id='word_1_9' title='bbox 1306 474 1518 577; x_wconf 78' lang='lat' dir='ltr'>instructo</span> <span class='ocrx_word' id='word_1_10' title='bbox 1554 473 1815 590; x_wconf 77' lang='lat' dir='ltr'><strong>transeatur.</strong></span> <span class='ocrx_word' id='word_1_11' title='bbox 1873 498 1957 586; x_wconf 86' lang='lat' dir='ltr'>Sa-</span> 
     </span>
     <span class='ocr_line' id='line_1_3' title="bbox 501 617 1958 767; baseline 0 -41"><span class='ocrx_word' id='word_1_12' title='bbox 501 664 688 767; x_wconf 87' lang='lat' dir='ltr'>guntum</span> <span class='ocrx_word' id='word_1_13' title='bbox 725 623 909 738; x_wconf 90' lang='lat' dir='ltr'>deinde,</span> <span class='ocrx_word' id='word_1_14' title='bbox 933 657 1114 759; x_wconf 88' lang='lat' dir='ltr'>parvum</span> <span class='ocrx_word' id='word_1_15' title='bbox 1152 659 1267 719; x_wconf 92' lang='lat' dir='ltr'>nunc</span> <span class='ocrx_word' id='word_1_16' title='bbox 1304 621 1523 759; x_wconf 84' lang='lat' dir='ltr'>oppidum</span> <span class='ocrx_word' id='word_1_17' title='bbox 1560 617 1801 763; x_wconf 81' lang='lat' dir='ltr'>progressi,</span> <span class='ocrx_word' id='word_1_18' title='bbox 1829 663 1958 727; x_wconf 89' lang='lat' dir='ltr'>vete</span> 
     </span>
     <span class='ocr_line' id='line_1_4' title="bbox 500 759 1960 878; baseline 0.002 -11"><span class='ocrx_word' id='word_1_19' title='bbox 500 771 557 869; x_wconf 88' lang='lat' dir='ltr'>tis</span> <span class='ocrx_word' id='word_1_20' title='bbox 595 806 637 867; x_wconf 92' lang='lat' dir='ltr'>et</span> <span class='ocrx_word' id='word_1_21' title='bbox 674 766 758 865; x_wconf 84' lang='lat' dir='ltr'>fide</span> <span class='ocrx_word' id='word_1_22' title='bbox 795 763 966 862; x_wconf 85' lang='lat' dir='ltr'>inclitae</span> <span class='ocrx_word' id='word_1_23' title='bbox 1002 759 1163 878; x_wconf 90' lang='lat' dir='ltr'>urbis,</span> <span class='ocrx_word' id='word_1_24' title='bbox 1198 762 1245 860; x_wconf 90' lang='lat' dir='ltr'>in</span> <span class='ocrx_word' id='word_1_25' title='bbox 1280 762 1406 860; x_wconf 85' lang='lat' dir='ltr'>latete</span> <span class='ocrx_word' id='word_1_26' title='bbox 1457 761 1693 863; x_wconf 89' lang='lat' dir='ltr'>deficientis</span> <span class='ocrx_word' id='word_1_27' title='bbox 1727 766 1960 870; x_wconf 81' lang='lat' dir='ltr'>ldubedae</span> 
     </span>
     <span class='ocr_line' id='line_1_5' title="bbox 499 838 1962 1051; baseline 0 -41"><span class='ocrx_word' id='word_1_28' title='bbox 499 911 663 1010; x_wconf 92' lang='lat' dir='ltr'>montis</span> <span class='ocrx_word' id='word_1_29' title='bbox 699 909 834 1023; x_wconf 89' lang='lat' dir='ltr'>sitae,</span> <span class='ocrx_word' id='word_1_30' title='bbox 851 905 990 1003; x_wconf 89' lang='lat' dir='ltr'>ruinas</span> <span class='ocrx_word' id='word_1_31' title='bbox 1026 838 1217 1002; x_wconf 86' lang='lat' dir='ltr'>vidinius</span> <span class='ocrx_word' id='word_1_32' title='bbox 1254 904 1555 1051; x_wconf 85' lang='lat' dir='ltr'>vestigiaque,</span> <span class='ocrx_word' id='word_1_33' title='bbox 1576 944 1790 1044; x_wconf 84' lang='lat' dir='ltr'>praeterea</span> <span class='ocrx_word' id='word_1_34' title='bbox 1826 909 1962 1011; x_wconf 75' lang='lat' dir='ltr'>thea-v</span> 
     </span>
     <span class='ocr_line' id='line_1_6' title="bbox 498 1044 1956 1204; baseline 0.001 -52"><span class='ocrx_word' id='word_1_35' title='bbox 498 1088 616 1152; x_wconf 89' lang='lat' dir='ltr'>trum</span> <span class='ocrx_word' id='word_1_36' title='bbox 650 1044 996 1161; x_wconf 88' lang='lat' dir='ltr'>semidirutum,</span> <span class='ocrx_word' id='word_1_37' title='bbox 1042 1046 1268 1204; x_wconf 85' lang='lat' dir='ltr'>multaque</span> <span class='ocrx_word' id='word_1_38' title='bbox 1299 1044 1520 1163; x_wconf 87' lang='lat' dir='ltr'>nobilium</span> <span class='ocrx_word' id='word_1_39' title='bbox 1555 1058 1864 1150; x_wconf 87' lang='lat' dir='ltr'>Romanorum</span> <span class='ocrx_word' id='word_1_40' title='bbox 1902 1095 1956 1153; x_wconf 88' lang='lat' dir='ltr'>e-</span> 
     </span>
     <span class='ocr_line' id='line_1_7' title="bbox 495 1185 1953 1415; baseline 0.003 -124"><span class='ocrx_word' id='word_1_41' title='bbox 495 1229 610 1294; x_wconf 86' lang='lat' dir='ltr'>recta</span> <span class='ocrx_word' id='word_1_42' title='bbox 663 1191 937 1331; x_wconf 89' lang='lat' dir='ltr'>sepulcra,</span> <span class='ocrx_word' id='word_1_43' title='bbox 954 1186 1267 1326; x_wconf 88' lang='lat' dir='ltr'>inscriptasque</span> <span class='ocrx_word' id='word_1_44' title='bbox 1316 1187 1432 1290; x_wconf 88' lang='lat' dir='ltr'>bases</span> <span class='ocrx_word' id='word_1_45' title='bbox 1481 1185 1665 1289; x_wconf 85' lang='lat' dir='ltr'>libenter</span> <span class='ocrx_word' id='word_1_46' title='bbox 1714 1196 1953 1415; x_wconf 83' lang='lat' dir='ltr'>conspexi</span> 
     </span>
    </p>
   </div>
   <div class='ocr_carea' id='block_1_3' title="bbox 355 1374 623 1450">
    <p class='ocr_par' dir='ltr' id='par_1_3' title="bbox 355 1374 623 1450">
     <span class='ocr_line' id='line_1_8' title="bbox 355 1374 623 1450; baseline 0.004 -16"><span class='ocrx_word' id='word_1_47' title='bbox 355 1444 359 1450; x_wconf 62' lang='lat'>,</span> <span class='ocrx_word' id='word_1_48' title='bbox 495 1374 623 1436; x_wconf 92' lang='lat' dir='ltr'>mus</span> 
     </span>
    </p>
   </div>
   <div class='ocr_carea' id='block_1_4' title="bbox 384 1468 1964 3909">
    <p class='ocr_par' dir='ltr' id='par_1_4' title="bbox 384 1468 1964 3888">
     <span class='ocr_line' id='line_1_9' title="bbox 570 1468 1962 1634; baseline 0.002 -57"><span class='ocrx_word' id='word_1_49' title='bbox 570 1484 737 1577; x_wconf 91' lang='lat' dir='ltr'>XXIX</span> <span class='ocrx_word' id='word_1_50' title='bbox 811 1488 928 1574; x_wconf 90' lang='lat' dir='ltr'>Cum</span> <span class='ocrx_word' id='word_1_51' title='bbox 953 1470 1189 1572; x_wconf 87' lang='lat' dir='ltr'>Valentiae</span> <span class='ocrx_word' id='word_1_52' title='bbox 1221 1469 1401 1572; x_wconf 79' lang='lat' dir='ltr'>Carolus</span> <span class='ocrx_word' id='word_1_53' title='bbox 1436 1468 1837 1634; x_wconf 79' lang='lat' dir='ltr'>appropinquaret,</span> <span class='ocrx_word' id='word_1_54' title='bbox 1854 1477 1962 1619; x_wconf 80' lang='lat' dir='ltr'>ipse-</span> 
     </span>
     <span class='ocr_line' id='line_1_10' title="bbox 499 1617 1951 1757; baseline -0.001 -38"><span class='ocrx_word' id='word_1_55' title='bbox 499 1658 601 1719; x_wconf 91' lang='lat' dir='ltr'>cum</span> <span class='ocrx_word' id='word_1_56' title='bbox 653 1617 798 1757; x_wconf 85' lang='lat' dir='ltr'>paucis</span> <span class='ocrx_word' id='word_1_57' title='bbox 852 1651 1173 1754; x_wconf 85' lang='lat' dir='ltr'>antegressus,</span> <span class='ocrx_word' id='word_1_58' title='bbox 1202 1617 1257 1712; x_wconf 91' lang='lat' dir='ltr'>ad</span> <span class='ocrx_word' id='word_1_59' title='bbox 1295 1617 1564 1753; x_wconf 88' lang='lat' dir='ltr'>praetorium</span> <span class='ocrx_word' id='word_1_60' title='bbox 1617 1620 1951 1739; x_wconf 88' lang='lat' dir='ltr'>suburbanum,</span> 
     </span>
     <span class='ocr_line' id='line_1_11' title="bbox 498 1754 1961 1899; baseline 0.004 -41"><span class='ocrx_word' id='word_1_61' title='bbox 498 1760 621 1899; x_wconf 90' lang='lat' dir='ltr'>quod</span> <span class='ocrx_word' id='word_1_62' title='bbox 657 1764 741 1894; x_wconf 69' lang='lat' dir='ltr'>lleg</span> <span class='ocrx_word' id='word_1_63' title='bbox 741 1765 795 1858; x_wconf 81' lang='lat' dir='ltr'>ale</span> <span class='ocrx_word' id='word_1_64' title='bbox 832 1757 1037 1875; x_wconf 88' lang='lat' dir='ltr'>dicitur,</span> <span class='ocrx_word' id='word_1_65' title='bbox 1090 1754 1235 1854; x_wconf 91' lang='lat' dir='ltr'>Turio</span> <span class='ocrx_word' id='word_1_66' title='bbox 1270 1755 1449 1856; x_wconf 89' lang='lat' dir='ltr'>flumine</span> <span class='ocrx_word' id='word_1_67' title='bbox 1486 1758 1865 1895; x_wconf 78' lang='lat' dir='ltr'>praeterlabente,</span> <span class='ocrx_word' id='word_1_68' title='bbox 1883 1765 1961 1866; x_wconf 88' lang='lat' dir='ltr'>di</span> 
     </span>
     <span class='ocr_line' id='line_1_12' title="bbox 497 1895 1953 2063; baseline 0.002 -63"><span class='ocrx_word' id='word_1_69' title='bbox 497 1903 659 2063; x_wconf 74' lang='lat' dir='ltr'>vertit,</span> <span class='ocrx_word' id='word_1_70' title='bbox 698 1901 913 2058; x_wconf 83' lang='lat' dir='ltr'>Philippo</span> <span class='ocrx_word' id='word_1_71' title='bbox 951 1895 1044 1996; x_wconf 86' lang='lat' dir='ltr'>filio</span> <span class='ocrx_word' id='word_1_72' title='bbox 1096 1896 1304 2039; x_wconf 86' lang='lat' dir='ltr'>longiore</span> <span class='ocrx_word' id='word_1_73' title='bbox 1347 1898 1576 1999; x_wconf 86' lang='lat' dir='ltr'>intervallo</span> <span class='ocrx_word' id='word_1_74' title='bbox 1627 1899 1953 2041; x_wconf 85' lang='lat' dir='ltr'>subsequente,</span> 
     </span>
     <span class='ocr_line' id='line_1_13' title="bbox 499 2041 1949 2157; baseline 0.003 -16"><span class='ocrx_word' id='word_1_75' title='bbox 499 2044 569 2143; x_wconf 90' lang='lat' dir='ltr'>cui</span> <span class='ocrx_word' id='word_1_76' title='bbox 604 2042 756 2143; x_wconf 88' lang='lat' dir='ltr'>civitas</span> <span class='ocrx_word' id='word_1_77' title='bbox 792 2078 988 2157; x_wconf 91' lang='lat' dir='ltr'>omms,</span> <span class='ocrx_word' id='word_1_78' title='bbox 1023 2075 1071 2138; x_wconf 89' lang='lat' dir='ltr'>ut</span> <span class='ocrx_word' id='word_1_79' title='bbox 1106 2077 1198 2138; x_wconf 88' lang='grc'><strong>1111</strong></span> <span class='ocrx_word' id='word_1_80' title='bbox 1233 2081 1283 2140; x_wconf 84' lang='lat' dir='ltr'>ex</span> <span class='ocrx_word' id='word_1_81' title='bbox 1318 2041 1468 2140; x_wconf 89' lang='lat' dir='ltr'>Caroli</span> <span class='ocrx_word' id='word_1_82' title='bbox 1503 2041 1726 2142; x_wconf 88' lang='lat' dir='ltr'>voluntate</span> <span class='ocrx_word' id='word_1_83' title='bbox 1778 2047 1949 2146; x_wconf 89' lang='lat' dir='ltr'>consti-</span> 
     </span>
     <span class='ocr_line' id='line_1_14' title="bbox 500 2179 1953 2303; baseline 0.003 -20"><span class='ocrx_word' id='word_1_84' title='bbox 500 2219 680 2303; x_wconf 89' lang='lat' dir='ltr'>tutum,</span> <span class='ocrx_word' id='word_1_85' title='bbox 718 2183 900 2284; x_wconf 87' lang='lat' dir='ltr'>obviam</span> <span class='ocrx_word' id='word_1_86' title='bbox 938 2179 1115 2293; x_wconf 82' lang='lat' dir='ltr'>effusa,</span> <span class='ocrx_word' id='word_1_87' title='bbox 1120 2190 1249 2280; x_wconf 84' lang='lat' dir='ltr'>intra</span> <span class='ocrx_word' id='word_1_88' title='bbox 1293 2179 1446 2283; x_wconf 89' lang='lat' dir='ltr'>urbem</span> <span class='ocrx_word' id='word_1_89' title='bbox 1482 2185 1695 2301; x_wconf 85' lang='lat' dir='ltr'>deduxit,</span> <span class='ocrx_word' id='word_1_90' title='bbox 1732 2220 1780 2284; x_wconf 91' lang='lat' dir='ltr'>ut</span> <span class='ocrx_word' id='word_1_91' title='bbox 1831 2184 1953 2287; x_wconf 87' lang='lat' dir='ltr'>hanc</span> 
     </span>
     <span class='ocr_line' id='line_1_15' title="bbox 501 2325 1964 2491; baseline 0.003 -67"><span class='ocrx_word' id='word_1_92' title='bbox 501 2330 651 2426; x_wconf 87' lang='lat' dir='ltr'>eadem</span> <span class='ocrx_word' id='word_1_93' title='bbox 688 2325 984 2440; x_wconf 78' lang='lat' dir='ltr'>caerimonia,</span> <span class='ocrx_word' id='word_1_94' title='bbox 1022 2362 1108 2463; x_wconf 87' lang='lat' dir='ltr'>qua</span> <span class='ocrx_word' id='word_1_95' title='bbox 1143 2337 1524 2485; x_wconf 80' lang='lat' dir='ltr'>Caesaraugustam</span> <span class='ocrx_word' id='word_1_96' title='bbox 1561 2361 1605 2424; x_wconf 91' lang='grc'>11</span> <span class='ocrx_word' id='word_1_97' title='bbox 1638 2327 1964 2491; x_wconf 77' lang='lat' dir='ltr'>Barcinonern,</span> 
     </span>
     <span class='ocr_line' id='line_1_16' title="bbox 498 2463 1964 2608; baseline 0.004 -43"><span class='ocrx_word' id='word_1_98' title='bbox 498 2468 547 2566; x_wconf 91' lang='lat' dir='ltr'>in</span> <span class='ocrx_word' id='word_1_99' title='bbox 595 2468 728 2568; x_wconf 88' lang='lat' dir='ltr'>fidem</span> <span class='ocrx_word' id='word_1_100' title='bbox 779 2468 1032 2607; x_wconf 87' lang='lat' dir='ltr'>reciperet:</span> <span class='ocrx_word' id='word_1_101' title='bbox 1074 2506 1166 2606; x_wconf 92' lang='lat' dir='ltr'>quo</span> <span class='ocrx_word' id='word_1_102' title='bbox 1202 2504 1385 2607; x_wconf 81' lang='lat' dir='ltr'>negotio</span> <span class='ocrx_word' id='word_1_103' title='bbox 1435 2465 1492 2567; x_wconf 83' lang='lat' dir='ltr'>a&#39;d</span> <span class='ocrx_word' id='word_1_104' title='bbox 1540 2463 1753 2608; x_wconf 89' lang='lat' dir='ltr'>templum</span> <span class='ocrx_word' id='word_1_105' title='bbox 1802 2472 1964 2574; x_wconf 76' lang='lat' dir='ltr'>maxi-2</span> 
     </span>
     <span class='ocr_line' id='line_1_17' title="bbox 498 2608 1950 2772; baseline 0.004 -64"><span class='ocrx_word' id='word_1_106' title='bbox 498 2645 623 2709; x_wconf 92' lang='lat' dir='ltr'>mum</span> <span class='ocrx_word' id='word_1_107' title='bbox 659 2648 865 2751; x_wconf 90' lang='lat' dir='ltr'>patrato,</span> <span class='ocrx_word' id='word_1_108' title='bbox 901 2608 1126 2748; x_wconf 89' lang='lat' dir='ltr'>Philippus</span> <span class='ocrx_word' id='word_1_109' title='bbox 1163 2644 1277 2708; x_wconf 87' lang='lat' dir='ltr'>extra</span> <span class='ocrx_word' id='word_1_110' title='bbox 1313 2610 1464 2712; x_wconf 92' lang='lat' dir='ltr'>urbem</span> <span class='ocrx_word' id='word_1_111' title='bbox 1500 2612 1553 2710; x_wconf 87' lang='lat' dir='ltr'>ad</span> <span class='ocrx_word' id='word_1_112' title='bbox 1590 2646 1759 2772; x_wconf 86' lang='lat' dir='ltr'>patrem</span> <span class='ocrx_word' id='word_1_113' title='bbox 1803 2615 1950 2713; x_wconf 88' lang='lat' dir='ltr'>--redu</span> 
     </span>
     <span class='ocr_line' id='line_1_18' title="bbox 497 2750 1947 2889; baseline 0.003 -39"><span class='ocrx_word' id='word_1_114' title='bbox 497 2752 633 2854; x_wconf 90' lang='lat' dir='ltr'>citur.</span> <span class='ocrx_word' id='word_1_115' title='bbox 671 2764 792 2854; x_wconf 90' lang='lat' dir='ltr'>Nam</span> <span class='ocrx_word' id='word_1_116' title='bbox 826 2753 944 2876; x_wconf 81' lang='lat' dir='ltr'>idem</span> <span class='ocrx_word' id='word_1_117' title='bbox 980 2752 1244 2889; x_wconf 88' lang='lat' dir='ltr'>praetorium</span> <span class='ocrx_word' id='word_1_118' title='bbox 1295 2750 1469 2872; x_wconf 91' lang='lat' dir='ltr'>ambo,</span> <span class='ocrx_word' id='word_1_119' title='bbox 1501 2750 1706 2852; x_wconf 89' lang='lat' dir='ltr'>donec</span> <span class='ocrx_word' id='word_1_120' title='bbox 1695 2791 1742 2852; x_wconf 93' lang='lat' dir='ltr'>m</span> <span class='ocrx_word' id='word_1_121' title='bbox 1776 2756 1947 2855; x_wconf 90' lang='lat' dir='ltr'>Castel</span> 
     </span>
     <span class='ocr_line' id='line_1_19' title="bbox 499 2832 1949 3036; baseline 0.005 -46"><span class='ocrx_word' id='word_1_122' title='bbox 499 2895 588 2994; x_wconf 88' lang='lat' dir='ltr'>lam</span> <span class='ocrx_word' id='word_1_123' title='bbox 655 2891 809 2996; x_wconf 81' lang='lat' dir='ltr'>tofecti‘</span> <span class='ocrx_word' id='word_1_124' title='bbox 844 2930 979 3010; x_wconf 92' lang='lat' dir='ltr'>sunt,</span> <span class='ocrx_word' id='word_1_125' title='bbox 1014 2890 1344 2993; x_wconf 89' lang='lat' dir='ltr'>cohabitarunt.</span> <span class='ocrx_word' id='word_1_126' title='bbox 1381 2832 1495 2996; x_wconf 82' lang='lat' dir='ltr'>Urbs</span> <span class='ocrx_word' id='word_1_127' title='bbox 1531 2892 1679 3013; x_wconf 89' lang='lat' dir='ltr'>haec,</span> <span class='ocrx_word' id='word_1_128' title='bbox 1712 2935 1821 3036; x_wconf 92' lang='lat' dir='ltr'>quae</span> <span class='ocrx_word' id='word_1_129' title='bbox 1861 2898 1949 2997; x_wconf 90' lang='lat' dir='ltr'>tti-</span> 
     </span>
     <span class='ocr_line' id='line_1_20' title="bbox 384 2933 1964 3178; baseline 0.003 -45"><span class='ocrx_word' id='word_1_130' title='bbox 384 3144 386 3149; x_wconf 42' lang='grc'><strong>,</strong></span> <span class='ocrx_word' id='word_1_131' title='bbox 499 2933 702 3137; x_wconf 73' lang='grc'><strong>11111111</strong></span> <span class='ocrx_word' id='word_1_132' title='bbox 735 3077 938 3178; x_wconf 84' lang='lat' dir='ltr'>passuum</span> <span class='ocrx_word' id='word_1_133' title='bbox 974 3035 1167 3134; x_wconf 91' lang='lat' dir='ltr'>millibus</span> <span class='ocrx_word' id='word_1_134' title='bbox 1202 3077 1228 3134; x_wconf 89' lang='lat' dir='ltr'>a</span> <span class='ocrx_word' id='word_1_135' title='bbox 1261 3037 1373 3136; x_wconf 89' lang='lat' dir='ltr'>mari</span> <span class='ocrx_word' id='word_1_136' title='bbox 1408 3039 1569 3156; x_wconf 85' lang='lat' dir='ltr'>distat,</span> <span class='ocrx_word' id='word_1_137' title='bbox 1597 3038 1738 3177; x_wconf 90' lang='lat' dir='ltr'>specie</span> <span class='ocrx_word' id='word_1_138' title='bbox 1774 3077 1824 3136; x_wconf 92' lang='lat' dir='ltr'>ac</span> <span class='ocrx_word' id='word_1_139' title='bbox 1865 3039 1964 3138; x_wconf 77' lang='lat' dir='ltr'>fit:</span> 
     </span>
     <span class='ocr_line' id='line_1_21' title="bbox 499 3116 1961 3320; baseline 0.003 -44"><span class='ocrx_word' id='word_1_140' title='bbox 499 3178 715 3280; x_wconf 87' lang='lat' dir='ltr'>mitudine</span> <span class='ocrx_word' id='word_1_141' title='bbox 752 3179 1047 3278; x_wconf 86' lang='lat' dir='ltr'>aedificiorum</span> <span class='ocrx_word' id='word_1_142' title='bbox 1098 3219 1200 3277; x_wconf 90' lang='lat' dir='ltr'>cum</span> <span class='ocrx_word' id='word_1_143' title='bbox 1255 3179 1434 3316; x_wconf 89' lang='lat' dir='ltr'>optimis</span> <span class='ocrx_word' id='word_1_144' title='bbox 1486 3116 1814 3320; x_wconf 77' lang='lat' dir='ltr'>comparanda,</span> <span class='ocrx_word' id='word_1_145' title='bbox 1852 3187 1961 3280; x_wconf 82' lang='lat' dir='ltr'>ma</span> 
     </span>
     <span class='ocr_line' id='line_1_22' title="bbox 499 3208 1960 3490; baseline 0.003 -72"><span class='ocrx_word' id='word_1_146' title='bbox 499 3360 592 3490; x_wconf 84' lang='lat' dir='ltr'>gno</span> <span class='ocrx_word' id='word_1_147' title='bbox 629 3323 810 3461; x_wconf 89' lang='lat' dir='ltr'>quidem</span> <span class='ocrx_word' id='word_1_148' title='bbox 862 3359 1090 3420; x_wconf 90' lang='lat' dir='ltr'>murorum</span> <span class='ocrx_word' id='word_1_149' title='bbox 1141 3317 1310 3419; x_wconf 88' lang='lat' dir='ltr'>ambitu</span> <span class='ocrx_word' id='word_1_150' title='bbox 1358 3323 1645 3482; x_wconf 75' lang='lat' dir='ltr'>continetur3</span> <span class='ocrx_word' id='word_1_151' title='bbox 1678 3323 1751 3421; x_wconf 85' lang='lat' dir='ltr'>sed</span> <span class='ocrx_word' id='word_1_152' title='bbox 1796 3208 1960 3423; x_wconf 70' lang='lat' dir='ltr'>molal</span> 
     </span>
     <span class='ocr_line' id='line_1_23' title="bbox 499 3458 1939 3623; baseline 0.001 -61"><span class='ocrx_word' id='word_1_153' title='bbox 499 3473 665 3592; x_wconf 84' lang='lat' dir='ltr'>majore</span> <span class='ocrx_word' id='word_1_154' title='bbox 700 3461 941 3605; x_wconf 87' lang='lat' dir='ltr'>frequentia</span> <span class='ocrx_word' id='word_1_155' title='bbox 976 3462 1211 3560; x_wconf 91' lang='lat' dir='ltr'>hominum</span> <span class='ocrx_word' id='word_1_156' title='bbox 1247 3458 1496 3583; x_wconf 87' lang='lat' dir='ltr'>habitatur,</span> <span class='ocrx_word' id='word_1_157' title='bbox 1526 3463 1634 3603; x_wconf 88' lang='lat' dir='ltr'>qui,</span> <span class='ocrx_word' id='word_1_158' title='bbox 1653 3498 1827 3623; x_wconf 84' lang='lat' dir='ltr'>praeter</span> <span class='ocrx_word' id='word_1_159' title='bbox 1862 3504 1939 3564; x_wconf 92' lang='lat' dir='ltr'>n</span> 
     </span>
     <span class='ocr_line' id='line_1_24' title="bbox 498 3598 1908 3745; baseline 0.001 -41"><span class='ocrx_word' id='word_1_160' title='bbox 498 3602 753 3727; x_wconf 85' lang='lat' dir='ltr'>bilitatein,</span> <span class='ocrx_word' id='word_1_161' title='bbox 790 3641 1069 3706; x_wconf 89' lang='lat' dir='ltr'>mercaturam</span> <span class='ocrx_word' id='word_1_162' title='bbox 1105 3598 1191 3705; x_wconf 91' lang='lat' dir='ltr'>fere</span> <span class='ocrx_word' id='word_1_163' title='bbox 1227 3603 1458 3724; x_wconf 87' lang='lat' dir='ltr'>exercent,</span> <span class='ocrx_word' id='word_1_164' title='bbox 1493 3640 1537 3703; x_wconf 91' lang='lat' dir='ltr'>et</span> <span class='ocrx_word' id='word_1_165' title='bbox 1575 3606 1720 3704; x_wconf 92' lang='lat' dir='ltr'>omnis</span> <span class='ocrx_word' id='word_1_166' title='bbox 1771 3644 1908 3745; x_wconf 88' lang='lat' dir='ltr'>gener</span> 
     </span>
     <span class='ocr_line' id='line_1_25' title="bbox 499 3630 1940 3909; baseline -0.001 -60"><span class='ocrx_word' id='word_1_167' title='bbox 499 3746 714 3867; x_wconf 81' lang='lat' dir='ltr'>artificia,</span> <span class='ocrx_word' id='word_1_168' title='bbox 739 3686 823 3848; x_wconf 53' lang='lat' dir='ltr'>&#39;sed</span> <span class='ocrx_word' id='word_1_169' title='bbox 875 3789 924 3847; x_wconf 88' lang='lat' dir='ltr'>ea</span> <span class='ocrx_word' id='word_1_170' title='bbox 973 3747 1020 3845; x_wconf 90' lang='lat' dir='ltr'>in</span> <span class='ocrx_word' id='word_1_171' title='bbox 1070 3745 1269 3885; x_wconf 87' lang='lat' dir='ltr'>primis,</span> <span class='ocrx_word' id='word_1_172' title='bbox 1312 3786 1423 3909; x_wconf 79' lang='lat' dir='ltr'>quae</span> <span class='ocrx_word' id='word_1_173' title='bbox 1473 3746 1690 3887; x_wconf 87' lang='lat' dir='ltr'>pertinent</span> <span class='ocrx_word' id='word_1_174' title='bbox 1734 3752 1790 3847; x_wconf 89' lang='lat' dir='ltr'>ad</span> <span class='ocrx_word' id='word_1_175' title='bbox 1771 3630 1940 3880; x_wconf 44' lang='lat' dir='ltr'>teg</span> 
     </span>
    </p>
   </div>
   <div class='ocr_carea' id='block_1_5' title="bbox 497 3826 1915 4743">
    <p class='ocr_par' dir='ltr' id='par_1_5' title="bbox 497 3826 1915 4743">
     <span class='ocr_line' id='line_1_26' title="bbox 501 3826 1915 4051; baseline 0.002 -64"><span class='ocrx_word' id='word_1_176' title='bbox 501 3826 789 4025; x_wconf 89' lang='lat' dir='ltr'>bombycinas</span> <span class='ocrx_word' id='word_1_177' title='bbox 838 3889 1162 3989; x_wconf 86' lang='lat' dir='ltr'>conficiendas.</span> <span class='ocrx_word' id='word_1_178' title='bbox 1204 3891 1427 4050; x_wconf 86' lang='lat' dir='ltr'>Perpauci</span> <span class='ocrx_word' id='word_1_179' title='bbox 1478 3890 1598 3987; x_wconf 88' lang='lat' dir='ltr'>enim</span> <span class='ocrx_word' id='word_1_180' title='bbox 1655 3889 1915 4051; x_wconf 55' lang='grc'><strong>1111111111</strong></span> 
     </span>
     <span class='ocr_line' id='line_1_27' title="bbox 500 4030 1876 4193; baseline -0.001 -62"><span class='ocrx_word' id='word_1_181' title='bbox 500 4032 639 4131; x_wconf 90' lang='lat' dir='ltr'>dediti</span> <span class='ocrx_word' id='word_1_182' title='bbox 674 4068 772 4131; x_wconf 93' lang='lat' dir='ltr'>sunt</span> <span class='ocrx_word' id='word_1_183' title='bbox 818 4070 997 4171; x_wconf 91' lang='lat' dir='ltr'>propter</span> <span class='ocrx_word' id='word_1_184' title='bbox 1047 4031 1289 4193; x_wconf 86' lang='lat' dir='ltr'>angustiam</span> <span class='ocrx_word' id='word_1_185' title='bbox 1326 4068 1368 4131; x_wconf 93' lang='lat' dir='ltr'>et</span> <span class='ocrx_word' id='word_1_186' title='bbox 1404 4030 1671 4131; x_wconf 89' lang='lat' dir='ltr'>sterilitatem</span> <span class='ocrx_word' id='word_1_187' title='bbox 1713 4031 1876 4176; x_wconf 86' lang='lat' dir='ltr'>region</span> 
     </span>
     <span class='ocr_line' id='line_1_28' title="bbox 500 4172 1809 4316; baseline 0.001 -45"><span class='ocrx_word' id='word_1_188' title='bbox 500 4213 612 4312; x_wconf 90' lang='lat' dir='ltr'>quae</span> <span class='ocrx_word' id='word_1_189' title='bbox 664 4172 969 4274; x_wconf 90' lang='lat' dir='ltr'>frumentarios</span> <span class='ocrx_word' id='word_1_190' title='bbox 1004 4213 1129 4316; x_wconf 87' lang='lat' dir='ltr'>agros</span> <span class='ocrx_word' id='word_1_191' title='bbox 1171 4176 1406 4314; x_wconf 82' lang='lat' dir='ltr'>vinetaque</span> <span class='ocrx_word' id='word_1_192' title='bbox 1437 4208 1503 4273; x_wconf 89' lang='lat' dir='ltr'>et</span> <span class='ocrx_word' id='word_1_193' title='bbox 1500 4176 1664 4314; x_wconf 83' lang='lat' dir='ltr'>prata</span> <span class='ocrx_word' id='word_1_194' title='bbox 1682 4212 1809 4314; x_wconf 84' lang='lat' dir='ltr'>parce</span> 
     </span>
     <span class='ocr_line' id='line_1_29' title="bbox 499 4311 1877 4459; baseline 0.001 -46"><span class='ocrx_word' id='word_1_195' title='bbox 499 4317 685 4415; x_wconf 90' lang='lat' dir='ltr'>modum</span> <span class='ocrx_word' id='word_1_196' title='bbox 737 4319 1033 4459; x_wconf 87' lang='lat' dir='ltr'>suppeditat,</span> <span class='ocrx_word' id='word_1_197' title='bbox 1069 4353 1118 4419; x_wconf 89' lang='lat' dir='ltr'>ut</span> <span class='ocrx_word' id='word_1_198' title='bbox 1167 4318 1237 4417; x_wconf 90' lang='lat' dir='ltr'>sit</span> <span class='ocrx_word' id='word_1_199' title='bbox 1270 4357 1436 4417; x_wconf 85' lang='lat' dir='ltr'>necesse</span> <span class='ocrx_word' id='word_1_200' title='bbox 1486 4311 1710 4417; x_wconf 88' lang='lat' dir='ltr'>frumento</span> <span class='ocrx_word' id='word_1_201' title='bbox 1753 4353 1797 4414; x_wconf 90' lang='lat' dir='ltr'>et</span> <span class='ocrx_word' id='word_1_202' title='bbox 1834 4316 1877 4415; x_wconf 80' lang='lat' dir='ltr'>v&#39;</span> 
     </span>
     <span class='ocr_line' id='line_1_30' title="bbox 498 4454 1852 4619; baseline 0.002 -65"><span class='ocrx_word' id='word_1_203' title='bbox 498 4490 651 4595; x_wconf 92' lang='lat' dir='ltr'>atque</span> <span class='ocrx_word' id='word_1_204' title='bbox 668 4498 822 4598; x_wconf 88' lang='lat' dir='ltr'>pecore</span> <span class='ocrx_word' id='word_1_205' title='bbox 848 4455 1130 4599; x_wconf 90' lang='lat' dir='ltr'>plurimum</span> <span class='ocrx_word' id='word_1_206' title='bbox 1115 4462 1362 4619; x_wconf 66' lang='lat' dir='ltr'>importatis</span> <span class='ocrx_word' id='word_1_207' title='bbox 1390 4461 1483 4560; x_wconf 87' lang='lat' dir='ltr'>uti.</span> <span class='ocrx_word' id='word_1_208' title='bbox 1473 4454 1852 4608; x_wconf 79' lang='lat' dir='ltr'>Frugifetaturn</span> 
     </span>
     <span class='ocr_line' id='line_1_31' title="bbox 497 4595 1872 4743; baseline 0.001 -46"><span class='ocrx_word' id='word_1_209' title='bbox 497 4595 657 4701; x_wconf 89' lang='lat' dir='ltr'>borum</span> <span class='ocrx_word' id='word_1_210' title='bbox 694 4639 926 4742; x_wconf 86' lang='lat' dir='ltr'>magnam</span> <span class='ocrx_word' id='word_1_211' title='bbox 937 4602 1066 4703; x_wconf 88' lang='lat' dir='ltr'>habet</span> <span class='ocrx_word' id='word_1_212' title='bbox 1101 4638 1274 4743; x_wconf 86' lang='lat' dir='ltr'>coptam</span> <span class='ocrx_word' id='word_1_213' title='bbox 1324 4602 1592 4704; x_wconf 85' lang='lat' dir='ltr'>suburbanus</span> <span class='ocrx_word' id='word_1_214' title='bbox 1642 4641 1779 4743; x_wconf 84' lang='lat' dir='ltr'>aget,</span> <span class='ocrx_word' id='word_1_215' title='bbox 1794 4637 1872 4741; x_wconf 92' lang='lat' dir='ltr'>pr</span> 
     </span>
    </p>
   </div>
   <div class='ocr_carea' id='block_1_6' title="bbox 0 0 2093 5866">
    <p class='ocr_par' dir='ltr' id='par_1_6' title="bbox 0 0 2093 5866">
     <span class='ocr_line' id='line_1_32' title="bbox 0 0 2093 5866; baseline 0 0"><span class='ocrx_word' id='word_1_216' title='bbox 0 0 2093 5866; x_wconf 95' lang='lat' dir='ltr'> </span> 
     </span>
    </p>
   </div>
  </div>
 </body>
</html>
