4110 5888
547 443 599 501 12
881 423 1008 504 DE
1055 416 1259 500 REBUS
1300 410 1531 493 GEsrrs

503 583 725 686 Robertus
760 591 933 681 Sttozus
982 574 1252 716 coegisset,
1289 569 1622 714 quamprimum
1678 563 1970 677 dimittendos

507 764 709 829 curent:
734 720 923 866 quod
894 759 930 819 11
964 712 1106 818 facere
1140 713 1463 858 neglexissent,
1490 755 1576 816 sese
1612 716 1850 817 consilium
1886 719 1974 821 sibi

508 908 745 1013 capturos,
784 901 826 968 ct
862 861 1076 964 accersitis
1129 861 1340 1024 Hispanis
1392 896 1527 999 atque
1580 860 1852 984 Germanis,
1889 862 1974 1006 qui

509 1054 602 1119 non
638 1014 770 1154 longe
805 1006 1038 1125 abessent,
1058 1004 1244 1105 civitatis
1281 1000 1407 1107 rebus
1443 1039 1487 1102 et
1508 1003 1827 1166 tranquillitati
1861 1046 1974 1108 con

508 1158 713 1259 sulturos
751 1151 1004 1253 Cardinales
1043 1149 1099 1248 de
1135 1187 1209 1247 sua
1248 1147 1383 1248 salute
1419 1146 1618 1289 cogitare
1653 1151 1826 1271 coacti,
1862 1191 1972 1252 con-

509 1304 729 1418 stituunt,
765 1322 836 1398 ut
852 1291 1099 1435 Rodulpho
1143 1328 1187 1391 ct
1223 1291 1369 1391 Gadio
1414 1288 1623 1392 obsidum
1672 1291 1774 1394 loco
1823 1332 1970 1396 rema-

363 1434 370 1438 ’
509 1442 759 1565 nentibus,
790 1439 999 1541 Salviatus
1035 1437 1092 1536 ad
1127 1431 1382 1540 Robettum
1418 1434 1749 1574 proficiscatur,
1789 1477 1970 1542 coactos

509 1590 702 1705 milites,
744 1582 836 1725 qui
859 1618 1045 1683 numero
1083 1615 1203 1680 crant
1241 1581 1332 1679 duo
1369 1578 1546 1698 millia,
1575 1579 1830 1683 dimittendi
1867 1625 1970 1728 gra-

509 1733 596 1833 tia.
647 1740 754 1830 Hoc
789 1766 974 1870 propere
1010 1764 1061 1826 ac
1098 1724 1332 1866 diligenter
1366 1657 1720 1848 administrato,
1755 1727 1968 1831 Salviatus

509 1874 774 1977 Florentiam
810 1872 1058 1973 revertitur.
1788 1919 1792 1925 ⁵

574 2027 693 2119 XIII.
769 2018 919 2117 Paucis
955 2013 1153 2119 diebus
1141 2015 1400 2148 interjectis,
1420 2015 1556 2118 iidem
1592 2016 1895 2120 Cardinales
1880 2058 1969 2152 1111

508 2160 545 2262 11
580 2161 795 2263 Florentia
831 2162 1070 2282 decedere,
1107 2163 1359 2262 Bononiam
1394 2201 1650 2325 perrexere,
1681 2203 1823 2305 eoque
1859 2161 1968 2264 Phi-

379 2358 381 2363 *
507 2306 655 2447 lippus
703 2316 879 2407 Strozus
929 2341 1064 2446 atque
1115 2304 1312 2406 exsulum
1359 2307 1495 2447 primr
1546 2342 1887 2416 convenerunt3
1924 2341 1968 2409 et

508 2449 692 2550 consilio
729 2450 1095 2575 communicato,
1130 2447 1327 2612 placuit,
1366 2487 1417 2550 ut
1461 2489 1525 2550 res
1578 2451 1708 2551 armis
1759 2450 1968 2552 extrinsc

509 2633 603 2692 cus
620 2593 747 2695 illatis
784 2631 1169 2706 tentaretu13nec
1206 2594 1325 2693 enim
1362 2594 1488 2694 aliter
1523 2594 1843 2738 popularium,
1884 2591 1970 2736 qui

508 2736 749 2839 Florentiae
785 2740 1155 2858 continebantur,
1174 2738 1313 2837 animi
1355 2746 1542 2871 jacentes
1576 2742 1631 2840 ad
1672 2779 1794 2881 spem
1828 2735 1968 2840 fortu

360 2894 363 2895 *
508 2919 592 2982 nae
628 2882 859 3004 melioris,
899 2920 943 2984 ct
977 2884 1143 3024 aliquid
1196 2883 1448 2984 audendum
1490 2882 1599 3047 erigi
1633 2922 1792 3025 posse,
1829 2921 1968 3045 quarn

510 3023 545 3124 si
577 3062 724 3165 parata
769 2961 926 3127 auxilia
972 3066 1110 3168 prope
1146 3064 1295 3127 muros
1331 3029 1679 3167 conspexissent.
1719 3035 1866 3161 Hujus
1902 3024 1969 3125 tei

508 3167 871 3270 administrandae
915 3210 1065 3270 curam
1100 3169 1302 3312 Princeps
1337 3168 1562 3335 Philippus
1605 3185 1778 3273 Sttozus
1827 3209 1969 3269 susce

541 3311 608 3433 it,
646 3350 690 3413 et
726 3313 860 3414 Gallis
896 3313 1249 3454 Gallicarumque
1286 3315 1480 3455 partium
1531 3313 1733 3414 studiosis
1776 3309 1969 3415 faventi

507 3348 627 3575 1111,
668 3492 891 3599 quatuor
888 3495 1182 3558 armatorum
1227 3456 1465 3560 bominum
1507 3458 1643 3559 millia
1678 3458 1969 3558 conducenda

508 3600 707 3709 cutavit3
713 3597 905 3764 quibus
941 3598 1234 3741 bipartitis,
1223 3639 1316 3741 ipsc
1351 3607 1500 3702 morae
1537 3602 1746 3703 scilicet
1734 3601 1968 3765 impatiens

506 3779 611 3843 cum
636 3744 902 3886 octingentis
927 3745 1136 3884 expeditis
1163 3742 1478 3886 praecedebat,
1500 3787 1603 3847 cum
1638 3747 1790 3848 ceteris
1817 3754 1966 3848 Petrus

504 3895 681 3985 Sttozus
717 3928 769 3985 ex
804 3888 1036 3988 intervallo
1072 3889 1362 4030 sequebatur.
1409 3900 1515 3991 Hoc
1550 3873 1811 3991 Florentiam
1845 3929 1966 3990 nun-

503 4024 664 4148 tiato,
701 4038 889 4130 Cosmus
923 4031 1198 4174 Vitellusque
1248 4031 1505 4173 Philippum
1559 4033 1754 4134 celeriter
1805 4032 1966 4176 oppri-

501 4171 654 4272 mendi
689 4174 973 4275 consilium
960 4176 1184 4276 iniverunt
1217 4176 1584 4341 ,Hispanosque
1636 4179 1792 4281 milites
1842 4177 1966 4283 mille

503 4312 669 4417 circiter
704 4356 926 4420 sexcentos
944 4321 1058 4461 ,qui
1093 4358 1234 4460 prope
1270 4318 1325 4419 ad
1361 4319 1555 4421 villas
1514 4360 1721 4466 vicosque
1756 4323 1968 4423 consede

500 4492 642 4575 rant,
682 4498 785 4561 cum
836 4459 1054 4627 praefecto
1090 4463 1315 4566 Francisco
1364 4479 1590 4567 Sarmento
1649 4504 1723 4607 per
1757 4463 1966 4605 speciem

498 4534 705 4739 praesidii
741 4607 1019 4744 supplendi
1007 4646 1055 4706 m
1106 4605 1260 4707 urbem
1311 4646 1530 4729 evocant,
1568 4608 1874 4752 adjunctisque
1912 4651 1967 4710 ex

497 4746 719 4884 praesidio
768 4749 905 4850 Italici
955 4751 1121 4891 generis
1166 4751 1539 4895 quadringentis,
1570 4792 1674 4854 cum
1726 4793 1777 4854 ea
1824 4791 1963 4857 mauu

1877 4895 1965 4999 Vi
