4192 5858
507 456 748 539 CAROLI
784 455 836 535 V.
868 457 987 538 LIB.
1027 459 1196 539 XXIV.
1456 450 1541 566 283

115 611 311 755 partibus
351 653 611 759 oppugnare
663 618 899 754 coeperunt
938 652 951 723 3
989 615 1066 715 sed
1105 611 1213 713 haec
1266 621 1576 760 oppugnatio,

115 797 390 909 quamquam
427 761 474 859 in
512 760 905 902 postmeridianam
959 797 1003 860 et
1056 799 1222 860 nonam
1275 761 1364 860 diei
1414 762 1576 865 circiter

110 898 272 1004 horam
320 905 477 1004 eodem
511 945 649 1046 paene
688 942 839 1005 tenore
897 903 1153 1007 continuata
1207 942 1301 1024 est,
1338 944 1572 1048 perparum

108 1078 260 1147 tamen
299 1049 456 1148 nostris
495 1051 810 1151 detrimentum
851 1045 1103 1152 inferebat:
1141 1088 1246 1152 nam
1286 1049 1402 1150 vallo
1444 1053 1569 1156 altius

103 1227 289 1309 erecte,
325 1194 486 1293 milites
519 1196 791 1295 succedentes
827 1194 922 1293 vim
960 1192 1151 1293 telorum
1191 1191 1441 1295 evitabant.

180 1345 339 1436 XXIII.
415 1348 519 1438 Hoc
555 1338 626 1439 die
664 1338 847 1439 Carolus
887 1338 942 1437 ad
979 1339 1144 1439 vallum
1195 1336 1308 1438 Inter
1343 1340 1569 1481 Hispanos

99 1477 172 1577 rei
210 1479 386 1580 divinae
419 1480 654 1601 interfuit,
692 1479 934 1623 cibumque
969 1481 1123 1582 sumsit
1145 1520 1157 1591 3
1178 1485 1424 1623 eodemque
1455 1487 1567 1587 temss

99 1660 219 1762 pore
266 1633 357 1757 ejus
406 1626 585 1725 tentorii
617 1625 828 1725 conclave
877 1660 921 1724 et
959 1624 1259 1747 cubiculum,
1297 1625 1377 1725 ubi
1432 1628 1564 1730 lectus

99 1798 260 1867 stratus
294 1803 415 1887 erat,
447 1768 659 1870 tormenti
696 1776 783 1868 telo
817 1761 1092 1910 perforatum
1128 1808 1221 1871 est.
1267 1781 1387 1870 Cum
1417 1810 1567 1877 autem

99 1943 434 2012 tormentorum
472 1912 662 2054 impetus
700 1953 787 2012 sese
834 1912 1108 2034 remisisset,
1148 1951 1191 2015 et
1231 1913 1375 2014 hostes
1419 1916 1565 2057 sclop-

99 2056 380 2193 petariorum
419 2095 601 2157 manum
647 2055 963 2176 immisissent,
999 2057 1048 2156 in
1095 2056 1175 2158 hos
1211 2059 1393 2160 Tolerus
1434 2061 1564 2201 quin⁴

99 2234 266 2338 gentos
301 2202 609 2342 scloppetarios
645 2201 869 2342 Hispanos
905 2239 1006 2302 cum
1042 2197 1228 2303 Alfonso
1261 2201 1378 2306 Vive
1415 2203 1567 2305 immi-

99 2343 196 2463 sit,
235 2343 350 2484 qui,
389 2380 591 2446 conserto
631 2346 834 2487 praeli0,
870 2342 1015 2446 hostes
1055 2345 1103 2447 in
1147 2388 1223 2447 sua
1257 2383 1394 2448 castra
1439 2387 1563 2447 com-

99 2487 311 2629 pulemnt
326 2565 341 2608 ,
374 2529 513 2630 usque
551 2489 606 2591 ad
644 2490 756 2632 ipsas
788 2489 1051 2591 munitiones
1088 2491 1369 2632 prioremque
1403 2486 1564 2591 fossam

99 2632 368 2733 consectati,
414 2635 586 2735 Deinde
623 2634 825 2774 proxima
864 2670 993 2734 nocte
1045 2645 1211 2767 majore
1249 2672 1435 2735 numero
1473 2635 1564 2734 im-

99 2775 226 2877 missi
263 2778 570 2920 scIoppetarii,
591 2817 706 2879 nunc
736 2776 886 2900 hanc,
912 2808 1031 2880 nunc
1050 2779 1172 2880 illam
1192 2815 1363 2922 partem
1400 2812 1562 2877 castro·

99 2959 205 3020 rum
238 2960 404 3065 magno
438 2961 542 3025 cum
580 2923 761 3065 strepitu
798 2922 1085 3043 invadentes,
1121 2921 1266 3023 hostes
1309 2917 1390 3022 sub
1431 2920 1562 3022 armis

99 3064 355 3166 insomnem
389 3103 567 3171 noctem
597 3068 822 3169 traducere
861 3082 1127 3210 coegerunt.

102 3248 106 3257 ·
163 3221 334 3313 XXIV.
402 3212 613 3352 Sequenti
640 3211 711 3312 die
744 3248 849 3311 cum
886 3214 1063 3354 utrique
1100 3250 1144 3311 se
1175 3206 1321 3311 castris
1359 3205 1560 3309 contine·

99 3389 230 3473 rent,
264 3392 308 3456 et
339 3390 508 3460 tantum
541 3398 593 3457 cx
631 3355 863 3499 aggeribus
903 3392 946 3456 ct
982 3355 1088 3456 locis
1141 3355 1265 3455 editis
1311 3350 1394 3452 tela
1428 3350 1559 3452 bom'·
1665 3450 1666 3453 γ

99 3497 245 3600 bardis
284 3499 389 3601 hinc
424 3500 525 3601 inde
559 3534 985 3642 contorquerentur,
1021 3513 1264 3602 Germanus
1300 3495 1428 3636 pedes
1476 3491 1558 3593 ha-

99 3680 162 3743 sta
198 3682 375 3787 procera
410 3722 426 3764 ,
467 3685 604 3787 quam
640 3655 759 3781 picam
794 3646 928 3745 nostri
961 3679 1122 3775 ¹vocant
1156 3721 1172 3763 ,
1211 3637 1450 3782 gladioque
1486 3677 1558 3738 ar-

99 3823 271 3909 matus,
303 3789 535 3890 hostilibus
566 3791 707 3914 castris
742 3827 962 3930 egressus,
997 3787 1151 3887 nostris
1184 3785 1445 3885 contemtim
1482 3823 1559 3882 ac·⁴

99 3931 318 4053 cedebat,
352 3974 444 4034 non
477 3970 622 4056 recta,
661 3936 735 4035 sed
770 3934 856 4033 buc
894 3968 937 4034 et
975 3932 1078 4032 illuc
1116 3932 1164 4031 In
1201 3928 1437 4069 obliquum
1490 3964 1559 4023 sa-

99 4077 249 4196 iem,
282 4117 374 4218 quo
407 4078 570 4181 directa
620 4079 950 4221 scloppetorum
979 4078 1062 4177 tela
1096 4072 1344 4179 mobilitate
1382 4065 1558 4168 frustra-

99 4258 249 4340 retur,
283 4221 541 4367 hastamque
576 4218 780 4334 ferociter
815 4221 1016 4327 vibrabat
1064 4216 1328 4365 provocanti
1373 4211 1559 4330 similis,

99 4366 236 4516 siquis
277 4369 433 4469 audeat
486 4407 633 4470 secum
667 4366 834 4469 viritim
875 4366 1111 4467 dimicare.
1164 4370 1312 4491 Hujus
1366 4353 1560 4457 insolen-

99 4510 212 4608 tiam
266 4543 381 4611 non
406 4509 544 4615 ferens
567 4583 570 4591 .
594 4547 848 4614 nostrorum
889 4509 1179 4641 jaculatorum
1215 4503 1396 4646 quidam
1451 4535 1561 4599 stre·

99 4688 223 4752 nuus‘
253 4657 457 4796 Hispani,
482 4659 663 4801 generis*
687 4655 844 4775 miles,
881 4653 960 4796 qui
997 4649 1178 4793 Tamajut
1209 4644 1561 4791 cognomInaba·

99 4805 211 4944 tur,
247 4800 477 4944 scloppeto
501 4805 748 4947 deposito,
773 4799 942 4903 hastam
976 4797 1127 5045 hostili
1160 4793 1347 4898 similem
1377 4831 1429 4892 ex
1459 4824 1564 4946 pro«

1130 4981 1205 5042 na
1497 4966 1565 5031 xr-
