3998 5850
503 455 744 540 ennom
786 455 839 536 v
880 452 1503 558 urss.xx1x.491

95 616 384 723 tumultuario
420 617 591 719 delectu
631 617 799 779 cogit,
839 650 1055 715 tormenta
1097 650 1142 713 et
1184 611 1401 753 reliquum
1445 616 1548 728 belli

94 800 361 925 apparatum
386 763 544 880 addit,
583 776 774 901 cumque
810 758 876 858 his
919 753 1234 860 Norfolchium
1279 765 1509 862 Ducem
1496 805 1546 870 ιιι

94 907 345 1008 Huvietum
379 944 645 1047 properare,
683 941 727 1005 et
764 905 926 1006 bellum
969 941 1053 1043 pro
1096 942 1171 1002 sua
1212 900 1371 1004 virtute
1397 944 1544 1066 atque

93 1050 321 1210 prudentia
355 1051 650 1151 administrate
684 1045 842 1179 jubet3
887 1049 960 1146 se'd
1004 1086 1108 1148 cum
1143 1047 1179 1148 is
1222 1086 1265 1146 se
1307 1047 1544 1211 copiasque

92 1191 142 1291 in
147 1229 462 1355 conspectum
498 1193 839 1317 adversariorum
874 1190 1094 1311 dedisset,
1129 1227 1309 1331 parante
1345 1194 1544 1295 Huviero

93 1335 189 1435 acie
221 1336 425 1437 instructa
461 1336 717 1476 praelium
705 1334 843 1453 mite,
865 1343 1006 1464 major
1042 1371 1138 1471 pars
1172 1334 1402 1474 copiarum
1423 1347 1545 1437 Νοι-

25 1580 28 1583 ,
92 1471 279 1597 folchii,
315 1476 641 1582 centurionibus
677 1475 813 1577 tribus
847 1474 1098 1579 auctoribus
1116 1555 1132 1597 ,
1150 1480 1205 1577 ad
1243 1478 1451 1576 hostes
1421 1518 1544 1621 srgna

92 1622 347 1722 transtulit·
339 1690 351 1731 ‚
386 1625 537 1763 itaque
572 1617 858 1722 Norfolchius
889 1698 904 1739 ,
940 1620 1020 1762 qui
1055 1657 1098 1721 et
1134 1621 1226 1761 ipse
1272 1622 1403 1763 paulo
1442 1661 1545 1761 post

93 1801 239 1904 captus
284 1803 393 1885 est,
426 1768 500 1866 sed
547 1762 669 1865 brevi
715 1763 962 1880 liberatus,
1001 1803 1046 1864 re
1087 1760 1248 1865 infecta
1288 1764 1542 1909 amissisque

93 1909 356 2028 tormentis,
392 1910 650 2009 Londinum
684 1907 889 2007 revertit.

161 2060 335 2151 XXIV
409 2063 458 2150 In
494 2091 544 2150 ea
585 2089 727 2152 rerum
771 2047 1005 2189 iniquitate
1045 2049 1219 2192 Regina
1261 2049 1456 2192 primum
1497 2091 1542 2154 se

90 2194 148 2292 ad
184 2195 533 2336 quingentorum
560 2194 797 2333 peditum,
812 2228 1086 2293 externorum
1115 2232 1275 2336 magna
1312 2237 1363 2295 ex
1401 2231 1552 2339 parre,
1683 2275 1688 2285 .

91 2371 135 2436 et
170 2339 359 2439 totidem
395 2339 594 2500 equitum
629 2335 845 2478 praesidio
880 2335 1100 2445 munivitt
1138 2339 1294 2439 deinde
1330 2375 1413 2477 pro
1448 2339 1542 2438 sin

90 2479 229 2618 gulari
270 2522 345 2581 sua
379 2480 585 2620 sapientia
626 2480 818 2620 tempori
855 2479 1054 2599 servire,
1095 2516 1138 2580 et
1173 2482 1450 2621 popularium
1486 2480 1542 2585 fi

88 2623 191 2723 dem
227 2623 491 2763 implorare,
526 2660 570 2724 et
604 2662 726 2723 suam
762 2621 1071 2762 publicamque
1105 2661 1277 2724 causam
1313 2627 1369 2724 ad
1406 2663 1542 2764 popu·

89 2763 183 2865 lum
219 2805 344 2908 agere
379 2765 651 2890 constituit,
688 2805 744 2864 ne
779 2803 927 2907 paucis
967 2764 1180 2927 improbis
1230 2807 1280 2866 ac
1327 2766 1540 2868 seditiosis

86 2909 357 3050 versutisque
404 2905 660 3012 hominibus
704 2909 984 3032 auctoribus,
1018 2908 1217 3050 princeps
1250 2910 1401 3011 civitas
1444 2909 1541 3009 abs

89 3049 375 3171 traheretur,
419 3089 462 3153 et
503 3052 701 3193 plerique
753 3092 829 3193 per
880 3052 1224 3191 imprudentiam
1266 3053 1539 3156 laberentur

89 3196 391 3295 Convocata
379 3196 514 3337 igitur
549 3196 799 3314 concione,
833 3233 946 3335 quae
988 3188 1331 3335 frequentissima
1372 3236 1539 3296 conve-

88 3336 190 3465 nit,
224 3338 270 3438 in
304 3336 418 3441 hanc
459 3340 717 3441 sententiam
758 3339 903 3438 locuta
945 3374 1029 3438 est
1073 3353 1250 3458 „Quae
1298 3378 1371 3437 me
1412 3379 1538 3440 causa

86 3479 183 3600 „in
218 3479 337 3581 hunc
371 3481 542 3584 locum
570 3520 732 3623 praeter
772 3520 944 3584 morem
999 3483 1388 3623 auctoritatemque
1444 3494 1537 3584 Re·

85 3624 256 3765 „giam
291 3625 541 3746 induxerit,
580 3624 818 3728 fidelissimi
852 3626 1064 3745 clientes,
1101 3625 1248 3767 paucis
1284 3634 1372 3755 jam
1409 3624 1537 3725 vobis

86 3844 118 3887 „
136 3769 392 3908 explicabo.
437 3782 613 3890 Quanta
649 3808 794 3869 rerum
836 3768 1160 3908 perturbatione
1201 3767 1422 3869 Britannia
1461 3805 1537 3904 per

86 3986 120 4030 „
135 3914 430 4050 quorumdam
473 3913 778 4014 seditiosorum
812 3909 1080 4032 hominum,
1117 3948 1162 4013 tt
1196 3913 1280 4015 suis
1316 3910 1536 4050 cupidita-

85 4130 116 4171 „
132 4052 248 4154 tibus
284 4053 505 4196 publicam
551 4096 704 4197 pacem
747 4092 788 4156 et
834 4055 982 4197 Regni
1030 4057 1225 4196 quietem
1269 4050 1537 4217 posthaben-

86 4197 244 4314 „tium
300 4200 626 4338 improbitatem
675 4200 902 4341 agitetur,
934 4198 1119 4309 videtis,
1160 4200 1240 4340 qui
1281 4238 1342 4299 stc
1389 4234 1537 4337 popu-

84 4342 237 4458 „lares
280 4344 337 4443 ad
377 4382 499 4441 arma
540 4381 583 4443 et
625 4343 871 4444 libertatem
913 4379 1113 4462 vocant,
1160 4341 1282 4482 quasi
1330 4379 1434 4498 ego
1460 4377 1538 4508 per

81 4481 226 4600 „vim
275 4521 357 4585 aut
387 4486 542 4585 dolum
578 4487 855 4622 tyrannidem
890 4485 1223 4627 occupaverim,
1259 4521 1302 4584 et
1337 4524 1428 4583 non
1465 4492 1536 4611 ju-

86 4700 119 4743 „
137 4662 182 4722 re
217 4622 476 4730 hereditario
514 4667 786 4772 paternoque
822 4666 865 4730 et
906 4631 1081 4771 publica
1116 4666 1249 4730 tortus
1291 4626 1538 4728 Britanniae
1663 4744 1666 4751 Ι

81 4842 114 4888 ,,
134 4773 392 4917 auctoritare
427 4812 472 4875 et
508 4776 730 4911 uoluntate
751 4813 1033 4918 magnoque
1075 4812 1304 4918 procerum
1348 4810 1390 4874 tt
1426 4769 1537 4878 civi

922 4933 1034 5061 Qqq
1054 4962 1078 5018 2
1439 4947 1540 5032 „ta
