4170 5866
385 169 387 175 '
489 162 823 247 cnuottv.
866 164 1136 244 truxxr.
1328 186 1336 200 ,
1434 169 1515 275 189

163 349 237 442 at,
271 358 297 420 a
332 311 495 451 justitia
532 316 682 455 procul
719 311 981 414 abhorrete:
1016 327 1104 453 qua
1141 318 1194 415 de
1231 355 1275 416 te
1312 358 1414 421 cunr
1451 323 1564 429 inter

163 503 229 564 ros
266 459 459 561 eruditos
510 496 672 597 magna
725 457 1008 558 contentione
1059 452 1209 557 fuisset
1264 464 1563 603 disputatum,

163 647 194 705 >s
231 642 410 746 quoque
446 601 567 699 edito
603 597 751 700 libello
789 600 1049 701 sententiam
1083 639 1278 702 nostram
1331 609 1564 746 explicavi

163 789 241 865 us,
284 744 582 885 quorumdam
619 756 857 884 praestante
892 743 1092 904 alioquin
1128 745 1372 846 eruditione
1408 751 1568 853 Theo

163 927 323 1050 gotum
358 924 503 986 errore
545 879 831 988 multifariam
882 887 1121 1006 convict0,
1158 888 1239 1027 qui
1290 888 1370 990 hos
1406 892 1569 994 Barba-

166 1074 184 1132 s
219 1031 375 1163 injuste
412 1065 455 1129 et
490 1067 641 1130 contra
676 1029 818 1172 legem
855 1028 1054 1135 divinam
1089 1071 1115 1128 a
1150 1031 1306 1131 nostris
1342 1034 1389 1132 in
1427 1036 1565 1138 ditio

163 1214 223 1273 m
258 1175 456 1273 redactos
491 1214 577 1275 esse
613 1170 975 1274 contendebant:
966 1213 1121 1313 :quae
1171 1212 1305 1315 prava
1352 1180 1566 1314 persuasio

163 1318 372 1478 iquarum
409 1351 452 1414 et
502 1316 726 1415 inutilium
778 1316 926 1455 legum
976 1355 1322 1457 magnarumque
1371 1320 1426 1419 ad
1477 1322 1567 1421 illas

163 1498 369 1560 ovtncras
405 1456 783 1598 perturbationum
821 1458 951 1598 origo
986 1454 1099 1559 fuit.
1139 1462 1220 1562 Sed
1256 1462 1309 1560 de
1344 1459 1411 1562 his
1441 1461 1567 1566 rebus

163 1644 201 1702 ιο
238 1600 337 1701 loco
375 1599 588 1739 pluribus
606 1598 748 1701 verbis
784 1597 1153 1705 memorabimus.

172 1752 407 1845 XXXVII.
468 1744 555 1843 His
591 1740 718 1842 rebus
753 1743 1030 1863 constitutis,
1066 1747 1283 1867 Carolus,
1322 1752 1429 1850 dum
1464 1787 1567 1914 pro-

163 1888 359 2049 ctionem
397 1922 518 2026 parat
554 1886 602 1984 in
637 1884 910 2046 Belgium,
898 1923 946 1986 tn
988 1926 1136 1989 euram
1186 1929 1331 1990 rerum
1384 1893 1440 1992 ad
1476 1893 1567 1995 Hi-

163 2028 292 2130 ›aniae
328 2027 623 2169 Castellaeque
659 2027 1076 2128 administrationem
1112 2072 1156 2129 se
1204 2030 1377 2134 absente
1426 2035 1565 2174 perti-

163 2173 319 2272 ntium
354 2209 619 2291 conversus,
652 2169 904 2310 Philippum
941 2169 1083 2272 filium
1106 2185 1277 2315 Regno
1314 2216 1416 2278 cum
1452 2217 1569 2278 sum

163 2357 191 2417 a
226 2355 375 2415 rerum
411 2314 614 2415 omnium
651 2349 860 2453 potestate
903 2315 1163 2454 praeficit,
1164 2320 1388 2456 perpaucis
1441 2319 1567 2419 rebus

163 2458 344 2599 ceptis,
380 2496 486 2598 quas
521 2458 607 2556 nisi
649 2496 726 2596 per
762 2497 804 2557 se
840 2492 916 2557 aut
950 2499 992 2557 se
1044 2458 1244 2557 consulto
1293 2457 1422 2576 fieri,
1456 2460 1572 2559 nulla

163 2602 287 2701 tione
324 2598 530 2702 volebat.
582 2602 662 2700 Sed
698 2599 804 2738 quia
851 2637 906 2699 ne
955 2633 1059 2698 tunc
1111 2586 1293 2739 quidem
1345 2536 1571 2741 Philippus

163 2745 174 2844 l
211 2742 488 2904 gubernandi
518 2742 814 2843 maturitatem
848 2778 1161 2901 pervenerat,
1196 2783 1267 2840 sex
1306 2743 1422 2843 viros
1472 2782 1573 2842 ma

171 2926 230 2986 tae
284 2885 544 3027 prudentiae
597 2922 639 2985 et
692 2879 960 2985 auctoritatis
1009 2884 1287 2985 Consiliatios
1343 2883 1573 3006 attribuit,

181 3029 285 3157 tibus
322 3026 559 3148 adhibitis,
597 3028 832 3129 consilium
867 3065 949 3166 pro
987 3066 1031 3128 re
1066 3068 1114 3127 ac
1151 3062 1348 3168 tempore
1383 3064 1574 3166 caperet,

221 3212 276 3271 ue
311 3171 522 3271 maximas
544 3105 901 3270 administraret
947 3169 1014 3268 Hi
1048 3163 1166 3269 fuere
1202 3178 1398 3305 Joannes
1434 3175 1573 3268 Tave·

203 3320 301 3492 *pet
336 3313 509 3414 Garcias
544 3313 747 3431 Loaisa,
784 3311 1023 3412 Toletanus
1078 3347 1120 3410 et
1155 3311 1419 3449 Hispalensis
1454 3320 1575 3412 Pon-

214 3487 306 3611 ps,
345 3457 569 3595 iidemque
606 3388 815 3555 Eccleiiae
863 3466 1095 3555 Romanae
1146 3454 1439 3574 Cardinales,
1475 3467 1578 3556 Fer-

224 3589 290 3743 lus
326 3599 514 3699 Tolerus
549 3611 652 3698 Dux
687 3593 924 3715 Albanus,
960 3595 1133 3696 Garcias
1169 3599 1408 3697 Fernandus
1443 3606 1580 3699 Man

234 3741 432 3874 ῙΟιοιιιὶ
469 3752 633 3840 Comes
675 3742 896 3880 ‚duoque
932 3734 1140 3839 Praefecti
1188 3740 1491 3900 rehgiosorum
1530 3777 1580 3838 e-

254 3921 306 3984 m
355 3883 594 3983 Franciscus
647 3894 849 4000 Cotus,
887 3919 931 3981 et
984 3888 1181 4019 Joannes
1230 3881 1459 4021 Zugniga.
1512 3892 1583 3981 De

246 3918 399 4166 ltione
436 4064 543 4127 vero
582 4025 822 4163 studiisque
859 4023 991 4124 filii
976 4062 1064 4155 Jam
1102 4022 1158 4122 ab
1204 4062 1319 4121 anno
1363 4021 1582 4177 superiore

274 4202 341 4268 at
374 4169 583 4287 Car010,
616 4202 667 4266 ut
703 4205 803 4264 curn
840 4166 1060 4303 Episcopo
1097 4160 1446 4305 Canhaginensi
1467 4203 1581 4305 prae

337 4321 595 4411 Honoratus
626 4314 823 4442 Joannes
853 4306 1141 4426 Valentinus,
1168 4305 1305 4407 homo
1341 4305 1466 4407 domi
1502 4347 1585 4407 no-

297 4463 483 4553 Graece
521 4491 563 4552 et
606 4451 760 4551 Latine
813 4452 1019 4568 doctus,
1056 4484 1100 4549 ct
1135 4457 1328 4586 Joannes
1380 4449 1585 4551 Genesius

1506 4599 1582 4688 Se
