4110 5888
635 357 1140 433 summitatum:
1496 369 1634 438 [νη.-

147 479 403 573 machinarum
421 482 549 571 artifici
573 486 768 593 servierat,
790 518 865 572 ma·
913 488 974 573 die
1013 489 1167 595 relicto,
1191 488 1230 573 in
1262 517 1387 575 arcem
1429 521 1507 577 sese
1537 495 1626 581 reci·

145 607 269 692 chinas
305 602 545 709 fabricatur,
579 604 715 719 quibus
776 607 864 692 tecti
910 607 1047 720 piunt.

144 725 290 840 natique
326 722 420 810 fabri
465 723 672 839 militesque
712 753 863 810 murum
940 719 943 723 ⁴
986 730 1166 812 XXXIII.
1243 730 1335 814 Inde
1384 757 1624 846 erumpentes

145 840 374 932 suffodiunt.
751 852 754 857 ’
908 846 958 928 ab
989 846 1167 960 Hispanis
1202 846 1450 960 repelluntur.
1483 853 1624 938 Caesa-

199 966 381 1048 XXVIII.
441 966 503 1045 Eo
551 960 687 1049 timore
717 964 863 1080 percul·
907 962 998 1049 riani
1026 966 1157 1051 validis
1186 965 1382 1050 tormentis
1426 996 1551 1053 arcem
1581 1002 1620 1057 o.

145 1083 168 1171 si
200 1080 303 1167 Galli
334 1083 681 1167 Memoransiacum
714 1080 860 1198 praefe·
906 1106 971 1167 cto
1016 1083 1174 1198 amplius
1234 1083 1311 1169 dies
1356 1113 1620 1204 oppugnantes

144 1226 245 1287 ctum
273 1200 513 1284 obtestantur
530 1263 542 1306 ‚
558 1224 602 1284 ut
631 1202 872 1319 legationem
905 1220 987 1286 non
1021 1202 1107 1287 saris
1138 1199 1363 1322 proficiunt.

144 1321 190 1407 de
222 1347 316 1433 pace
349 1317 491 1403 mittat.
537 1321 748 1405 Caesariani
781 1322 850 1405 du·
967 1321 1152 1408 XXXIV.
1214 1320 1372 1407 Pulvere
1398 1321 1511 1439 igitur
1541 1351 1619 1414 tor·

146 1468 204 1524 ees
226 1437 471 1552 irruptionem
485 1437 524 1521 in
540 1462 734 1553 posterum
759 1440 859 1525 diem
906 1438 1093 1526 mentatio
1135 1439 1301 1559 igneque
1346 1445 1541 1557 supposito
1584 1476 1620 1531 a·

147 1554 361 1662 differunt,
397 1555 463 1640 sed
496 1581 610 1642 nocte
640 1558 859 1673 insequente
905 1560 1075 1673 gendum
1141 1584 1313 1647 censent.
1395 1563 1617 1678 Subalpinus

144 1676 301 1791 Hispani
343 1674 486 1791 pedites
539 1677 588 1761 ad
633 1676 859 1767 munitiones
905 1676 1078 1794 Princeps
1107 1707 1195 1765 cum
1242 1706 1388 1764 summa
1433 1706 1619 1796 potestate

143 1818 391 1910 pernoctant,
415 1793 597 1910 signaque
628 1823 762 1885 canere
776 1824 858 1882 non
904 1793 943 1879 in
995 1823 1115 1884 castra
1139 1797 1141 1801 ’
1164 1798 1384 1914 perveniens
1423 1799 1616 1917 inceptum

144 1913 348 2015 desistunt.
492 1977 495 1981 .
904 1941 1039 2032 urgere
1068 1918 1212 2034 pergit.

206 2034 358 2119 XXIX.
433 2031 697 2119 Caduceatore
731 2032 858 2151 itaque
962 2037 1130 2121 XXXV.
1190 2035 1318 2121 Vineis
1351 2032 1478 2150 itaque
1506 2034 1616 2124 fabri·

143 2175 230 2238 ante
257 2151 381 2238 lucem
415 2181 438 2234 a
464 2150 581 2238 Gallis
607 2153 747 2260 misso,
764 2154 858 2269 prin·
902 2152 991 2238 caris
1018 2151 1228 2268 aptatisque
1245 2215 1258 2260 ‚
1274 2153 1456 2269 ‚tumulus
1488 2158 1616 2243 subter

142 2270 241 2385 cipes
290 2270 357 2360 viri
404 2271 595 2387 utrimque
640 2273 690 2358 ad
740 2274 856 2359 collo·
902 2271 1177 2358 munitionibus
1222 2270 1392 2376 excavari
1435 2301 1613 2390 coeptus,

145 2390 275 2504 quium
302 2387 569 2498 conveniunt,
594 2389 662 2505 qui
694 2418 734 2475 re
764 2388 855 2478 infe·
900 2414 940 2473 et
972 2415 1163 2477 tormenta
1197 2416 1331 2476 contra
1353 2419 1445 2493 ¹eam
1476 2393 1615 2505 potissi·

146 2534 201 2595 cta
230 2508 454 2597 discedunt.
844 2544 847 2550 ⁴
900 2536 1008 2594 mum
1034 2534 1210 2623 partem,
1243 2507 1496 2626 qua'pulvis.
1521 2512 1614 2627 tegi-

211 2631 346 2713 XXX.
426 2626 565 2714 Relatis
620 2627 854 2745 cognitisque
898 2648 990 2731 tur,
1015 2628 1274 2730 collocantur3
1311 2623 1493 2743 simulque
1523 2630 1614 2714 mili·

143 2745 343 2833 Gallorum
377 2747 608 2862 postulatis,
643 2749 854 2832 Caesariani
899 2767 954 2829 tes
982 2746 1021 2829 in
1054 2775 1197 2863 magno
1222 2771 1494 2861 tympanorum
1524 2772 1609 2832 stre·

143 2866 256 2951 duces
288 2867 520 2954 deditionem
553 2866 630 2950 sine
658 2865 733 2951 ulla
761 2894 852 2952 con·
899 2863 980 2976 pitu
1006 2866 1056 2950 ad
1087 2864 1213 2949 hostes
1244 2864 1446 2949 eliciendos
1474 2859 1612 2952 fossam

146 2983 287 3069 ditione
317 2987 488 3104 exigtmt.
540 2984 657 3069 Gallis
691 2984 853 3070 mitiores
898 2981 1180 3097 ingrediuntur.
1555 3033 1557 3036 >

142 3101 375 3189 conditiones
418 3102 630 3219 petentibus
671 3103 853 3186 Caesaria·
940 3101 1128 3184 XXXVI.
1175 3100 1261 3184 Hac
1287 3097 1520 3185 simulatione
1543 3102 1612 3187 ho·

144 3220 179 3303 ni
213 3222 305 3306 dare
334 3246 539 3324 renuunt,
573 3220 694 3305 etad
729 3250 853 3337 oppu·
897 3241 969 3302 stes
998 3216 1145 3304 excitati
1181 3219 1231 3303 ad
1264 3218 1490 3303 munitiones
1522 3249 1611 3332 pro-

145 3338 325 3455 gnationis
355 3341 482 3426 Iocum
513 3361 773 3425 revertuntur.
896 3336 1040 3420 cedunt
1060 3336 1302 3450 ,injectoque
1333 3366 1355 3419 a
1383 3336 1612 3422 Caesarianis

23 3465 29 3473 '
206 3460 353 3542 XXXI.
420 3463 527 3542 Dum
574 3454 762 3542 mittendis
813 3478 853 3541 et
897 3482 964 3566 per
1006 3454 1198 3540 cuniculos
1227 3455 1313 3571 igne
1341 3512 1352 3559 ,
1383 3453 1421 3537 in
1454 3454 1613 3538 sublime
1633 3484 1635 3489 ·
1659 3472 1692 3484 ’“

144 3575 368 3662 remittendis
414 3575 552 3661 nuntiis
580 3600 728 3688 tempus
767 3574 851 3661 teri·
896 3570 1161 3686 projiciuntur.
1188 3571 1338 3657 Horatii
1369 3570 1526 3656 Parnesii
1556 3571 1609 3655 in-

147 3717 226 3796 tur,
253 3695 385 3780 milites
413 3697 554 3779 ducum
587 3693 723 3804 injussu
746 3693 850 3807 oppi·
896 3691 1045 3775 teritus.
1088 3690 1189 3775 Galli
1228 3687 1364 3775 fossam
1396 3687 1613 3775 hominibus
1679 3771 1681 3778 ,

148 3812 232 3896 dum
250 3813 458 3927 invadunt.
488 3811 689 3931 Belgarum
706 3835 746 3896 et
760 3817 852 3897 Get·
896 3809 1049 3923 plenam
1072 3837 1165 3893 esse⁴
1179 3808 1247 3893 rati
1265 3869 1277 3912 ‚
1293 3806 1487 3921 pulverem
1513 3836 1611 3922 quo·

145 3959 341 4016 manorum
372 3929 544 4016 saevitia.
897 3956 973 4042 que
1005 3927 1042 4011 in
1074 3928 1146 4012 suis
1183 3926 1360 4013 cuniculis
1403 3926 1610 4012 incendunt

150 4096 153 4102 ·
198 4052 362 4135 XXXII.
420 4048 628 4135 Carolusa
661 4045 734 4134 suis
782 4046 851 4134 du·
897 4045 1001 4131 irrito
1031 4070 1193 4131 conatu.

142 4166 242 4254 cibus
270 4169 465 4254 consultus
494 4168 533 4252 in
560 4167 686 4254 hostes
719 4166 853 4252 eadem
965 4167 1166 4250 XXXVII.
1239 4161 1390 4249 Eodem
1438 4186 1641 4274 tempore*

142 4316 204 4371 eos
245 4283 320 4373 uti
350 4287 564 4394 conditione
589 4286 718 4399 jubet,
735 4314 854 4399 quam
898 4314 1038 4402 magna
1067 4314 1150 4397 pars
1186 4276 1416 4367 tormentarii
1450 4278 1610 4394 pulveris

141 4405 407 4520 paciscentibus
425 4405 593 4509 dabant,'
606 4428 645 4489 et
668 4403 854 4517 oppidum
899 4427 1086 4516 concepto
1126 4400 1213 4514 igne
1258 4396 1296 4479 in
1340 4426 1424 4482 arce
1471 4397 1610 4484 confla·

141 4524 256 4610 dirui.
303 4523 357 4609 Illi
398 4527 612 4614 Hesdinum
662 4520 855 4607 munitissi·
899 4543 1012 4637 grat;
1035 4517 1286 4632 quamobrem
1312 4517 1413 4602 Galli
1452 4548 1609 4636 magno·

98 4656 101 4658 ’
142 4671 246 4726 mum
273 4643 466 4730 castellum
499 4667 686 4748 movent,
708 4665 748 4727 et
787 4671 856 4757 op·
898 4667 988 4753 pere
1023 4636 1095 4721 suis
1143 4634 1254 4721 rebus
1304 4626 1472 4722 diffidere
1520 4638 1609 4722 inci-

141 4788 333 4879 pugnant.
383 4765 508 4875 Galli,
535 4762 685 4851 castello
717 4785 856 4878 quarto
900 4759 1052 4874 piunt.'

200 4879 374 4969 Tortall.
1317 4872 1367 4953 Η
1539 4873 1611 4953 Ca,
