3998 5850
359 384 361 387 ’
488 382 579 493 438
888 391 973 471 uu
1021 388 1224 486 nunus
1271 385 1505 470 ousrrs

448 554 619 661 bruarii
654 549 905 669 Kalendas,
947 541 1107 648 afflicta
1150 546 1432 666 valetudine,
1472 537 1700 686 pervenit.
1739 545 1916 652 Eodem

450 699 536 806 fere
570 736 768 840 tempore
803 691 1021 794 Martinus
1057 702 1326 809 Rossemus,
1363 690 1537 831 dequo
1575 727 1701 830 supra
1736 712 1913 794 memo*

451 851 582 965 ravi,
618 882 719 945 cum
757 838 945 941 exercitu
982 835 1153 979 magnis
1189 833 1485 937 incommodis
1543 833 1786 977 multisque
1831 837 1910 942 de-.

452 973 666 1095 trimentis
714 983 880 1089 Galliae
916 982 1076 1102 illatis,
1116 980 1307 1083 domum
1342 976 1622 1118 hybernandi
1656 1020 1787 1083 causa
1819 983 1909 1084 red-

450 1137 563 1242 ivit.

523 1286 720 1383 XLVIII.
794 1274 965 1376 Eodem
1000 1312 1117 1374 anno
1150 1269 1319 1374 bellum
1349 1269 1512 1373 Carolo
1548 1265 1597 1370 in
1626 1270 1774 1373 Gallos
1799 1308 1909 1375 com·

452 1423 621 1567 paranti
672 1422 726 1521 de
769 1457 935 1561 magno
978 1417 1115 1520 classis
1150 1417 1366 1517 Turcicae
1409 1416 1602 1517 adventu
1655 1416 1880 1518 nuntiatur
1892 1492 1907 1537 ,

398 1607 411 1660 ’.
453 1608 591 1712 quam
625 1561 1125 1700 HenricoUSolymanus
1161 1600 1243 1704 pro
1278 1558 1512 1684 amicitia,
1550 1594 1704 1661 tamen
1747 1561 1908 1702 stipen-

453 1716 532 1815 dio
568 1709 778 1830 Gallico,
814 1707 863 1807 in
898 1706 1110 1815 auxilium
1146 1703 1378 1807 mittebat.
1424 1704 1497 1806 Ad
1531 1742 1669 1845 quem
1703 1705 1906 1840 nuntium

447 1855 636 1960 >Carolus
680 1854 727 1954 in
761 1851 930 1951 Italiam
976 1851 1033 1952 ad
1068 1887 1169 1951 suos
1215 1842 1455 1992 praefectos
1495 1848 1679 1970 mittit,
1715 1882 1771 1949 ut
1810 1856 1904 1949 Ma-

452 1998 652 2105 druccius
670 2092 672 2097 ,
689 2032 878 2138 quatuor
923 2006 1248 2096 Germanorum
1294 1992 1461 2111 millia,
1499 1992 1661 2135 quibus
1699 2029 1903 2136 praeerat,

452 2142 600 2285 portui
634 2137 816 2244 Veneris
852 2138 1137 2246 admoverett
1173 2137 1366 2239 Andreas
1384 2135 1567 2257 Doria,
1608 2138 1700 2238 huc
1737 2138 1902 2281 appulsa

451 2288 610 2405 classe,
649 2325 748 2387 eam
777 2320 967 2384 manum
1002 2281 1049 2382 in
1085 2280 1278 2390 triremes
1312 2281 1605 2422 imponeret,
1646 2316 1706 2397 et
1728 2290 1903 2421 Neapo-

454 2429 564 2541 lim,
595 2426 668 2526 cui
704 2467 730 2525 a
770 2425 962 2526 Turcica
1010 2424 1260 2565 Gallicaque
1296 2425 1424 2526 classe
1460 2425 1705 2565 periculum
1744 2462 1903 2525 metue·

454 2568 621 2690 batur,
659 2604 951 2711 properaret,
995 2602 1046 2667 ut
1088 2607 1143 2667 eo
1186 2567 1402 2708 praesidio
1440 2565 1545 2685 urbs
1587 2568 1740 2712 Regni
1781 2603 1903 2710 caput

453 2714 654 2816 adversus
689 2713 910 2813 internam
944 2707 1174 2850 perfidiam
1228 2742 1272 2811 et
1306 2710 1401 2810 vim
1434 2744 1660 2814 externam
1695 2713 1903 2815 munitior

451 2893 591 2959 esset.
648 2864 770 2958 Nam
820 2856 1060 2956 Fernandus
1114 2853 1414 2955 Sanseverinus
1461 2855 1624 2957 Salerni
1681 2858 1904 2997 Princeps,

454 3001 617 3141 partim
653 2998 991 3138 indignatione,
1027 2997 1149 3140 quod
1183 3039 1210 3096 a
1244 3004 1432 3141 Prorege
1444 3074 1460 3118 ,
1494 3038 1588 3101 non
1625 2998 1801 3120 inscio,
1834 3038 1902 3098 nec

455 3141 689 3245 obsistente
724 3140 931 3259 Carolo,
969 3178 1122 3282 parum
1158 3138 1432 3283 indulgenter
1467 3137 1746 3270 haberetur,
1794 3143 1901 3278 judi-

346 3332 348 3335 *
452 3285 721 3428 ‘ciorumque
763 3317 925 3404 metu,
966 3285 1126 3423 partim
1168 3282 1307 3385 animi
1344 3285 1524 3389 levitate
1567 3287 1815 3407 inductus,
1854 3285 1903 3386 ad

456 3443 632 3572 Regem
682 3429 908 3532 Gallorum
960 3423 1254 3569 perfugerat,
1305 3466 1386 3530 nec
1436 3429 1669 3534 desistebat
1726 3439 1905 3571 Neapo·

456 3572 615 3675 litanos
663 3610 738 3714 per
787 3571 983 3675 occultos
1034 3571 1284 3713 interpretes
1337 3573 1395 3673 ad
1429 3567 1722 3679 defectionem
1770 3572 1906 3677 solici-

457 3751 571 3819 tare.
1065 3812 1067 3817 .
1285 3817 1287 3821 .
1586 3816 1591 3827 .

529 3865 689 3962 XLIX.
764 3853 946 3965 Sublatis
991 3895 1140 3962 autem
1182 3857 1411 3963 Germanis
1456 3859 1598 3965 Doria
1624 3859 1687 3978 in
1735 3859 1908 3964 Pontiae

444 4001 621 4111 insulae
671 4040 954 4146 conspectum
999 4002 1247 4108 tritemibus
1290 4005 1476 4149 triginta
1526 4006 1728 4149 quinque
1779 4043 1911 4108 noctu

458 4189 735 4294 progressus,
773 4149 822 4251 in
856 4156 1023 4252 Turcas
1058 4148 1215 4252 incidit
1250 4189 1381 4253 naves
1416 4153 1473 4254 ad
1508 4190 1605 4256 eam
1642 4151 1828 4255 insulam
1847 4189 1910 4250 re-

457 4291 690 4417 ficientes,
724 4293 848 4435 qui,
887 4331 939 4395 ut
981 4292 1141 4403 nostris
1188 4327 1288 4396 ante
1331 4296 1437 4407 Solis
1473 4324 1676 4399 occasum
1722 4339 1773 4410 ex
1810 4295 1910 4397 loco

446 4439 580 4539 edito
614 4438 854 4581 ¹prospectis
905 4479 991 4543 sese
1026 4442 1083 4575 ad
1125 4479 1219 4542 rem
1255 4442 1494 4585 gerendam
1538 4475 1915 4583 comparaverant,

449 4578 607 4684 -subito
643 4582 691 4686 itt
725 4586 1022 4690 antecedentes
1058 4625 1187 4689 naves
1223 4583 1386 4694 invecti
1421 4622 1519 4701 sunt
1536 4587 1817 4734 ,ceterisque
1851 4578 1916 4687 fir-

1866 4768 1920 4874 ga
