4124 5880
516 435 758 518 CAROLI
800 436 852 517 V.
895 435 1010 516 LIB.
1053 440 1199 520 xvlr.
1489 443 1544 540 59

102 587 264 692 temsit
299 586 491 693 Dotiam
508 670 523 712 ,
559 627 607 690 ut
645 588 817 728 insequi
853 589 1161 709 constitueret,
1195 592 1313 696 haud
1350 594 1438 698 sibi
1474 638 1580 701 cun·

98 738 328 838 ctandum
364 772 511 854 ratus,
548 734 660 875 quin
696 734 894 834 adversus
938 735 1129 836 triremes
1173 775 1350 844 centum
1397 741 1577 884 triginta

96 916 196 980 tres
237 918 281 984 et
318 878 526 981 onerarias
562 914 693 978 naves
729 876 950 1018 sexaginta
987 915 1121 1000 octo,
1149 879 1320 982 affatim
1354 886 1494 988 milite
1532 922 1575 988 et

97 1058 347 1124 tormentis
393 1057 653 1140 instructas,
691 1056 886 1120 trrtemes
931 1057 1108 1121 centum
1153 1063 1295 1144 octo,
1341 1062 1384 1131 et
1426 1069 1571 1132 nnnus

99 1166 410 1308 quadraginta
446 1163 631 1267 biremes
666 1163 915 1282 inducet-et,
935 1198 977 1262 et
1001 1165 1191 1268 Doriam
1226 1208 1330 1271 cum
1368 1205 1461 1272 tota
1498 1214 1572 1274 sua

97 1313 243 1412 classe
279 1313 335 1411 ad
372 1348 571 1454 pugnam
607 1347 750 1449 aequo
785 1309 889 1407 loco
925 1345 1208 1449 provocaret.
1246 1321 1444 1453 Egressus
1471 1317 1570 1460 'igi-

100 1489 187 1557 tur
224 1450 462 1555 Ambracio
499 1455 593 1555 sinu
612 1531 627 1575 ,
645 1453 861 1594 triplicem
896 1452 1036 1556 aciem
1069 1453 1297 1577 instruxit,
1317 1493 1360 1557 et
1382 1457 1444 1559 ‘in
1481 1463 1571 1600 pri-

101 1608 190 1700 ma
227 1597 466 1699 biremibus
509 1595 572 1698 ob
608 1596 887 1697 velocitatem
923 1597 1183 1718 collocatis,
1219 1598 1360 1737 sicin
1396 1639 1569 1704 nostros

105 1778 231 1845 recta
267 1740 563 1885 procedebat,
599 1777 649 1842 ut
683 1773 831 1842 tamen
865 1738 914 1841 in
949 1776 1109 1843 terram
1122 1818 1136 1862 ,
1167 1782 1259 1885 quo
1295 1745 1447 1846 vitaret
1482 1747 1568 1850 im-

105 1922 268 2030 petum
305 1887 603 2013 onerariarum
639 1885 855 2002 navium,
891 1885 1068 2025 paulum
1107 1885 1367 1989 declinaret.
1464 1905 1466 1907 ’

164 2041 436 2148 ,XXXVIIL
511 2044 658 2171 Itaque
693 2030 768 2130 vix
803 2030 942 2129 Doria
977 2030 1250 2151 stationem,
1285 2033 1339 2132 de
1374 2070 1461 2172 qua
1496 2032 1568 2133 di-

104 2175 298 2297 ximus,
334 2209 540 2316 ceperat,
578 2214 681 2274 cum
727 2213 824 2274 ecce
860 2170 942 2272 tibi
977 2172 1116 2274 classis
1160 2173 1326 2277 hostilis
1368 2216 1455 2276 sese
1492 2215 1567 2276 os-

105 2320 291 2421 tendere
334 2320 522 2461 coepit:
567 2357 702 2460 quam
751 2353 910 2458 praeter
946 2358 1068 2418 suam
1105 2319 1367 2458 opinionem
1402 2315 1567 2420 infestis

104 2463 246 2605 signis
280 2466 557 2566 accedentem
592 2459 864 2603 conspicatus
898 2462 1036 2563 Doria
1050 2539 1064 2582 ,
1101 2502 1231 2564 naves
1268 2465 1483 2565 onerarias
1519 2463 1566 2565 in

104 2603 320 2708 hostilem
357 2608 530 2711 classem
566 2607 703 2739 (nam
740 2641 892 2707 ventus
933 2605 1066 2704 llabat
1109 2609 1164 2706 ad
1202 2646 1294 2707 rem
1330 2608 1567 2749 gerendam

102 2752 462 2889 accomodatus)
496 2749 647 2853 invehi
694 2750 852 2883 jubets
902 2747 950 2848 in
999 2747 1066 2850 his
1113 2750 1234 2850 enim
1285 2751 1566 2891 potissimum

41 2947 45 2949 Δ
101 2932 240 3034 spem
274 2896 483 2997 victoriae
518 2895 836 3012 collocaverat,
860 2932 940 2992 nec
975 2891 1060 2992 nisi
1096 2893 1155 2992 eis
1189 2894 1438 3025 juvantibus
1472 2931 1567 2995 tem

101 3038 276 3176 praelio
312 3039 591 3172 committere
628 3040 898 3158 decreverat,
918 3074 1077 3176 parum
1112 3038 1273 3138 scilicet
1307 3037 1441 3138 fidens
1477 3048 1568 3141 Ve-

98 3181 224 3282 netis
259 3182 542 3303 triremibus,
578 3195 816 3324 postquam
858 3181 1042 3283 militem
1079 3181 1330 3323 Hispanum
1372 3181 1567 3322 accipere

100 3363 445 3428 recusaverant:
484 3329 576 3469 ipse
610 3329 717 3427 dato
754 3326 919 3468 signo,
954 3327 1027 3425 sed
1069 3364 1151 3426 nec
1186 3327 1279 3426 acie
1321 3326 1565 3426 triremium

104 3466 358 3592 instructa,
396 3510 478 3573 nce
514 3469 671 3571 ordine
706 3505 913 3588 servato,
948 3469 996 3568 in
1030 3466 1204 3569 hostem
1241 3505 1427 3588 movet,
1464 3506 1566 3608 per-

107 3615 261 3751 paucis
303 3615 552 3719 triremibus
597 3612 860 3755 praetoriam
903 3611 1197 3751 stipantibus,
1240 3611 1391 3711 ceteris
1432 3610 1567 3754 longa

105 3757 219 3856 serie
256 3797 331 3899 per
367 3757 622 3877 intervalla,
649 3790 781 3900 prout
816 3794 1015 3894 quaeque
1051 3764 1200 3886 juxta,
1217 3754 1426 3894 proculve
1456 3765 1568 3856 'con-

107 3899 322 4020 stiterat,
356 3899 664 4044 sequentibus.
707 3901 877 4000 Eodem
924 3933 1121 4035 tempore
1174 3937 1305 3999 naves
1351 3899 1569 3999 onerariae

111 4040 166 4142 in
194 4041 369 4144 hostem
402 4085 668 4169 conversae,
687 4056 790 4143 cum
827 4078 990 4184 magna
1024 4039 1219 4142 militum
1255 4042 1473 4143 alacritate
1507 4033 1570 4139 fe·

117 4181 326 4287 rebantur
361 4227 375 4295 s
410 4193 480 4290 sed
515 4230 618 4291 cum
653 4224 804 4289 ventus
841 4185 989 4289 subito
1023 4186 1288 4304 remisisset,
1331 4182 1568 4284 necessario

119 4331 406 4434 constiterunt
444 4375 457 4433 τ
494 4374 607 4475 quae
644 4373 746 4450 res,
781 4368 832 4433 ut
886 4330 1085 4432 hostium
1121 4330 1275 4447 auxit,
1311 4328 1372 4427 sic
1409 4326 1570 4427 minuit

126 4504 370 4578 nostrorum
406 4478 610 4581 animos.
650 4489 802 4616 ltaque
838 4471 994 4572 harum
1029 4511 1114 4613 ope
1150 4470 1377 4571 destitutus
1409 4472 1570 4592 Doria,

118 4603 229 4719 intra
265 4620 341 4721 teli
384 4631 550 4751 jactum
602 4656 866 4764 provectus,
901 4613 1036 4717 hoste
1068 4611 1277 4756 praelium
1325 4610 1573 4757 frequenti-

118 4743 198 4859 bus
246 4796 570 4870 tormentorum
616 4767 706 4869 telis
757 4767 936 4869 ineunte
974 4837 991 4884 ,
1024 4760 1149 4862 nullo
1199 4799 1370 4901 prorsus
1422 4759 1575 4860 emisso

1128 4916 1222 5005 He
1514 4935 1582 5000 te-
