4170 5866
546 444 630 538 134
938 427 1020 506 ou
1053 421 1260 504 ussus
1296 419 1517 502 Gusrrs

491 627 626 688 manu
664 618 855 687 tueretur
888 657 902 712 ,
939 619 988 678 ac
1027 618 1160 727 genus
1204 576 1312 676 illud
1363 572 1637 691 bominum,
1672 610 1806 715 quae⁴
1830 578 1969 683 maxi«

492 773 568 832 ma
605 769 696 834 erat
734 765 777 828 et
813 723 972 827 nostris
1012 761 1205 864 suspecta
1244 719 1521 836 multitud0,
1558 742 1882 860 compesceret,
1916 767 1968 826 ac

494 874 542 978 in
580 872 730 976 officio
767 870 1038 973 contineret.

568 1028 618 1119 11.
694 1029 744 1116 In
792 1015 913 1114 Italia
964 1053 1146 1153 quoque
1199 1007 1393 1147 Principi
1437 1007 1726 1150 Melpborum
1765 1008 1967 1119 Andreae

495 1162 657 1264 Doriae
697 1159 835 1260 mittit
856 1235 870 1277 ,
891 1192 940 1256 ut
978 1158 1155 1255 classem
1198 1193 1371 1254 suarum
1412 1155 1647 1294 longatum
1679 1153 1858 1257 navium
1889 1202 1968 1301 pa-

494 1343 634 1405 ratam
669 1301 885 1424 habetet,
929 1336 972 1400 et
1018 1296 1231 1398 onerarias
1270 1297 1316 1395 in
1353 1297 1567 1438 portubus
1610 1297 1890 1421 retinendas,
1926 1342 1970 1406 et

495 1486 635 1548 cetera
658 1449 713 1548 ad
739 1446 927 1545 militem
966 1443 1354 1582 transportandum
1398 1442 1523 1542 utilia
1552 1447 1847 1585 comparanda
1885 1489 1969 1548 cu-

497 1630 635 1694 raret.
679 1603 850 1734 Ingrata
886 1583 972 1688 fuit
1009 1586 1174 1688 Doriae
1210 1626 1258 1688 ea
1295 1581 1399 1683 belli
1435 1588 1709 1688 denuntiatio
1723 1669 1737 1710 ,
1764 1591 1844 1731 qui
1881 1589 1970 1695 sibi

498 1747 768 1878 Genuaeque
806 1734 1003 1876 patriae,
1042 1768 1140 1832 tum
1175 1771 1201 1831 a
1237 1737 1483 1832 Turcarum
1520 1732 1649 1839 classe
1669 1805 1696 1852 ,-
1722 1774 1835 1874 quae
1870 1774 1969 1836 ma-

499 1919 590 2023 gno
628 1882 811 1981 navium
849 1877 1133 2015 militumque
1184 1914 1368 1974 numero
1419 1875 1615 2016 apparari
1666 1871 1777 1975 falso
1828 1874 1971 1981 luerat

496 2023 729 2143 nuntiata,
766 2061 864 2126 tum
901 2061 926 2120 a
963 2020 1088 2163 Rege
1125 2020 1357 2151 Gallorum
1392 2017 1657 2138 metuebat,
1690 2029 1811 2152 cujus
1848 2022 1970 2125 infit-

464 2160 626 2268 ‘miras
680 2205 780 2310 post
817 2167 1010 2267 Caesaris
1047 2163 1247 2306 Fraegosi
1296 2201 1338 2266 et
1392 2163 1581 2266 Antonii
1618 2165 1834 2265 Rinconis
1887 2207 1969 2267 ne-

499 2349 632 2430 cem,
667 2315 721 2412 de
759 2354 848 2454 qua
884 2352 965 2410 suo
1001 2311 1103 2411 loco
1148 2307 1535 2429 memorabimus,
1572 2310 1810 2450 suspectior
1847 2350 1967 2423 erats

498 2450 839 2594 itaqueomnia
875 2496 952 2555 sua
987 2454 1167 2554 consilia
1214 2456 1262 2553 in
1298 2454 1529 2596 Liguriam
1573 2455 1847 2597 patriamque
1893 2492 1967 2568 tu-

498 2601 680 2700 tandam
716 2600 998 2701 intendebat.
1054 2611 1173 2700 Cum
1217 2599 1354 2740 igitur
1390 2598 1599 2698 Carolum
1636 2611 1868 2701 Caesarem
1922 2601 1970 2702 in

370 2752 374 2759 ’
497 2746 703 2845 eamdem
739 2745 1019 2887 potissimum
1056 2782 1208 2843 curam
1243 2781 1268 2842 a
1304 2742 1452 2842 ceteris
1495 2741 1838 2886 cogitationibus
1883 2780 1969 2844 tta-

497 2884 658 2990 ducete
710 2890 794 2991 sibi
842 2886 1096 2989 conandum
1148 2887 1398 3025 statuisset,
1436 2927 1479 2987 se
1529 2925 1673 3008 veto,
1711 2889 1974 3029 respondit,

500 3072 674 3133 censete
711 3071 755 3134 et
802 3068 1028 3134 auctorem
1080 3072 1165 3134 esse
1201 3032 1399 3150 Catolo,
1435 3043 1486 3132 ut
1539 3027 1844 3133 defensionem
1882 3047 1974 3133 lta-

502 3176 620 3296 liae,
657 3177 728 3277 cui
763 3213 861 3278 tum
898 3217 924 3277 a
960 3175 1121 3295 Gallis,
1156 3213 1252 3276 tum
1289 3219 1314 3276 a
1349 3176 1503 3275 Tuscis
1541 3175 1783 3317 periculum
1820 3177 1979 3276 inten-

505 3321 677 3421 deretur
713 3398 728 3441 ‚
765 3320 931 3421 cunctis
981 3320 1221 3422 rationibus
1273 3315 1548 3440 anteferret,
1585 3360 1642 3421 ne
1694 3359 1979 3463 praepostera

505 3503 644 3587 cura,
681 3466 790 3564 dum
826 3465 954 3565 novis
990 3465 1166 3587 studet,
1194 3503 1341 3566 vetera
1376 3465 1565 3605 Imperia
1600 3466 1647 3564 in
1684 3505 1840 3566 eorum
1875 3503 1972 3564 ma-

494 3648 604 3749 -gno
641 3610 891 3711 discrimine
929 3610 1150 3750 negligere
1185 3649 1235 3708 ac
1272 3612 1463 3709 deserere
1498 3610 1745 3712 videretur.
1893 3710 1896 3714 ff

580 3763 650 3854 111.
727 3764 830 3853 Hoc
868 3791 1076 3892 responso
1113 3754 1299 3856 Carolus
1334 3755 1625 3896 indignatus,
1649 3753 1857 3856 nuntium
1895 3755 1969 3855 lit-

510 3933 708 4038 terasque
743 3900 798 3996 ad
835 3899 1020 3997 Dotiam
1057 3898 1285 3999 remittit:
1333 3900 1555 4018 „Nullius
1605 3940 1688 4000 sese
1741 3901 1796 3998 de
1847 3897 1973 4000 rebus

509 4050 648 4172 „jam
683 4037 928 4142 deliberatis
964 4075 1007 4141 et
1043 4036 1289 4143 constitutis
1325 4043 1557 4142 consilium
1596 4082 1840 4183 exspectare
1856 4121 1871 4164 ‚
1896 4083 1977 4144 nec

512 4184 642 4305 „sibi
678 4186 846 4328 placete
867 4186 897 4306 ,⁴
917 4223 967 4287 ut
1003 4223 1065 4284 tes
1100 4196 1191 4319 jam
1227 4189 1424 4329 inceptae
1460 4188 1589 4289 novis
1624 4188 1860 4328 alienisque
1900 4227 1974 4289 ra-

372 4405 374 4409 ,
513 4331 753 4448 „tionibus
787 4331 1109 4472 impediantur.
1164 4333 1309 4434 Italiae
1362 4334 1544 4455 salutem
1593 4369 1636 4433 et
1685 4331 1980 4472 tranquillita-

513 4551 544 4594 „
559 4510 682 4593 tem,
718 4478 864 4615 siquid
901 4514 1009 4617 opus
1047 4513 1185 4597 esset,
1220 4476 1305 4577 sibi
1342 4518 1466 4577 curae
1502 4477 1636 4577 etiam
1672 4513 1803 4616 atque
1839 4474 1982 4578 etiam

515 4611 654 4738 „fore
682 4657 693 4725 3
725 4622 798 4718 sed
834 4619 881 4719 id
918 4619 1120 4740 bellum,
1157 4621 1281 4760 quod
1333 4622 1484 4719 animo
1521 4632 1611 4753 jam
1664 4621 1835 4761 pridem
1876 4621 1981 4761 agi-

517 4837 548 4884 ‚,
563 4793 669 4861 taret
705 4803 757 4862 ac
791 4761 1082 4864 deliberatum
1117 4764 1295 4867 liaberet
1316 4841 1331 4884 ,
1351 4765 1468 4867 nulla
1495 4803 1543 4871 re
1580 4765 1689 4868 velle
1727 4767 1796 4891 vel
1832 4763 1981 4866 differ·

1874 4911 1986 5031 vti)
