4102 5864
265 380 431 502 ‘370
733 392 1062 476 nonanus
1109 393 1343 486 cestre

306 557 518 659 obvium
537 551 691 654 habuit
736 549 1022 652 Madruc'ium
1067 552 1390 674 Cardinalem,
1429 548 1509 691 qui
1555 549 1774 698 Philippo

308 702 393 802 suis
429 699 496 800 in
510 695 669 797 finibus
707 696 902 836 primurn
934 732 1158 799 occurrere
1193 696 1335 796 voluit
1351 734 1585 837 ,cumque
1620 738 1678 799 eo
1709 700 1778 800 le-

309 882 450 988 gatos
477 839 861 1002 Obnspruchenses
902 839 1131 979 primarios
1168 849 1259 972 eJ‘us
1296 877 1537 941 conventus
1572 841 1777 944 admini-

312 1023 560 1108 stratores,
598 1023 765 1126 magno
798 983 1001 1124 stipante
1045 984 1286 1125 equitatu,
1327 984 1390 1084 ita
1431 1019 1480 1084 ut
1515 1025 1566 1085 ea
1612 1025 1776 1088 manus

313 1071 733 1273 quadringentorrim
774 1128 973 1269 equitum
1003 1165 1240 1230 numerum
1276 1128 1537 1268 expleret,
1526 1167 1574 1228 ιιι
1609 1129 1787 1269 quibus

315 1310 436 1376 erant
472 1273 599 1371 multi
633 1272 832 1406 Comites
856 1309 1031 1411 vrrrque
1060 1271 1282 1413 principes
1310 1313 1363 1370 ex
1390 1272 1553 1372 eadem
1584 1274 1786 1383 Madru

314 1418 381 1519 cia
418 1417 584 1518 domu.
619 1416 753 1514 Paulo
765 1451 881 1576 post
907 1413 1106 1583 peditum
1142 1416 1198 1514 ad
1224 1450 1415 1555 quatuor
1443 1413 1636 1513 millium
1660 1417 1784 1516 acies

315 1595 574 1702 conspecta,
586 1560 800 1720 q'irorum
836 1567 976 1689 major
1011 1597 1107 1697 pars
1143 1563 1499 1659 Archiburariorum
1534 1595 1656 1678 erat,
1677 1596 1785 1659 tum

318 1704 451 1846 paulo
484 1688 743 1803 inferius
682 1740 793 1802 acres
824 1701 954 1801 altera
981 1736 1075 1802 tora
1106 1708 1222 1802 Arche
1215 1707 1458 1802 burariorum
1469 1741 1621 1842 ‚quae
1645 1703 1784 1822 acies,

319 1848 552 1948 accedente
586 1841 792 1988 Philippo
834 1843 1215 1985 confligentium
1204 1882 1315 1945 rntta
1351 1881 1394 1943 se
1414 1844 1640 2007 pulchram
1678 1885 1787 1986 spe

320 1990 435 2090 ciem
468 1989 797 2128 jucundamque
833 1990 1072 2090 dederunt.
1111 1990 1183 2088 Ad
1219 1989 1380 2087 Halam
1416 1987 1617 2128 proxima
1647 2023 1791 2088 nocte

322 2132 524 2234 consedit
556 2130 822 2274 Philippus,
857 2129 956 2230 ubi
972 2132 1076 2230 ad
1065 2170 1214 2272 ipsum
1246 2166 1484 2271 totumque
1527 2170 1697 2295 agmen
1736 2174 1794 2233 a

308 2277 504 2376 ⁴lendum
539 2309 694 2375 cuncta
728 2312 849 2376 erant
897 2273 1141 2379 Cardinalis
1172 2275 1436 2376 liberalitate
1479 2274 1796 2415 paratissima,

326 2420 448 2520 Hinc
483 2417 709 2582 Roberam
745 2418 904 2539 venit,
936 2420 1065 2559 quod
1101 2419 1320 2561 oppidum
1358 2420 1448 2519 ad
1445 2418 1639 2556 Tyrolis
1689 2433 1795 2522 Co-

327 2562 535 2726 miratum
572 2560 794 2704 pertinet,
828 2595 1035 2703 paretque
1069 2564 1293 2665 Fernando
1329 2572 1642 2665 Romanorum
1695 2574 1798 2665 Re-

327 2705 406 2849 gi,
442 2705 637 2868 Philippi
673 2745 864 2846 patruo,
902 2704 1118 2807 obicum
1154 2707 1377 2848 singulari
1396 2705 1699 2870 gratulatione
1747 2741 1797 2809 et

328 2848 493 2951 laetitia
527 2888 724 2990 receptus
758 2886 820 2950 est
861 2888 940 2991 pro
965 2793 1386 2993 consanguiriitate‚
1423 2890 1536 2992 quae
1571 2848 1798 3049 Philippo

331 3004 434 3092 cum
469 2997 691 3094 Fernaudo
725 2991 1049 3096 intercedebat.

403 3144 621 3234 XXXIX.
693 3145 801 3273 Jam
832 3136 1096 3236 Madtucius
1130 3137 1380 3263 Cardinalis
1412 3136 1689 3238 Tridentum
1728 3177 1803 3242 te-

332 3311 550 3397 verterat,
584 3312 636 3378 ut
670 3279 901 3380 Othonem
937 3280 1216 3410 Cardinalem
1243 3288 1549 3444 Augustanum
1584 3316 1630 3381 et
1661 3289 1804 3384 Mau-

334 3421 492 3522 ticium
527 3433 701 3522 Ducem
741 3408 955 3531 Saxonem
991 3425 1240 3564 exciperet,
1279 3465 1358 3565 qur
1394 3463 1471 3564 per
1512 3463 1655 3568 equos
1704 3427 1810 3525 dis-

335 3564 504 3705 positos
539 3567 595 3666 ad
631 3565 906 3666 salutandum
941 3563 1196 3708 Philippum
1233 3566 1495 3687 veniebant,
1530 3603 1670 3707 atque
1704 3570 1810 3671 Tri·

336 3708 472 3809 dento
507 3711 859 3850 appropinquate
893 3711 1241 3824 nuntiabantur,
1280 3751 1373 3853 quo
1408 3710 1539 3810 multi
1579 3749 1808 3850 praeterea
1955 3790 1959 3800 „
2050 3739 2051 3743 '

337 3848 424 3950 viri
460 3852 686 3992 principes
712 3894 765 3953 ιιι
792 3851 1108 3988 Tyrolensibus
1144 3851 1332 3974 finibus,
1357 3847 1498 3954 officii
1524 3855 1675 3995 gratia
1694 3856 1807 3956 mis*

292 4107 294 4113 s
339 3993 405 4113 si,
439 4031 769 4097 convenerant:
796 4007 893 4096 Est
906 3997 1026 4114 enim
1062 3997 1328 4098 Tridentum
1364 4037 1455 4097 non
1490 4034 1658 4138 magna
1696 4002 1808 4139 qui-

339 4070 442 4237 dein
477 4139 580 4240 urbs
617 4141 739 4239 Atesi
773 4139 912 4240 fluvio
947 4141 1174 4282 apposita,
1209 4144 1283 4242 sed
1319 4141 1531 4284 geminas
1569 4148 1696 4270 cujus
1738 4143 1813 4243 di

340 4281 532 4382 midium
567 4282 787 4424 Episcopo
824 4319 986 4423 paret,
1025 4320 1069 4384 et
1104 4285 1300 4449 loquitur
1335 4285 1516 4392 Italicos
1556 4283 1811 4387 dimidium

340 4424 522 4525 alterum
579 4424 848 4527 Archiduci
867 4427 1101 4549 Ameriae,
1141 4432 1320 4569 ej'u'sque
1343 4428 1500 4570 gentis
1535 4427 1678 4526 utitur
1719 4429 1812 4532 lin-
1938 4494 1940 4497 J

340 4573 459 4706 gua
515 4570 783 4673 Tridentum
831 4572 1054 4690 accedenti
1113 4571 1339 4713 Philippo
1367 4610 1529 4732 magna
1591 4571 1809 4711 equiturn

338 4710 603 4819 multitudo
615 4710 703 4816 hoc
730 4712 895 4919 ordine
930 4715 1135 4858 prodivit
1171 4713 1401 4827 obuiamr'
1403 4714 1649 4879 Madrucii
1686 4727 1810 4920 (ἔτι
