4042 5864
507 545 568 616 29.
591 540 625 599 et
653 550 708 623 3ι
736 529 916 599 Gallorum
941 520 1092 627 Reginae
1110 525 1204 598 ob·
1224 524 1408 602 Naiarta
1398 549 1431 598 ιιι
1449 524 1574 627 Regis
1588 525 1762 602 Femandi
1781 527 1824 597 V.
1849 528 1950 604 ditio·

503 630 593 701 viam
606 625 774 742 procedit.
786 632 833 698 11.
854 629 909 721 38.
931 631 1058 726 Regiae
1075 649 1205 698 men·
1274 651 1350 698 nem
1367 627 1518 700 redacta.
1546 636 1574 700 Ι.
1564 655 1627 722 ..7
1643 649 1679 700 et
1704 648 1768 723 35.

502 752 555 800 sae
571 727 750 800 accumbit.
762 731 807 796 II.
829 749 885 816 51.
898 731 1167 799 Castellanon·
1225 731 1375 803 Navarra
1392 724 1628 816 (Franciscus)
1651 728 1872 800 civitatensis
1889 731 1937 801 E-

503 828 605 899 cilio
596 844 750 900 interest.
781 829 827 896 ΙΙ.
838 831 897 919 67.
917 825 1063 900 Unuse
1081 827 1208 897 duo-a
1267 829 1429 943 piscopus
1452 826 1495 896 ad
1533 828 1781 898 Tridentinum
1819 828 1934 899 Conti-

503 928 618 999 decim
626 924 919 997 viri'saPrucertrm
935 924 1097 998 Concilio
1103 925 1168 995 66
1266 925 1357 998 lium
1389 924 1552 1024 proficisci
1582 952 1603 1000 a
1623 928 1767 1005 Carolo
1798 927 1937 1020 jubetur.

503 1028 615 1110 lectis,
633 1046 680 1096 ut
690 1024 775 1120 quid
788 1026 958 1122 optimum
974 1023 1066 1098 factu
1076 1044 1167 1111 esset,
1266 1029 1321 1097 wll
1341 1029 1386 1094 26
1393 1044 1423 1096 t

502 1125 768 1200 considerarent.
796 1129 844 1194 11.
862 1128 930 1197 80.
944 1127 1048 1197 Unus
1053 1151 1094 1198 ex
1107 1125 1169 1195 dea
1224 1126 1391 1197 Nauaerae
1419 1127 1576 1224 Princeps
1599 1124 1760 1222 capitur,
1779 1144 1817 1196 et
1841 1127 1936 1222 paulo

503 1244 577 1300 cem
593 1226 677 1318 ,qui
699 1225 733 1295 in
750 1227 865 1296 Caroli
900 1229 1065 1322 postulata
1090 1225 1170 1296 deli
1273 1245 1348 1323 post
1370 1245 1506 1296 naturae
1529 1225 1709 1296 concedit.
1733 1227 1766 1293 Ι.
1788 1245 1868 1315 679.

504 1329 654 1407 herema
674 1331 853 1396 Procerum
870 1327 1029 1396 Concilio
1053 1324 1171 1424 deligi·
1223 1324 1512 1473 NavarraeRegni
1545 1323 1663 1448 divisio
1687 1341 1722 1394 et
1753 1322 1939 1423 descriptio.
1982 1398 1983 1403 ,

504 1449 586 1500 tur.
610 1429 656 1493 11.
669 1424 727 1492 86.
751 1429 842 1495 Cum
866 1426 973 1495 tribus
997 1425 1064 1494 aliis
1088 1432 1202 1520 pro-¹
1274 1425 1412 1516 Ῑ7

504 1526 633 1599 ceribus
658 1523 803 1594 concilii
824 1523 961 1594 decreta
982 1523 1037 1593 66
1057 1529 1168 1595 Caro·
1221 1525 1402 1626 Navarrete
1437 1547 1521 1594 non
1531 1523 1639 1623 longe
1667 1545 1694 1594 a
1728 1525 1937 1620 Logroguo.

505 1628 576 1699 lum
611 1619 754 1718 perfert
788 1625 834 1690 11.
864 1624 922 1714 87.
954 1622 1200 1721 Philippum
1273 1619 1409 1693 1.1o1.

507 1721 777 1797 Maximilianum
802 1719 922 1790 adt
875 1720 1087 1812 Qtemadam
1114 1740 1169 1791 sa·
1222 1721 1364 1791 Navarri
1377 1721 1461 1814 ,qui
1485 1722 1667 1793 Gallorum
1700 1736 1819 1814 partes
1845 1715 1937 1788 secuti

508 1823 708 1902 lutaturum,
719 1819 925 1889 comitatur.
942 1823 988 1888 II.
1008 1841 1087 1914 349.
1270 1817 1431 1902 fuerant,
1458 1840 1492 1890 et
1520 1823 1556 1890 in
1580 1818 1747 1915 praesidio
1784 1818 1937 1888 Fontem·

459 1923 648 2012 Najarenses
677 1919 920 1988 tumultuantes
944 1920 1028 1988 ab
1018 1939 1166 2015 ipsorum
1272 1917 1346 1988 biae
1360 1936 1475 1988 erant.
1498 1920 1527 1988 1.
1549 1923 1629 2011 146.

505 2025 604 2095 Duce
626 2016 783 2112 repressi,
805 2039 989 2111 eorumque
1006 2018 1083 2091 urbs
1096 2019 1170 2089 Na·
1221 2017 1482 2088 Navarrottrm
1473 2017 1721 2089 inconstantia.
1752 2016 1885 2085 Ltor.
1998 2032 2000 2035 ’

507 2122 575 2210 jara
598 2116 746 2211 direpta.
773 2120 802 2184 Ι.
819 2119 877 2205 76.
1155 2114 1389 2190 Navarrus
1407 2120 1570 2202 (Petrus)
1597 2119 1765 2189 Genuam
1802 2110 1937 2210 Fregusis

457 2219 590 2293 Namur
609 2213 796 2310 oppidum.
814 2217 859 2282 11.
883 2206 1022 2306 378.
1270 2212 1418 2287 subsidio
1448 2215 1606 2286 mittitur.
1632 2218 1662 2285 Ι.
1681 2235 1769 2307 634.
1792 2215 1936 2308 Capitur.

456 2315 713 2391 Naranthonius
740 2312 927 2396 Marchio,
970 2239 1168 2385 catherinae
1272 2315 1413 2405 1.136.
1450 2313 1610 2385 Hostilis
1629 2315 1743 2385 classis
1789 2313 1936 2382 Genuam

504 2414 615 2488 Pariae
656 2411 806 2481 Henrico
848 2411 1036 2482 Britanniae
1081 2412 1169 2509 Regi
1270 2410 1462 2483 obsidentis
1476 2410 1681 2509 praefectus.
1709 2414 1740 2480 1.
1772 2414 1849 2480 606.
1873 2409 1937 2478 Ge·

460 2508 948 2688 Nltt‘l.l.‘ff“ttll.⁴.⁷¹
1271 2506 1934 2680 ”⁰tt.t‘l².l¹..¹‘5¹lt..l.²⁴a.lt

497 2640 515 2684 a

459 2710 629 2784 Nardillae
665 2709 751 2776 Dux
789 2708 966 2807 (Joannes
988 2704 1170 2803 Sepusius)
1271 2629 1466 2804 ieeaccipit.
1482 2714 1512 2777 I.
1530 2729 1614 2799 274.
1635 2712 1794 2802 Capitur,
1809 2723 1934 2797 etpala-

507 2833 570 2907 pro
616 2805 810 2902 Hungariae
852 2811 945 2903 Rege
995 2805 1213 2877 Ludouico
1272 2805 1308 2874 lo
1324 2824 1397 2900 post
1419 2825 1558 2877 naturae
1572 2806 1760 2877 concedit.
1788 2808 1906 2892 Ι..679

507 2907 755 2980 Transilvaniae
787 2920 1019 2999 procurator,
1055 2924 1088 2974 et
1124 2904 1172 2972 ob
1224 2907 1396 2978 Nauarum
1445 2905 1605 2976 Marchio
1633 2910 1793 2992 (Petrus
1824 2898 1939 2978 ΑιΙΙι)

509 3027 583 3078 eam
618 3001 855 3101 praefecturam
881 3007 1007 3074 Vaiaoda
1038 3001 1172 3072 dictus.
1274 3027 1295 3072 a
1325 3004 1452 3074 Carolo
1494 3003 1738 3085 constitutus,
1787 2999 1938 3072 Castellae

511 3108 540 3176 1.
561 3104 640 3198 308.
668 3107 707 3170 In
732 3100 924 3198 Hungarrae
936 3108 1093 3198 Regnum
1105 3123 1173 3168 ant
1274 3101 1455 3172 Concilio
1446 3119 1607 3172 interest.
1626 3102 1674 3170 11.
1691 3106 1752 3191 67.
1781 3095 1938 3171 Cumtri·

512 3226 613 3274 mum
629 3198 787 3273 intendit.
808 3203 836 3267 1.
864 3201 942 3293 308.
966 3200 1026 3271 ad
1042 3196 1172 3269 Budam

512 3307 589 3376 Rex
604 3299 848 3394 appellatur
850 3299 990 3391 .308.
987 3295 1173 3368 Femando

513 3400 753 3473 Austriaeeum
767 3415 978 3493 persequente
987 3398 1176 3471 Budam-se·
1208 3412 1214 3446 '-

514 3522 547 3570 se
568 3497 705 3593 recipit.
725 3502 753 3566 1.
773 3515 849 3590 309.
872 3494 931 3567 Ad
958 3499 1175 3609 Solymanum

514 3596 671 3669 auxilium
691 3613 824 3665 oratum
841 3594 956 3677 mittit,
971 3615 1005 3664 et
1018 3597 1176 3683 majorem

515 3695 627 3793 Regni
645 3714 773 3788 partem
790 3712 955 3789 occupat.
984 3695 1011 3761 1.
1041 3712 1118 3788 309.
1142 3699 1176 3766 Α

516 3798 586 3865 vita
570 3751 773 3864 discedens
795 3793 902 3865 lilium
935 3792 1094 3867 infantem
1125 3816 1177 3862 re-

519 3890 628 3988 liquit.
639 3894 678 3958 l.
700 3912 779 3985 369.

465 3991 591 4068 Narnia
626 3990 738 4061 civitas
765 3989 919 4062 factionis
949 3992 1092 4063 Ursinae
1117 4013 1177 4062 ex

517 4106 690 4192 pugnatur
712 4111 744 4161 et
757 4091 935 4187 durprtut
958 4097 996 4162 Ι.··
978 4114 1087 4183 ..667

473 4196 612 4265 Nassaus
631 4190 849 4277 (Henricus)
877 4214 933 4286 per
960 4188 1152 4287 Belgium
1143 4210 1178 4258 tn

1275 3199 1339 3270 bus
1363 3201 1433 3269 aliis
1456 3199 1650 3271 Proceribus
1669 3199 1820 3270 Concilii
1840 3196 1939 3266 decre·

1276 3318 1312 3368 ta
1325 3296 1369 3369 ad
1387 3299 1549 3370 Carolum
1568 3295 1725 3394 perfert.
1740 3299 1787 3364 11.
1802 3299 1856 3388 87.
1870 3292 1938 3365 Phi·

1275 3397 1356 3494 lippi
1387 3408 1616 3473 oeconomus.
1636 3399 1687 3466 ΙΙ.
1719 3419 1799 3490 347.
1829 3392 1940 3487 Philip·

1278 3520 1372 3594 pum,
1386 3499 1658 3569 Maximilianum
1675 3497 1724 3567 ad
1739 3492 1938 3588 Quemadam

1276 3596 1526 3679 salutaturum,
1548 3597 1761 3672 comitatur.
1791 3597 1835 3661 ΙΙ.
1866 3609 1940 3683 349

1278 3695 1430 3791 Philippo
1452 3718 1494 3766 ex
1510 3694 1701 3790 Rhodopes
1728 3713 1832 3792 portu
1857 3690 1939 3759 naui·

1276 3815 1400 3892 gattrro
1424 3794 1534 3864 adest.
1562 3800 1619 3864 Il.
1616 3817 1718 3887 373.
1743 3801 1779 3866 Α
1802 3798 1827 3862 Ρ
1827 3792 1937 3884 hilippo

1279 3899 1443 3964 'Asturum
1470 3892 1619 4006 Principe
1647 3917 1731 3962 cum
1763 3889 1939 3960 mtutenbut

1277 3992 1312 4062 in
1336 3992 1544 4062 Blitannia'm
1571 3990 1778 4075 mittitur,
1787 3988 1937 4088 Reginam

1278 4089 1374 4177 hulrs
1392 4090 1519 4173 verbis,
1535 4108 1574 4160 ut
1593 4113 1771 4187 sponsam,
1793 4091 1938 4160 salutant·

1281 4209 1356 4260 rus.
1383 4192 1431 4258 11.
1448 4194 1534 4279 496.
1925 4210 1928 4226 ·

517 4293 718 4363 Gallorum
736 4289 817 4361 fines
859 4289 1040 4360 exercitum
1082 4287 1179 4358 indu·
1230 4305 1372 4366 Neaerae
1390 4289 1510 4385 navigii
1533 4310 1664 4386 genus.
1652 4290 1717 4357 .I.
1740 4311 1820 4382 360.

515 4389 596 4472 cit,
620 4408 653 4457 et
683 4412 757 4460 eam
781 4390 947 4487 regionem
970 4388 1068 4488 longe
1095 4389 1180 4457 late-
1231 4387 1387 4485 Neapolis
1410 4389 1521 4484 pestis.
1555 4393 1586 4457 1.
1606 4391 1697 4457 2.61
1729 4385 1866 4459 Seditio.
1893 4380 1937 4451 ll.

515 4511 581 4581 que
600 4507 726 4559 vastat.
757 4491 784 4556 1.
803 4494 886 4583 436.
963 4517 966 4525 ·

1166 4509 1169 4520 ’
1291 4509 1417 4580 340·

469 4586 601 4663 Nassavi
623 4591 745 4657 Comes
774 4589 825 4657 vir
857 4595 997 4686 magnae
1031 4584 1180 4655 auctori·
1233 4587 1411 4683 Neapolis
1409 4586 1655 4659 Almirantus.
1701 4598 1741 4658 P.
1790 4580 1941 4656 Cardena

515 4684 594 4757 tatis
616 4686 705 4771 jussu
725 4686 864 4756 Albani
872 4688 977 4758 Ducis
1002 4685 1178 4756 Albertum

1286 4684 1548 4774 (Fernandus).

519 4781 848 4897 Brandebu'rgensem
880 4785 1055 4868 adducit,
1080 4805 1118 4853 ut
1146 4784 1181 4853 in
1231 4786 1387 4882 Neapolis
1411 4791 1554 4856 Prorex.
1589 4796 1624 4855 P.
1655 4783 1825 4861 Cardona
1844 4777 1940 4873 (1161·

277 4886 279 4888 ’
427 4944 429 4947 .
515 4883 658 4983 gratiam
680 4906 758 4954 cum
775 4887 900 4954 Carolo
924 4882 1028 4955 redire
1056 4888 1181 4982 pergat.

518 4987 572 5053 u.
590 5004 675 5077 ιιι·

1284 4882 1476 4964 mundus).
1571 4893 1585 4960 “,

1874 4981 1943 5052 Na.
