3998 5850
415 546 420 588 l

474 420 560 532 460
847 439 934 519 un
973 434 1172 519 nunus
1219 435 1441 522 onsrrs

439 594 634 697 terraneis
671 588 930 713 meatibus,
970 628 1069 694 tum
1103 592 1319 695 inusitatis
1363 589 1766 696 machinationibus
1810 590 1898 694 cir-

443 737 683 842 cumveniri
719 775 763 837 ct
785 741 1047 878 oppugnari
1082 739 1500 857 animadvertentes,
1534 775 1674 838 metus
1712 778 1895 879 magnus

445 884 649 1001 incessit,
686 920 742 982 ne
777 884 917 983 aditus
954 880 1098 983 hostes
1136 882 1220 983 sibi
1256 878 1570 1025 patefacerent,
1590 920 1664 981 aut
1701 920 1895 982 tormen-

445 1028 557 1129 tatio
595 1024 770 1166 pulvere
807 1026 982 1126 incenso
1028 1021 1273 1128 defensores
1309 1028 1393 1167 ipsi
1433 1067 1535 1126 cunr
1578 1024 1898 1126 munitionibus

447 1172 493 1272 in
532 1169 713 1271 'sublime
750 1171 938 1309 projecti
974 1171 1353 1312 opprimerenturr
1389 1169 1537 1311 itaque
1564 1171 1710 1309 palam
1748 1172 1800 1269 de
1824 1172 1896 1268 de·

364 1399 368 1406 .
448 1315 616 1415 ditione
652 1313 975 1453 loquebantur,
1012 1351 1055 1414 et
1099 1312 1503 1419 Memoransiacum
1545 1314 1703 1413 Gallici
1739 1325 1898 1413 Corne-

441 1458 609 1558 'stabilis
646 1455 888 1574 filium,ad
926 1498 1086 1598 quem,
1106 1456 1277 1556 sublato
1311 1458 1646 1595 oppugnatione
1679 1456 1895 1597 superiore

430 1594 651 1742 'praesidii
690 1595 939 1738 praefecm,
979 1601 1153 1740 tmperii
1189 1608 1361 1709 summa
1405 1599 1587 1698 redierat
1621 1676 1634 1717 ,
1673 1598 1895 1699 hortantur

329 1795 330 1798 Ν
451 1741 845 1883 obtestanturque,
880 1778 930 1841 ut
966 1742 1090 1842 rebus
1134 1780 1228 1843 tarn
1265 1741 1500 1882 profligatis
1543 1742 1813 1880 legationem
1848 1743 1894 1842 de

450 1884 762 2028 praemittat,
798 1923 840 1985 et
876 1924 987 2017 cum,
1014 1884 1242 2005 hostibus,
1278 1924 1559 2026 quacumque
1596 1886 1769 1984 ratione
1804 1924 1892 2025 pos-

452 2028 533 2147 sit,
573 2029 837 2168 paciscatur.
880 2029 1054 2128 Nostris
1090 2067 1194 2127 vero
1230 2025 1413 2126 ducibus
1449 2039 1470 2148 ,'
1505 2067 1607 2128 curn
1645 2038 1739 2161 jam
1775 2028 1891 2127 adve-

454 2208 737 2314 sperasceret,
776 2213 856 2271 nec
897 2170 997 2270 satis
1038 2207 1173 2274 essent
1215 2170 1533 2271 necessaria‘ad
1569 2171 1894 2310 irrumpendum

456 2352 631 2454 parata,
664 2353 755 2412 rcrn
792 2316 838 2414 in
876 2320 1097 2454 posterum
1133 2314 1250 2412 diem
1288 2310 1464 2428 differri,
1485 2315 1682 2453 placuit,
1710 2317 1784 2415 sed
1817 2355 1892 2412 no·

457 2491 523 2555 cte
572 2456 826 2596 insequente
877 2457 1044 2596 pedites
1096 2456 1285 2597 Hispani
1335 2459 1390 2555 ad
1440 2494 1617 2558 murum
1668 2457 1894 2598 progressi,

458 2597 620 2739 partitn
655 2601 702 2699 in
737 2595 886 2717 fossa,
926 2600 1084 2740 partim
1121 2602 1194 2699 ad>
1213 2599 1480 2717 cuniculos,
1520 2601 1704 2742 quidam
1744 2601 1794 2698 ad
1833 2639 1894 2698 tu-

458 2780 648 2982 penores
682 2744 946 2866 munitiones
983 2778 1375 2884 pernoctaverunt,
1413 2742 1621 2885 signaque
1659 2781 1835 2861 canere,
1860 2776 1895 2842 ct

492 2885 657 2986 ostibus
714 2885 897 2986 subinde
950 2887 1332 3029 oppugnationem
1381 2924 1544 3027 magno
1596 2900 1895 3029 tympanorum

460 3028 642 3165 strepitu
678 3029 887 3130 intentare
924 3070 1017 3129 non
1053 3028 1333 3132 desistebant.

533 3179 703 3272 XXIX.
780 3184 930 3313 Itaque
967 3173 1081 3274 Galli
1118 3176 1170 3276 de
1205 3173 1352 3275 labore
1409 3172 1735 3318 pervigilioque
1783 3170 1898 3291 fessi,

462 3344 505 3414 et
542 3313 627 3412 suis
663 3315 788 3416 rebus
830 3316 969 3457 magis
1005 3313 1294 3442 diffidentes,
1333 3321 1659 3453 caduceatorem
1704 3356 1804 3420 aute
1842 3318 1900 3416 lu·

324 3530 327 3537 .
463 3491 561 3555 cem
597 3456 821 3575 mittunt,
859 3497 909 3558 ut
945 3458 1029 3557 viri
1065 3499 1214 3602 graves
1249 3461 1536 3602 colloquendi
1582 3462 1723 3604 gratia
1757 3464 1805 3562 in
1845 3461 1904 3559 lo·

463 3636 566 3698 curn
602 3637 770 3700 certum
806 3602 1110 3702 mitterentur.
1147 3604 1273 3703 Missi
1299 3614 1401 3706 sunt
1426 3606 1677 3706 Ludovicus
1710 3603 1903 3730 Quixada

464 3774 508 3837 et
543 3740 751 3872 Glajonus
779 3783 817 3852 3,r
842 3786 893 3843 ex
929 3743 1126 3848 hostibus
1164 3784 1311 3847 autern
1348 3749 1439 3848 duo
1484 3749 1568 3849 viri
1603 3750 1808 3890 primarii
1850 3740 1909 3847 af-

462 3875 663 3984 fiaerunt.
719 3898 768 3985 In
804 3888 1031 4027 colloquio
1074 3889 1188 3991 Galli
1225 3927 1389 3992 sortem
1434 3931 1560 3994 suam
1602 3894 1841 4011 miserati,
1875 3923 1912 3987 ct

460 4016 661 4126 fortunae
698 4065 891 4129 accusata
940 4032 1173 4171 iniquitate
1221 4036 1441 4176 oppidum
1485 4077 1572 4137 sese
1617 4037 1779 4136 dedere
1815 4033 1914 4133 velle

461 4167 665 4269 dixerunt
695 4210 707 4279 3
748 4174 823 4271 sed
858 4214 907 4272 ea
942 4174 1239 4295 conditione,
1282 4186 1331 4277 ut
1367 4218 1521 4279 omnes
1557 4179 1719 4280 milites
1756 4177 1917 4318 pedites

424 4370 425 4374 κ
459 4311 712 4454 equitesque
748 4317 905 4417 armati
957 4355 1059 4417 curn
1109 4318 1194 4417 suis
1236 4319 1361 4421 rebus
1399 4322 1607 4444 onmibus
1645 4359 1690 4421 et
1726 4358 1922 4420 tormen-

459 4450 512 4551 tis
562 4458 867 4601 explicatisque
910 4459 1075 4560 vexillis
1121 4463 1369 4582 discedere,
1405 4464 1521 4563 nulla
1557 4463 1703 4565 affecti
1742 4464 1925 4595 injuria,

454 4597 829 4732 permitterentur.
874 4604 948 4720 Ad
984 4643 1033 4702 ea
1069 4605 1246 4723 nostri,
1286 4648 1328 4704 se
1366 4646 1470 4708 vero
1509 4648 1601 4731 non
1638 4607 1919 4747 paciscendi,

347 4790 349 4794 ·
452 4737 529 4838 sed
567 4740 799 4845 Gallorum
834 4746 1111 4876 voluntatem
1146 4749 1444 4888 cognoscendi
1481 4751 1622 4893 gratia
1664 4792 1692 4852 a
1738 4749 1921 4854 ducibus

1823 4892 1921 5011 suis,
