4124 5880
518 416 763 499 cauom
804 418 858 498 v.
901 418 1018 498 tro.
1060 421 1209 500 xvu.
1501 445 1564 534 392
1616 534 1621 543 ι

138 576 424 680 conciderat.
470 575 549 676 Sed
586 607 752 673 erectus
788 607 831 672 et
866 568 1171 695 confirmatus,
1200 614 1304 675 cum
1321 581 1324 587 ’
1339 576 1608 716 cymbarum

139 722 356 829 beneficio
390 752 434 820 et
461 757 599 858 aquae
636 714 852 818 brevitate
888 717 1117 819 neminem
1152 718 1355 861 periisse,
1372 724 1447 825 sed
1473 766 1611 867 quos*
1722 761 1782 874 ’θ

140 869 245 969 dam
283 906 398 1008 aqua
434 861 635 962 madidos
670 860 871 981 videret,
909 901 1059 962 casum
1094 861 1182 963 risu
1227 901 1490 1011 prosequens
1537 908 1605 970 at-

139 1052 223 1153 que
261 1011 397 1110 laetus
433 1006 490 1104 ad
536 1013 694 1106 terram
747 1044 860 1108 cum.
901 1045 1050 1106 sorore
1087 1004 1346 1112 devehitur.
1402 1014 1524 1114 Hinc
1560 1016 1606 1116 in
1664 1118 1668 1130 ,

139 1153 390 1298 hospitium
426 1150 767 1291 Imperatorium
814 1151 1076 1294 progressi,
1115 1147 1282 1252 bonam
1318 1155 1406 1256 diei
1441 1192 1607 1298 partem

139 1299 333 1435 jucunde
361 1334 468 1396 curn
502 1294 705 1396 omniurn
742 1293 908 1396 laetitia
945 1331 1217 1438 transegere.
1254 1299 1439 1440 Vesperi
1474 1303 1609 1402 disce-

140 1445 316 1546 dentem
354 1478 553 1540 sorotem
584 1439 773 1541 Carolus
809 1441 857 1541 in
885 1435 1097 1542 refectum
1127 1441 1401 1580 ponticulum
1426 1485 1470 1545 se
1506 1446 1609 1547 sub·
1666 1429 1670 1448 ¹

139 1589 246 1692 inde
295 1585 702 1727 complectentem,
738 1620 782 1684 et
824 1623 927 1685 cum
970 1585 1171 1722 lacrymis
1202 1585 1263 1688 ad
1298 1627 1450 1690 aurem
1485 1592 1607 1691 mul-

139 1769 183 1834 ta
220 1733 481 1872 loquentem
515 1728 727 1830 deducit.
769 1731 852 1831 Sed
887 1729 1234 1868 lacrymantem,
1254 1770 1358 1833 cum
1384 1744 1474 1866 jam
1511 1735 1605 1835 sine

141 1876 345 2015 lacrymis
372 1877 564 2016 aspicere
600 1873 693 2014 ipse
729 1913 822 1975 non
858 1911 1032 2016 posset,
1053 1875 1108 1977 ad
1145 1875 1305 1977 navem
1333 1878 1605 2018 relinquens,

138 2020 188 2122 in
225 2058 357 2122 suum
392 2017 638 2264 hospitium
673 2022 844 2161 ,quod
881 2019 1055 2122 eratin
1089 2019 1385 2162 propinquo,
1422 2022 1605 2123 reverti·

135 2201 249 2276 tur·‚
287 2201 331 2266 et
372 2205 424 2264 ex
486 2199 650 2263 enestra
693 2161 948 2305 impositam
986 2199 1030 2263 et
1070 2161 1305 2264 abeuntem
1349 2204 1426 2268 nec
1469 2163 1608 2269 obtu··

137 2345 236 2411 tum
262 2308 319 2411 ab
350 2349 405 2411 eo
439 2308 738 2408 deflectentem
773 2309 866 2450 ipse
890 2348 1072 2451 quoque
1098 2307 1263 2429 oculis,
1284 2307 1434 2451 quoad
1458 2310 1607 2433 licuit,

141 2491 205 2558 cst
238 2488 490 2597 prosecutus
523 2530 537 2575 ,
571 2451 710 2553 missis
747 2453 961 2596 plerisque
998 2453 1250 2597 proceribus
1292 2489 1335 2555 et
1383 2452 1608 2556 nobilibus

145 2598 250 2701 viris
271 2677 284 2716 ‚
303 2595 387 2743 qui
422 2638 526 2700 cum
563 2631 658 2700 tota
694 2637 768 2701 sua
805 2599 933 2702 classe
968 2598 1110 2739 ipsam
1147 2598 1203 2700 ad
1238 2598 1438 2701 medium
1472 2639 1610 2742 usque

142 2741 308 2846 itineris
344 2779 739 2887 prosequerentur.

212 2898 373 2991 XVIII.
451 2900 620 2998 Interea
658 2888 814 2990 Paulus
851 2885 1054 2992 Pontifex
1089 2888 1261 2991 nullum
1297 2886 1417 2988 diem
1433 2965 1447 3008 ,
1466 2920 1517 2987 ur
1541 2885 1606 2991 di·
1734 2967 1738 2973 -

145 3068 268 3136 ctum
305 3068 366 3138 est
400 3110 416 3157 ,
465 3031 786 3136 intermittebat
819 3111 835 3156 ,
882 3036 993 3175 quin
1035 3071 1112 3136 aut
1156 3032 1497 3175 colloquendo,
1534 3068 1612 3135 aut

146 3178 409 3280 missitandis
457 3178 738 3285 internuntiis
783 3178 997 3282 Carolum
1040 3178 1399 3319 Franciscumque
1442 3177 1516 3279 ad‘
1534 3218 1613 3321 pa-

146 3359 323 3426 temet
359 3325 669 3427 conditionum
705 3324 974 3467 aequitatem
1010 3326 1212 3425 reducere
1247 3322 1487 3423 niteretur.
1525 3324 1609 3423 Sed

145 3506 248 3569 cum
283 3506 543 3611 perpetuam
573 3508 726 3612 pacem
762 3471 912 3612 aequis
944 3468 1123 3613 utrique
1151 3463 1483 3572 conditionibus
1519 3464 1611 3566 im-

150 3648 318 3752 petrare
366 3653 460 3715 non
495 3632 672 3758 posset,
728 3614 825 3720 satis
861 3611 1060 3735 habuit,
1106 3650 1156 3716 ut
1191 3617 1344 3714 decem
1390 3644 1608 3712 annorum

145 3755 349 3859 induciae
385 3759 495 3861 mari
543 3796 745 3901 terraque
780 3758 930 3864 fierent
970 3839 984 3882 ,
1028 3801 1141 3904 quae
1177 3758 1303 3860 certis
1345 3754 1616 3859 conditioni-¹

150 3897 236 4000 bus
273 3939 416 4042 pactae
452 3938 579 4006 sunt.
619 3917 824 4027 Quarum
859 3905 932 4007 illa
967 3901 1051 4006 fuit
1087 3940 1218 4050 caput
1238 3980 1253 4025 ,
1273 3938 1332 4004 ut
1367 3899 1610 4004 ablatarum

139 4040 265 4145 bello
303 4050 517 4188 superiore
554 4086 696 4154 rerum
716 4126 734 4175 ,
757 4087 800 4151 et
837 4086 1156 4193 occupatorum
1194 4049 1462 4191 oppidorum
1490 4043 1610 4145 nulla

141 4186 267 4292 fieret
303 4189 361 4292 ab
401 4197 608 4297 alterutro
658 4196 875 4297 restitutio
913 4198 982 4300 vel
1025 4195 1254 4298 dimissio.
1307 4205 1458 4314 Quam
1499 4229 1612 4291 con·
1661 4326 1663 4332 Ι

150 4334 370 4438 ditionem
408 4341 488 4443 soli
523 4340 642 4444 Duci
677 4341 957 4462 Sabaudiae,
1006 4343 1055 4443 in
1090 4352 1211 4475 cujus
1252 4333 1411 4438 finibus
1448 4332 1616 4439 bellum

146 4471 287 4583 fuerat
323 4521 535 4626 gestum,
573 4518 755 4630 gravem
791 4521 925 4627 atque
961 4487 1254 4603 damnosam,
1279 4521 1381 4583 cum
1417 4481 1496 4581 diu
1532 4495 1619 4583 Ca·

148 4626 258 4724 tolus
307 4641 465 4731 Caesar
530 4630 621 4763 ejus
666 4670 791 4733 causa
844 4633 1154 4772 repudiasset,
1197 4666 1343 4730 tamen
1396 4625 1620 4768 publicam

143 4764 501 4876 Christianorum
548 4775 917 4880 commoditatem
962 4814 1095 4920 atque
1145 4775 1342 4918 quietem
1388 4768 1473 4872 sibi
1519 4807 1622 4870 tan-

1515 4915 1635 5015 dem.
