3998 5850
393 493 632 577 cauom
675 495 744 574 v.
775 495 889 573 ιιιι.
928 495 1114 574 ιιιιιιιιι.
1377 483 1468 595 461¹

49 654 133 762 suis
191 648 523 790 VenitUrtoque
576 648 727 748 missos
778 644 908 749 fuisse
950 649 1304 788 responderunt3
1358 658 1510 757 Gallo·

49 841 149 902 rum
186 798 323 941 igitur
359 794 574 954 postulata
609 834 652 891 se
688 794 744 891 ad
777 795 905 891 duces
940 794 1182 921 relaturos3
1167 832 1394 897 ceterum
1421 840 1515 902 rem

51 942 209 1044 frustra
245 938 341 1039 fore
379 939 665 1055 existimare,
703 977 806 1035 nam
851 937 953 1035 tales
1000 871 1272 1041 conditibnes
1324 942 1396 1040 vix
1440 986 1514 1043 eos

51 1087 267 1249 postulare
304 1082 453 1181 solitos
490 1120 575 1179 esse
595 1079 708 1219 ,qui
741 1078 918 1219 integris
954 1079 1307 1202 munitionibus,
1327 1088 1518 1186 necdum

52 1231 183 1330 ariete
218 1266 417 1368 percusso
454 1262 623 1341 muro,
661 1225 718 1321 ad
754 1220 948 1323 hostium
986 1263 1201 1324 accessum
1238 1228 1407 1367 oppido
1444 1270 1517 1329 ce-

54 1374 155 1473 dere
194 1370 335 1471 dubia
365 1364 561 1467 fortuna
590 1300 821 1475 tielint3
809 1405 923 1515 ipsos
958 1367 1152 1466 Gallos
1141 1407 1188 1467 m
1231 1407 1328 1470 eam
1371 1412 1518 1477 rerum

55 1515 338 1674 iniq-uitatem
373 1539 459 1610 esse
497 1511 740 1626 redactos,
778 1545 827 1608 ut
864 1518 977 1607 r'ectc
1022 1548 1125 1609 cum
1168 1512 1228 1610 eis
1270 1551 1416 1615 actum
1464 1517 1519 1618 iri

56 1659 284 1776 videatur,
304 1694 343 1754 ιι
380 1654 517 1754 vitam
553 1653 693 1753 modo
731 1692 756 1751 a
792 1652 1068 1807 Caesarianis
1093 1655 1211 1816 pacti
1245 1656 1293 1759 in
1329 1658 1519 1782 deditio-

55 1840 160 1904 nem
195 1800 554 1939 accipiantur.

127 1955 280 2046 XXX.
357 1941 522 2045 Relatis
571 1937 846 2101 cognitisque
882 1940 1109 2042 Gallorum
1146 1944 1404 2082 postulatis,
1438 1947 1518 2047 du·-

56 2128 127 2187 ces
164 2085 303 2188 nostri
340 2085 399 2186 eis
435 2082 670 2183 renuntiati
705 2085 887 2216 jubent,
907 2127 951 2186 se
987 2125 1079 2188 non
1115 2085 1234 2187 aliter
1272 2088 1428 2190 milites
1461 2071 1521 2190 ab

56 2230 303 2370 irruptione
355 2264 398 2329 et
440 2225 680 2387 direptione
732 2227 889 2388 oppidi
938 2266 1264 2350 contenturos,
1312 2272 1447 2373 quam
1484 2231 1520 2335 si

59 2374 209 2492 Galli,
251 2372 382 2473 armis
437 2407 481 2470 et
536 2408 658 2507 cqurs
699 2370 912 2511 omnique
953 2411 1163 2534 apparatu
1199 2310 1302 2473 belli
1339 2375 1521 2494 relictis,

60 2556 148 2614 sese
185 2517 234 2615 in
271 2514 420 2616 Caroli
456 2511 652 2612 Caesaris
694 2550 960 2650 potestatem
1006 2555 1096 2615 sme
1138 2517 1227 2616 ulla
1266 2519 1524 2619 conditione
1624 2619 1627 2626 ,

60 2659 392 2824 permitterent.
433 2669 543 2776 Quo
580 2694 789 2819 responso
832 2658 968 2796 legari
1003 2694 1079 2798 per
1120 2659 1410 2761 internuntios
1448 2701 1525 2759 ac

62 2817 241 2943 cepto,
279 2838 471 2902 mortem
521 2834 613 2898 tam
655 2801 774 2938 turpi
825 2800 1108 2900 deditioni
1096 2839 1214 2941 ipsos
1257 2804 1525 2944 praelaturos

64 2985 152 3045 esse
188 2956 460 3076 jactantes
448 2942 719 3049 discedunt,
768 2945 843 3042 sed
878 2938 1010 3084 paulo
1046 2980 1148 3083 post
1184 2980 1267 3044 tres
1304 2949 1379 3049 alii
1415 2948 1532 3052 mita

63 3121 257 3208 tuntur,
295 3090 375 3229 qui
413 3087 611 3186 mitiores
671 3082 1026 3230 honestioresque
1074 3088 1352 3191 conditiones
1398 3098 1528 3231 pete

63 3267 184 3331 tent.
238 3239 323 3332 His
359 3233 489 3332 duces
542 3227 629 3327 hoc
674 3230 898 3331 dumtaxat
943 3272 969 3330 a
1010 3272 1054 3329 se
1111 3231 1336 3371 impetrari
1396 3272 1524 3393 posse

63 3377 424 3513 responderunt,
458 3408 508 3473 ut
554 3365 777 3512 praefectis
829 3370 1220 3537 nobilibusque
1179 3376 1282 3474 vrris
1317 3376 1365 3476 in
1401 3375 1528 3514 ipso·-

63 3555 168 3618 rum
200 3553 411 3659 potestate
447 3513 804 3678 remanentibus,
838 3515 1041 3679 gregarii
1060 3517 1216 3617 milites
1253 3558 1345 3619 non
1382 3519 1527 3619 solum

67 3661 218 3761 ceteris
254 3662 426 3781 rebus,
458 3663 532 3760 sed
576 3660 706 3759 armis
750 3658 885 3762 etiam
912 3659 1091 3779 exuti,
1129 3659 1384 3761 incolumes
1407 3656 1527 3761 abire

67 3803 286 3904 sinantur.
329 3816 433 3903 Hoc
469 3802 624 3904 audito
642 3802 808 3941 ,legati
842 3839 1046 3920 orantes,
1081 3840 1131 3903 ut
1169 3804 1401 3965 tantisper,
1420 3804 1530 3904 dum
1611 3829 1612 3835 ‘

67 3943 154 4084 ipsi
190 3986 287 4045 suos
324 3950 377 4049 de
412 3948 578 4048 ducum
618 3946 846 4047 voluntate
895 3946 1097 4047 certiores
1133 3940 1301 4047 faciunt
1320 3985 1531 4086 ,respon-

68 4128 256 4230 sumque
294 4086 530 4208 referunt,
570 4086 676 4190 ab
663 4089 1000 4230 rmpugnatione
1040 4089 1298 4231 praelioque
1340 4089 1532 4189 abstine-
1602 4156 1607 4166 ·

69 4267 212 4352 retur,
253 4231 458 4341 abeunt3
494 4169 632 4334 tiostri
669 4232 766 4332 id
753 4270 899 4373 ipsum
936 4269 1210 4350 renuentes,
1249 4273 1381 4371 seque
1417 4231 1533 4331 inte-

71 4412 147 4475 rca
188 4377 416 4517 quieturos
461 4415 548 4475 esse
591 4411 837 4519 negantes,
877 4378 934 4476 ad
993 4375 1350 4518 oppugnationis
1383 4376 1535 4481 locum

70 4555 375 4622 revertuntur.
487 4603 489 4608 s

96 4673 313 4763 XXXl.
387 4678 599 4766 Ceterum
652 4673 742 4793 jam
778 4659 938 4763 milites
991 4659 1212 4760 ducum
1199 4671 1363 4791 injussu
1401 4657 1536 4802 oppi
1652 4785 1657 4797 ‚

68 4801 231 4911 dum
218 4843 504 4921 mvaserantr
533 4846 642 4909 nam
674 4807 787 4911 dum
817 4803 1042 4911 mittendis
1079 4840 1124 4910 et
1158 4806 1426 4912 remittendis
1462 4805 1597 4943 les-Q

1462 4984 1539 5089 ga
