4110 5888
541 414 566 472 a
906 391 995 474 DE
1043 383 1251 469 REBUS
1291 381 1516 465 GESTIS

505 593 614 698 pore
648 550 753 652 anni
794 546 968 650 difficili
1017 550 1140 681 (erat
1176 545 1296 647 enim
1348 544 1439 646 dies
1492 539 1702 686 septimus
1738 543 1966 646 Kalenda-

508 738 608 799 rum
644 693 933 830 Decembris)
984 729 1134 793 tamen
1186 689 1338 792 itinere
1388 688 1554 792 nullam
1604 689 1764 790 noctis·
1798 727 1971 831 partem

510 841 790 958 intermisso,
833 835 915 943 sub
966 838 1111 938 lucem
1161 836 1394 978 pervenit,
1430 836 1584 937 decem
1636 869 1678 934 et
1713 867 1817 934 octo
1865 875 1971 976 pas-

511 1027 638 1086 suum
674 979 868 1083 millibus
904 1021 1071 1120 magno
1107 979 1259 1080 labore
1304 981 1538 1119 studioque
1579 979 1775 1081 militum
1818 975 1971 1080 confe-

512 1131 624 1248 ctis,
662 1163 760 1226 tum
798 1123 948 1223 ceteris
984 1124 1217 1225 consistere
1254 1125 1411 1258 jussis,
1445 1122 1635 1265 Hispani
1671 1125 1725 1224 ad
1762 1162 1856 1226 rem
1891 1166 1974 1268 ge-

510 1275 693 1374 rendam
731 1268 951 1410 praemissi
981 1346 996 1389 ,
1027 1303 1085 1371 etw
1105 1269 1154 1371 in
1187 1306 1332 1369 arcem
1366 1268 1563 1407 recepti,
1594 1269 1713 1369 unde
1748 1270 1975 1411 oppidum

457 1474 463 1484 ·
510 1416 845 1555 irrumpentes,
896 1413 1132 1514 commisso
1167 1413 1333 1552 praelio
1388 1410 1534 1512 hostes
1579 1451 1735 1513 omnes
1779 1450 1853 1514 aut
1895 1415 1973 1515 in·-

509 1559 761 1679 terficiunt,
797 1594 872 1659 aut
922 1558 1133 1699 capiunt.
1185 1559 1266 1657 Sed
1328 1597 1423 1658 non
1471 1557 1698 1658 incruenta
1750 1558 1967 1671 victoria3

509 1705 677 1844 quippe
712 1702 960 1804 desideratis
995 1740 1099 1802 cum
1134 1700 1368 1822 aliis,tum
1411 1701 1459 1802 in
1496 1702 1647 1842 primis
1682 1701 1973 1838 Hieronymo

510 1848 736 1947 Mendoza
761 1847 957 1949 militum
981 1844 1192 1967 tribun0,
1215 1882 1258 1947 et
1283 1846 1528 1949 Guilierrno
1554 1849 1779 1947 Moncada
1806 1858 1972 1989 Hugo-

511 1991 577 2091 nis
595 1989 735 2111 filio,
766 2027 809 2091 et
845 1989 1143 2133 compluribus
1179 1991 1409 2094 vulneratis
1437 2070 1452 2111 ,
1480 1991 1608 2091 casali
1643 2024 1852 2132 recept0,
1879 2024 1973 2091 tra-

511 2135 698 2279 ditoque
741 2136 858 2249 Duci
875 2145 1179 2259 ·Mantuan0,
1214 2135 1263 2238 in
1305 2133 1503 2274 hyberna
1545 2135 1753 2238 exercitus
1788 2140 1974 2240 Astam-

511 2320 600 2422 que
636 2282 865 2385 reductus.
1265 2397 1267 2401 q
1540 2371 1544 2378 .
1614 2297 1616 2301 ’

581 2437 631 2526 Π.
708 2423 875 2527 Diebus
925 2425 1097 2569 aliquot
1156 2424 1395 2560 interjectis
1428 2506 1443 2549 ,
1481 2424 1626 2528 hostes
1676 2463 1862 2528 numero
1915 2427 1973 2530 ad

451 2655 454 2664 .
510 2567 632 2667 mille
667 2571 900 2713 quingenti
935 2574 1117 2674 Caraim
1165 2575 1384 2716 oppidum
1420 2571 1718 2676 Sabaudiensis
1758 2569 1974 2692 ditionis,

510 2710 622 2813 nibil
656 2716 889 2857 oppidanis
927 2718 1309 2862 repugnantibus,
1338 2754 1642 2862 occuparunt3
1679 2757 1773 2859 quo
1809 2715 1973 2816 nuntio

424 2873 427 2876 ’
512 2857 677 2979 allam,
700 2862 943 2965 Franciseus
968 2862 1225 2965 Salutiarum
1254 2862 1462 2966 Marchio
1499 2862 1733 3007 negotium
1769 2858 1853 2960 sibi
1889 2898 1974 3000 op⁴

513 3001 671 3139 pidum
707 3006 946 3147 recipiendi
982 3008 1215 3150 deposcit,
1251 3011 1306 3109 ad
1348 3048 1484 3152 eaque
1529 3006 1849 3150 perficiendum·
1880 3003 1974 3108 Hi-¹

449 3284 451 3288 Α
514 3182 750 3283 spanorum
789 3188 941 3289 parem
976 3147 1173 3253 hostibus
1210 3193 1443 3255 numerum
1480 3153 1622 3294 petits
1653 3151 1814 3294 quibus
1851 3147 1975 3248 attri-

470 3403 475 3409 ,
514 3283 664 3409 buris,
700 3293 968 3436 Caraimque
1003 3298 1233 3421 deductis,
1270 3299 1317 3399 in
1353 3337 1532 3428 arcem,
1570 3337 1682 3438 quae
1717 3331 1976 3397 nostrorum

514 3435 728 3570 praesidio
778 3437 1040 3563 tenebatur,
1075 3480 1197 3584 parte
1249 3441 1508 3563 submissa,
1544 3442 1737 3583 reliquos
1792 3440 1839 3542 in
1889 3473 1978 3538 tres

514 3612 655 3713 partes
691 3580 877 3703 divisit,
911 3584 1148 3687 invadendi
1184 3590 1353 3689 cunetis
1390 3631 1442 3688 ex
1477 3585 1675 3729 partibus
1711 3618 1843 3725 atque
1884 3621 1979 3723 op-

514 3725 746 3860 pugnandi
781 3760 977 3867 tempore
1015 3730 1233 3873 signoque
1270 3734 1549 3855 constituto,
1586 3772 1691 3834 cum
1726 3728 1819 3868 ipse
1854 3727 1981 3826 duo-

515 3857 597 3961 bus
634 3871 893 3989 tormentis,
931 3911 1044 4013 quae
1081 3875 1448 4017 praetergrediens
1491 3919 1543 3976 ex
1578 3888 1764 3975 fossano
1806 3909 1981 3972 conve-

513 4045 632 4107 xerat
654 4034 682 4129 ,'
700 4008 890 4113 bombos
927 4016 1157 4122 edidisset.
1196 4022 1278 4121 Sed
1314 4055 1457 4119 tantus
1492 4014 1578 4119 fuit
1614 4017 1809 4118 militum
1845 4016 1981 4118 ardor

399 4294 401 4297 ι
515 4186 556 4248 et
591 4157 824 4278 studium,
859 4195 910 4258 ut
943 4199 1109 4305 magno
1146 4166 1295 4266 animo
1331 4198 1465 4305 atque
1501 4164 1706 4305 impetu,
1739 4196 1981 4302 antequam

460 4352 463 4359 ι
515 4292 691 4439 signum
742 4303 953 4425 daretur,
991 4309 1182 4428 adorti,
1219 4308 1338 4409 scalis
1381 4309 1572 4410 admotis
1627 4346 1808 4410 murum
1858 4345 1979 4405 con-

514 4443 813 4571 scenderent,
851 4449 1107 4591 indignante
1158 4453 1454 4573 Marchione,
1496 4456 1622 4598 quod
1673 4452 1753 4593 qui
1803 4448 1978 4589 primus

512 4622 596 4682 esse
634 4589 788 4709 vellet,
820 4592 999 4694 ultimus
1034 4597 1079 4695 in
1115 4595 1259 4697 hostes
1291 4600 1542 4737 ingrueret.
1580 4610 1686 4698 Hoc
1722 4593 1888 4736 praelio
1921 4633 1978 4694 ex

512 4723 709 4834 hostibus
760 4737 815 4835 ad
864 4741 1083 4880 nongenti
1131 4743 1278 4863 caesi,
1315 4742 1447 4844 ceteri
1498 4742 1616 4884 capti
1664 4777 1707 4843 et
1757 4735 1977 4841 vulnerati

1714 4974 1718 4979 ,
1840 4917 1967 5012 sunt;
