4170 5866
607 409 852 494 ennom
894 416 946 497 v.
997 418 1114 498 ars.
1150 386 1243 500 x'x.
1534 446 1611 532 151

189 613 286 680 non
323 574 468 679 solum‘
504 568 636 675 initio
663 574 958 676 minuendum
981 615 1068 676 esse
1104 581 1267 680 censuit
1304 577 1521 689 tributum
1547 631 1658 696 con⁴

187 762 412 844 suetum,
447 722 521 822 sed
558 756 785 859 postremo
836 719 971 824 etiam
1008 724 1063 821 de
1099 725 1338 861 pecuniis,
1371 772 1486 873 quae
1536 775 1658 841 extra
1770 752 1774 760 '

181 870 397 971 ordinem
448 861 826 1008 postulabantur,
867 866 1062 1008 collegae
1097 867 1377 1012 civitatisque
1429 918 1528 979 suae
1577 926 1659 985 an.

174 1014 365 1116 nuentis
400 1010 663 1113 sententiam
699 1048 786 1110 sese
823 1051 915 1111 non
965 1010 1149 1151 probare
1186 1016 1333 1155 palam
1369 1018 1416 1120 in
1451 1027 1660 1130 Concilio

173 1157 438 1259 testificatus
476 1191 539 1256 est
566 1180 591 1275 ,‘
615 1153 664 1255 in
709 1194 854 1295 eoque
892 1156 1112 1298 perstitit.
1166 1169 1376 1262 Ceterum
1425 1165 1658 1273 civitatum

167 1313 356 1434 majore
395 1337 516 1441 parte
566 1300 911 1420 consentiente,
954 1300 1186 1406 duodecies
1237 1343 1420 1408 centena
1471 1313 1659 1416 ducato-

171 1488 289 1550 rum
325 1484 562 1548 aureorum
597 1445 739 1548 millia
777 1445 1023 1589 exigenda,
1063 1486 1155 1587 qua
1192 1451 1360 1553 ratione
1406 1457 1661 1595 postulaba-

172 1629 294 1714 tur,
333 1590 544 1731 imperata
581 1624 713 1698 sunts
751 1625 794 1690 et
830 1589 1097 1732 quibusdam
1134 1589 1294 1715 rebus,
1332 1638 1444 1738 quae
1480 1603 1537 1700 ad
1574 1642 1661 1742 pu-

169 1735 356 1838 blicam
409 1736 778 1837 commoditatem
830 1736 1044 1876 pertinere
1097 1737 1362 1843 videbantur
1384 1820 1399 1863 ,
1421 1759 1458 1842 'a
1493 1748 1659 1850 Carolo

175 1883 383 1987 vicissim
419 1881 703 2022 impetratis,
737 1879 996 1982 Concilium
1032 1879 1297 1985 dimittitur.

258 2037 405 2130 XXII.
480 2034 560 2127 Per
595 2025 642 2126 id
678 2061 852 2167 tempus
888 2063 971 2130 tres
1007 2022 1175 2128 nobiles
1210 2027 1504 2133 adolescentes
1532 2033 1660 2139 Lati-t

171 2211 244 2277 ne
282 2212 377 2273 non
413 2168 592 2312 ignari,
620 2171 729 2273 dum
765 2211 809 2272 se
846 2172 977 2271 docte
1013 2211 1064 2271 ac
1101 2166 1236 2277 facete
1271 2175 1450 2296 ludere,
1473 2216 1523 2278 ac
1560 2191 1659 2282 Ro-

176 2354 366 2417 manam
404 2314 695 2436 libertatem,
732 2351 777 2416 et
813 2319 1005 2453 Parquini
1041 2319 1190 2417 vocati
1224 2318 1448 2420 licentiam
1496 2322 1661 2427 imitari

179 2462 376 2602 impune
412 2500 538 2602 posse
576 2493 768 2601 putant,
807 2460 1183 2562 contumeliosum
1217 2460 1416 2564 libellum
1459 2461 1660 2570 confece-

175 2639 290 2708 runt
325 2645 379 2706 ex
415 2603 597 2749 Virgilii
634 2603 916 2748 potissimum
953 2642 997 2707 et
1023 2606 1217 2744 ¹Horatii
1253 2606 1521 2709 carminibus
1550 2614 1661 2713 coa-

174 2786 502 2894 gmentatum,
539 2749 621 2893 qui
671 2751 898 2851 aCarolo
933 2787 978 2850 et
1013 2747 1220 2892 Philippo
1272 2750 1426 2852 leviter
1484 2755 1662 2892 perstri-

180 2897 272 2997 ctis
309 2894 479 3012 exorsi,
517 2937 570 2996 ex
606 2893 851 2996 Antistibus
887 2974 903 3016 ,
941 2892 1193 3036 proceribus
1234 2928 1367 3035 atque
1403 2891 1660 3018 nobilibus,

176 3040 271 3183 qui
307 3039 521 3145 Valdoliti
559 3040 738 3140 aderant
775 3036 990 3181 ,primos
1027 3078 1231 3182 quosque
1268 3039 1401 3180 paulo
1438 3041 1662 3181 asperius,

186 3221 233 3285 et
265 3186 484 3327 quosdam
514 3184 644 3288 etiam
665 3183 853 3327 graviter
889 3183 1188 3287 incessebant.
1227 3193 1377 3318 Hujus
1412 3183 1550 3286 libelli
1586 3227 1660 3286 ex-

157 3329 387 3470 emplum
424 3367 566 3429 unum
618 3365 755 3429 noctu
810 3324 977 3430 foribus
1027 3324 1121 3429 fani
1171 3327 1281 3429 Divi
1341 3328 1466 3428 Pauli
1516 3368 1660 3470 prope

183 3473 380 3618 Regiam
416 3469 602 3576 affixum
648 3468 767 3579 luits
807 3514 901 3613 quo
953 3471 1065 3573 bene
1090 3482 1093 3485 ’
1115 3512 1245 3575 mane
1281 3513 1307 3572 a
1345 3473 1660 3611 praetereunti-

179 3615 269 3719 -bus
305 3619 404 3720 viso
419 3696 434 3739 ,
467 3654 513 3719 et
549 3619 606 3719 ad
644 3659 686 3717 se
722 3620 924 3761 protinus
961 3618 1142 3738 delat0,
1179 3618 1364 3719 Carolus
1401 3614 1488 3716 hoc
1524 3615 1658 3718 vehe-

178 3762 381 3866 mentius
417 3796 480 3867 est
515 3800 806 3883 commotus,
844 3763 969 3905 quod
1007 3761 1211 3864 Madritii
1246 3799 1347 3863 ante
1392 3799 1531 3862 asinos
1573 3800 1662 3863 tres

187 3910 388 4039 ejusdem
423 3909 593 4047 generis
638 3905 837 4007 libellum
872 3902 1000 4009 fuisse
1050 3906 1366 4029 summissum,
1403 3940 1448 4005 et
1499 3911 1661 4006 eodem

179 4054 335 4152 modo
383 4054 437 4152 ad
487 4095 530 4153 se
585 4052 779 4155 delatum
830 4052 1121 4171 meminerat,
1157 4052 1213 4151 de
1250 4091 1344 4193 quo
1395 4083 1657 4191 propterea,

180 4199 316 4339 quod
353 4194 401 4298 in
436 4237 478 4297 se
513 4199 743 4300 dumtaxat
778 4192 1034 4299 confectum
1071 4234 1204 4315 esset,
1234 4195 1542 4339 quaestionem
1576 4193 1661 4296 ha-

186 4343 284 4446 beri
320 4341 547 4444 noluerat.
585 4353 746 4486 Ergo,
781 4343 860 4482 qui
896 4383 1019 4443 suam
1055 4338 1182 4442 facile
1218 4341 1418 4455 tulerat,
1454 4377 1661 4441 commu-

186 4494 293 4588 nem
329 4489 573 4591 multorum
608 4485 929 4589 contumeliam
967 4484 1155 4625 pessimo
1193 4483 1394 4626 exemplo
1432 4478 1662 4585 ferendam

189 4669 285 4732 non
320 4635 531 4773 putavit,
567 4675 622 4735 ne
659 4632 795 4775 turpis
832 4669 875 4733 et
912 4630 1024 4731 olim
1061 4627 1324 4773 gravissimis
1361 4628 1513 4770 poenis
1559 4668 1661 4728 san-

184 4776 278 4879 cita
313 4780 522 4900 licentia,
561 4819 697 4924 quam
732 4781 779 4880 in
815 4776 1031 4884 Romanis
1067 4773 1380 4878 recentioribus
1418 4770 1662 4876 detestaba-

1577 4948 1665 5034 tur,
