4170 5866
506 371 507 374 ‘
576 390 825 474 cauom
864 393 914 471 u.
957 395 1071 474 utu.
1105 395 1233 476 xxr.
1507 391 1593 518 ¹163

169 548 233 648 les
282 547 539 653 inclinatura
588 545 870 667 videbatur,
927 549 1144 711 simulque
1195 549 1381 664 militem
1436 591 1530 660 tum
1581 561 1629 663 in

165 697 400 836 Aragonia
437 733 480 796 et
515 693 774 812 Catalonia,
811 730 905 793 turn
949 733 995 792 tn
1032 695 1216 795 Castella
1263 698 1408 835 primo
1445 742 1624 844 quoque

161 870 376 997 tempore
411 838 745 940 conducendum
780 836 1037 957 mandavit,
1072 840 1189 939 unde
1223 841 1435 979 praesidia
1474 885 1622 948 neces·

156 1017 279 1078 sarra
314 981 420 1079 locis
456 979 625 1084 idoneis
663 981 1025 1120 disponerentur.

240 1131 318 1220 IX.
393 1124 563 1226 Eodem
599 1159 800 1263 tempore
850 1161 926 1263 per
975 1124 1152 1223 nuntios
1202 1159 1246 1223 et
1295 1124 1493 1227 litteras
1504 1169 1620 1295 quq-

33 1304 38 1312 ·
155 1300 410 1400 quoversus
446 1265 494 1364 in
531 1266 763 1377 Castellam
798 1266 1025 1384 dimissas,
1064 1264 1240 1407 singulis
1285 1304 1388 1366 turn
1430 1272 1635 1386 civitati¹

164 1401 251 1503 bus
287 1443 331 1506 et
367 1407 617 1548 municipiis
655 1409 818 1549 pedites
855 1448 937 1548 pto
975 1409 1130 1549 populi
1176 1419 1386 1550 cujusque
1435 1412 1615 1516 arbitrio

150 1582 214 1645 et
248 1588 522 1688 superiorum
554 1551 852 1690 similiumque
888 1574 1140 1691 temporum
1174 1554 1497 1654 consuetudine
1517 1560 1614 1657 mit-

166 1692 354 1809 tendOS,
377 1729 472 1792 tum
508 1693 788 1794 Antistitibus
825 1729 869 1793 et
936 1691 1186 1814 roteribus‚
1227 1697 1494 1858 praescripto
1530 1738 1612 1840 pro

161 1840 376 1992 cujusque
411 1831 592 1936 fortunis
628 1871 671 1934 et
706 1732 990 1996 vectigalilus
1024 1875 1246 1958 numero,
1277 1839 1445 1978 equites
1480 1841 1613 1982 impe-

147 2011 279 2079 wravit
314 1976 649 2118 cataphractos,
683 1979 832 2079 ceteris
868 1978 1048 2080 Baeticis
1084 2019 1232 2080 autem
1267 1981 1442 2081 levioris
1476 2022 1611 2083 arma-

162 2154 281 2220 turae
317 2118 380 2220 ob
414 2160 541 2221 usum
577 2129 786 2254 majorem
822 2120 1048 2260 equitandi
1085 2159 1128 2221 et
1164 2163 1383 2264 equorum
1415 2125 1610 2224 celerita-

159 2294 284 2382 tem,
325 2264 397 2376 iis,
441 2265 520 2405 qui
557 2280 783 2403 tamquam
819 2303 987 2404 primae
1022 2263 1160 2364 classis
1197 2303 1338 2386 eraut,
1372 2303 1606 2387 centenos,

132 2341 419 2505 ‘ultiniae
379 2445 589 2525 vrcenos,
626 2405 801 2567 reliquis
837 2444 920 2545 pto
956 2401 1232 2507 fortunarum
1273 2408 1485 2516 rationes
1527 2449 1606 2509 nec

163 2585 230 2644 eas
269 2587 419 2651 manus
455 2550 617 2650 statim
640 2547 794 2667 mitti,
829 2550 903 2647 sed
939 2548 1042 2647 ad
1030 2583 1140 2669 tter,
1180 2590 1284 2650 cum
1318 2589 1602 2685 vocarentur,

159 2726 324 2827 paratas
361 2733 448 2794 esse
496 2691 734 2834 praecipit3
773 2730 876 2790 nam
922 2687 1085 2790 bellum
1120 2693 1414 2812 Carolus,
1371 2692 1455 2792 ntsi
1502 2733 1604 2793 cum

158 2870 267 2932 esset
303 2877 327 2935 a
360 2847 483 2977 Rege
519 2872 653 2976 ruptis
689 2834 833 2974 palam
870 2834 1056 2932 induciis
1092 2834 1296 2953 illatum,
1330 2872 1475 2975 gerere
1512 2834 1602 2975 ipse

159 2975 363 3079 nolebat.
411 2980 483 3078 Ad
520 2978 682 3121 equites
719 3015 824 3077 vero
861 2976 1194 3115 praesidiarios,
1230 2976 1342 3116 qui,
1376 3013 1512 3116 nuper
1547 2979 1601 3077 ad

127 3121 383 3259 sArgeliam
419 3122 540 3260 equis
585 3115 814 3262 naufragio
864 3117 1057 3238 amissis,
1092 3120 1305 3262 stipendia
1356 3145 1512 3219 tamen
1552 3161 1600 3220 e-

160 3263 349 3398 questria
401 3263 668 3382 merebant,
705 3264 1035 3405 imponendos,
1073 3300 1147 3402 pct
1200 3262 1486 3381 Castellam,
1520 3258 1599 3361 ubi

157 3405 373 3507 mularum
409 3339 756 3548 ephippiataium
803 3444 901 3503 usus
950 3407 1006 3504 ad
1055 3401 1366 3506 invehendum
1405 3439 1598 3543 praeter-

158 3586 290 3685 quam
327 3549 621 3650 saccrdotibus
657 3585 701 3649 et
737 3544 1020 3667 mulieribus,
1057 3587 1113 3647 ne
1149 3587 1248 3657 eura
1282 3585 1598 3687 equoruma-

153 3689 381 3793 lendorum
417 3693 736 3811 remitteretur,
777 3692 872 3831 lege
908 3626 1150 3829 ptoliibitus
1187 3726 1311 3808 erat,
1345 3727 1420 3830 per
1472 3726 1597 3848 prae-

155 3841 284 3932 cones
336 3837 609 3977 pronuntiari
649 3834 813 3965 jubet:
850 3871 982 3972 srqurs
1017 3833 1181 3951 vellet,
1213 3841 1444 3973 cujusque
1475 3829 1598 3931 ordi-

151 3974 256 4095 nis,
292 4017 370 4119 pro
404 4019 481 4081 usu
517 3981 660 4080 mulae
697 3978 888 4119 probum
924 3973 1158 4080 militarem
1193 4015 1359 4116 equum
1390 3976 1454 4075 ad
1489 3971 1599 4069 Val-

151 4054 341 4219 doliium
395 4124 532 4243 dare,
570 4125 729 4255 (nam
743 4121 827 4220 huc
878 4121 1071 4282 equites
1091 4123 1410 4249 convenerant)
1444 4115 1596 4214 licere:

154 4302 290 4401 quam
327 4268 628 4367 conditionem
666 4265 813 4364 multis
849 4266 1068 4364 seniorum
1110 4258 1451 4401 accipientibus,
1487 4251 1598 4356 faci-

153 4405 190 4501 le
225 4407 432 4507 sarcitum
460 4445 521 4509 est
556 4408 865 4507 detrimentum
899 4405 956 4504 ab
990 4404 1209 4541 equitibus
1245 4437 1502 4541 acceptum,
1521 4398 1600 4539 qui

159 4550 332 4687 receptis
370 4553 493 4688 cquis
530 4551 584 4648 ad
620 4546 808 4649 confinia
843 4546 1072 4646 Gallorum
1108 4583 1476 4685 properaverunt,

271 4705 462 4818 Dux
500 4691 722 4825 Albanus
724 4693 798 4791 ad
850 4690 1130 4792 undecimum
1166 4689 1379 4795 Kalendas
1416 4682 1606 4826 Augusti

1177 4845 1305 4932 X2
1558 4865 1609 4922 ΟΧ
