4170 5866
501 441 581 527 150
878 421 964 503 on
1012 418 1211 501 arnus
1259 412 1492 499 111111

454 623 531 690 ma
568 595 660 718 jam
696 614 874 684 venerat
910 581 956 681 in
991 564 1393 687 consuetudinem
1422 572 1498 675 sed
1533 569 1590 676 de
1626 565 1962 724 quadringen

454 732 510 832 111
548 727 742 830 millibus
779 723 1097 849 disserebatur,
1117 764 1232 864 quae
1267 759 1490 863 praeterea
1525 722 1742 844 Carolus,
1764 761 1816 826 ut
1854 769 1928 832 ert-

442 911 519 976 tra
555 876 759 974 ordinem
795 911 845 971 ac
882 872 1042 971 eodem
1077 907 1229 988 anno,
1248 867 1348 1030 'qui
1384 861 1563 967 ultimus
1613 903 1702 970 erat
1746 870 1927 978 triennii

451 1017 716 1160 superioris,
754 1012 1086 1139 conferrentur,
1124 1052 1199 1155 per
1247 1010 1541 1113 internuntios
1594 1013 1651 1112 ad
1700 1017 1927 1157 agendum

412 1149 556 1264 'curn
591 1161 801 1264 Concilio
838 1162 1074 1262 destinatos
1110 1156 1443 1298 postulaveram
1482 1157 1538 1257 de
1573 1197 1667 1298 quo
1704 1198 1806 1263 curn
1854 1204 1926 1263 es-

451 1344 515 1407 set
551 1307 628 1408 diu
651 1308 951 1449 disputatum,
973 1302 1085 1403 nihil
1120 1337 1269 1401 tamen
1305 1317 1330 1401 a
1364 1300 1565 1465 legatis
1553 1304 1782 1444 tmpetrari
1818 1345 1926 1447 pot-

450 1486 597 1572 erat,
634 1448 933 1552 excusantibus
975 1424 1319 1609 popularium
1307 1448 1546 1586 mopiam,
1581 1487 1630 1549 ac
1679 1453 1926 1554 metuenti

451 1593 599 1699 busn
569 1636 624 1696 ne
667 1593 755 1694 hoc
792 1634 974 1758 quoque
1025 1630 1073 1691 111
1108 1590 1317 1692 Concilio
1351 1593 1577 1693 Toletano
1627 1592 1766 1695 tribus
1819 1631 1925 1699 ante

450 1741 572 1841 annis
608 1741 876 1879 imperatum
912 1740 956 1840 in
992 1737 1368 1838 consuetudinem
1396 1737 1605 1857 veniret,
1652 1735 1924 1878 quibusdam

451 1887 584 1984 etiarn
620 1883 915 2027 negantibus
921 1884 969 1985 id
1005 1900 1092 1982 c'sse
1128 1923 1228 1983 suae
1264 1882 1528 2022 potestatis,
1557 1880 1638 2022 qui
1674 1921 1768 1981 non
1804 1882 1922 1985 libe-

448 2068 530 2137 ras
565 2030 640 2129 sed
676 2030 940 2173 praescripta
975 2027 1184 2130 mandata
1219 2068 1245 2127 a
1280 2025 1366 2128 suis
1417 2022 1667 2131 civitatibus
1723 2028 1922 2171 accepis-

448 2208 571 2276 sent

521 2327 666 2420 XXII.
741 2320 823 2419 Sed
858 2315 1052 2418 instabat
1087 2316 1315 2439 Carolus,
1345 2351 1389 2416 et
1425 2314 1723 2460 legatorum
1709 2356 1757 2417 111
1793 2350 1918 2421 tanta

449 2463 587 2603 Regis
637 2463 790 2604 inopia
839 2497 884 2563 et
935 2458 1108 2563 difficili
1157 2390 1422 2602 reipublicae
1474 2499 1672 2604 tempore
1722 2464 1920 2604 pertina-

450 2606 562 2707 ciam
617 2645 695 2747 per
748 2607 975 2707 eosdem
963 2607 1256 2707 anternuntios
1306 2604 1572 2727 accusabat,
1606 2634 1802 2751 quorum
1852 2602 1920 2710 fa-
1958 2662 1960 2665 ·
2050 2643 2069 2649 ”

447 2749 530 2850 1111
565 2752 760 2893 princeps
810 2786 897 2856 crat
931 2745 1137 2852 Pontifex
1171 2752 1415 2852 Toletanus
1445 2791 1624 2894 ,seque
1662 2752 1831 2873 nolle,
1869 2787 1921 2854 ut

448 2893 536 2995 hoc
573 2896 822 3037 exemplum
858 2893 1003 3000 fraudi
1037 2895 1291 2997 civitatibus
1327 2898 1384 2997 ad
1419 2830 1783 2998 consuetudinem
1831 2938 1920 2999 esse

447 3075 628 3180 posset,
664 3040 982 3142 confirmabat.
1021 3051 1176 3182 Itaque
1212 3041 1413 3183 placuit,
1450 3077 1500 3143 ut
1536 3042 1774 3162 civitates,
1808 3042 1918 3144 mis-

447 3220 503 3282 111
540 3225 565 3283 a
599 3185 762 3286 Carolo
798 3180 981 3307 litteris,
1019 3186 1379 3327 consulerentur,
1419 3226 1528 3327 quas
1564 3185 1818 3289 humaniter
1874 3221 1919 3286 et

447 3324 690 3429 amabiliter
741 3329 966 3471 scriptas,
1003 3331 1251 3470 postulandi
1286 3371 1464 3452 causas,
1504 3371 1553 3432 ac
1589 3333 1742 3433 omnia
1791 3326 1917 3453 fere,

448 3511 560 3613 quae
593 3473 747 3615 legatis
782 3513 935 3575 coram
971 3476 1093 3575 dicta
1129 3509 1280 3594 erant,
1316 3410 1688 3620 complectentes,
1710 3515 1815 3577 cum
1850 3480 1922 3577 11-

299 3719 301 3723 ,
340 3680 344 3686 -
447 3616 605 3717 vitates
640 3619 883 3782 legissent,
920 3618 1072 3762 legatis
1122 3621 1285 3762 partim
1338 3659 1414 3765 per
1461 3663 1504 3723 se
1556 3624 1694 3787 (narn
1731 3621 1920 3764 quidam

447 3797 606 3862 eorum
640 3763 760 3904 Regi
794 3761 1126 3907 gratificantes,
1160 3765 1361 3906 epistolas
1397 3769 1561 3909 Regias
1589 3767 1674 3908 ipsi
1721 3767 1921 3910 pertule-

446 3909 587 4043 runt)
624 3849 787 4047 partim
833 3947 910 4050 per
946 3910 1108 4012 litteras
1161 3908 1530 4031 cohortantibus,
1567 3952 1726 4012 omnes
1779 3953 1921 4054 quae

445 4051 552 4152 dam
600 4089 698 4152 non
748 4091 967 4197 gravate,
1004 4057 1221 4195 quaedam
1274 4057 1442 4203 aegrius
1496 4058 1745 4198 postulatis?
1779 4058 1921 4199 Regis

446 4232 725 4358 annuerunt,
761 4236 930 4342 praeter
965 4200 1305 4344 Legionenscs‚
1342 4202 1737 4323 salmanticenses,
1777 4216 1921 4346 Sago-

446 4339 663 4463 vienses,
697 4377 740 4443 et
775 4344 1141 4467 Valdolitenses,
1194 4390 1219 4449 a
1263 4347 1423 4489 quibus
1474 4349 1530 4451 de
1580 4348 1919 4492 quadringentis

446 4420 707 4587 ducatorrim
751 4489 999 4591 millibus
988 4495 1216 4633 rmpetrari
1258 4532 1352 4595 non
1387 4496 1563 4635 potuit.
1619 4501 1717 4594 Nec
1755 4526 1819 4592 est
1859 4493 1918 4595 11-

349 4748 351 4752 ,
445 4628 581 4732 lentio
624 4643 935 4772 praetereunda
972 4638 1161 4737 Gonzali
1186 4637 1423 4741 Ledesniae
1459 4637 1698 4740 Zamorani
1751 4614 1917 4800 legali,

447 4815 521 4877 seu
557 4779 846 4880 constantiam
882 4782 1097 4926 appellare
1135 4820 1344 4966 oportet,
1382 4825 1455 4888 seu
1491 4783 1803 4928 pertinaciam,
1831 4782 1913 4923 qui

1696 4990 1697 4993 κ
1822 4967 1919 5028 non
