4170 5866
556 433 636 519 142
946 412 1035 498 ort
1077 411 1283 494 uanus
1323 389 1551 493 cnsrts'

415 568 417 572 ὗ
503 575 658 675 eadem
694 568 766 673 usi
798 606 1094 710 tempestate,
1129 567 1314 670 Baleares
1353 607 1496 670 versus
1533 604 1636 667 cum
1673 561 1973 710 navigassent,

499 754 779 820 commutato
831 751 1003 833 vento,
1042 714 1358 855 Argeliamque
1411 751 1536 814 cursu
1586 707 1796 833 deflex0,
1833 721 1971 820 tertio

493 865 569 964 die
605 864 653 962 in
690 871 779 994 ejus
818 895 1105 999 conspectum
1144 893 1462 997 pervenerunt,
1498 895 1548 955 ac
1584 856 1752 995 vesperi
1789 873 1970 965 Bernar-

493 1009 622 1109 dinus
658 1044 760 1106 cum
796 1002 940 1146 longis
995 1000 1215 1121 navibus,
1253 1041 1367 1141 quae
1417 1035 1608 1102 ceteram
1660 1001 1838 1104 classem
1888 1047 1968 1107 an-

495 1152 695 1270 teibant,
732 1142 934 1251 Africam
969 1181 1125 1246 tetram
1162 1146 1344 1287 attigit3
1394 1145 1601 1284 jactisque
1651 1143 1851 1249 anchoris
1907 1153 1973 1254 ad

497 1336 628 1415 saxa,
655 1334 762 1437 quas
800 1334 851 1392 ex
887 1291 1175 1407 similitudine
1211 1327 1255 1389 et
1290 1329 1478 1390 numero
1516 1292 1631 1387 Duos
1665 1295 1820 1389 Sorores
1859 1332 1973 1394 nau*

495 1475 641 1540 tarum
679 1439 835 1577 vulgus
873 1435 1091 1577 appellat,
1113 1472 1317 1576 passuum
1356 1429 1411 1535 ab
1447 1433 1624 1575 Argelia
1667 1433 1841 1535 duobus
1880 1440 1971 1539 cir<

496 1583 602 1684 citer
648 1581 841 1681 millibus
904 1579 1130 1680 consistit.
1185 1587 1335 1679 Naves
1391 1577 1513 1677 enim
1565 1577 1787 1678 onerariae
1827 1618 1971 1682 vento

496 1727 680 1826 cadente
716 1763 817 1827 ante
854 1723 1158 1841 substiterant,
1180 1760 1287 1864 quas
1325 1720 1518 1822 defluxus
1550 1720 1679 1820 maris
1721 1722 1967 1864 insequen-

497 1871 534 1970 ti
570 1907 699 1970 nocte
733 1907 826 1969 tam
863 1870 996 2009 longe
1036 1869 1255 2008 compulit
1292 1867 1342 1965 in
1393 1904 1631 1984 occasum,
1671 1897 1809 1967 uteo
1850 1870 1966 1970 redi-

496 2052 541 2114 re
577 2048 675 2115 ante
710 2014 830 2113 diem
869 2015 1048 2112 tertium
1084 2051 1179 2111 non
1206 2045 1411 2153 possent,
1434 2048 1604 2151 praeter
1642 2046 1829 2148 paucas,
1851 2053 1970 2155 quae

496 2197 601 2259 cum
639 2157 854 2298 praetoria
888 2158 944 2256 ad
985 2157 1173 2256 Carinas
1211 2154 1313 2287 (bic
1355 2192 1499 2255 autem
1544 2190 1605 2255 est
1644 2157 1771 2255 maris
1828 2198 1966 2258 seces-

497 2341 568 2404 sus
608 2340 761 2443 parvus
799 2301 1055 2440 quindecim
1094 2297 1151 2400 ab
1184 2298 1359 2441 Argelia
1401 2336 1604 2440 passuum
1658 2297 1849 2400 millibus
1909 2301 1969 2403 ad

495 2451 732 2579 occasum)
777 2445 939 2544 delatae
987 2481 1114 2543 sunt.
1169 2445 1452 2545 Bernardinus
1507 2483 1690 2584 quoque
1751 2443 1970 2584 postridie

497 2628 594 2690 suas
627 2626 757 2688 naves
791 2588 848 2686 ad
884 2588 1068 2690 Carrinas
1104 2585 1485 2728 compulit‚unde
1526 2591 1685 2688 eodem
1722 2589 1791 2687 die
1830 2628 1968 2691 mane

497 2731 636 2832 classis
668 2732 951 2872 Imperatoria
989 2770 1255 2872 conspecta:
1290 2733 1470 2834 Carolus
1506 2733 1660 2852 enim,
1684 2770 1824 2833 cetera
1856 2734 1967 2833 clas-

497 2917 541 2976 se
579 2914 708 2976 nocte
739 2876 956 3015 superiore
996 2876 1260 3018 praemissa,
1297 2877 1387 3016 ipse
1423 2877 1555 3016 paulo
1592 2913 1691 2978 ante
1727 2877 1965 2982 meridiem

378 3138 382 3139 f
499 3059 604 3119 cum
636 3020 781 3160 longis
817 3018 1000 3119 navibus
1051 3022 1107 3120 ad
1144 3021 1352 3163 quintum
1396 3021 1620 3119 decimum
1665 3021 1968 3124 Kalendarum

394 3288 398 3292 Ι
499 3160 772 3262 Novembris
808 3205 861 3264 ex
895 3163 1137 3264 Balearibus
1190 3162 1418 3282 discessit,
1453 3202 1495 3265 et
1549 3200 1724 3305 postero
1781 3168 1852 3265 die
1907 3166 1970 3265 ad

393 3424 396 3427 p,
500 3306 758 3447 Caprariam
801 3308 984 3407 insulam
1021 3309 1312 3450 quadraginta
1361 3306 1529 3406 circiter
1580 3309 1718 3408 millia
1761 3348 1970 3451 passuum

501 3488 730 3570 emensus,
766 3450 814 3550 in
856 3450 1057 3553 anchoris
1110 3489 1338 3570 moratus,
1384 3452 1512 3553 tertio
1563 3491 1691 3552 mane
1735 3452 1783 3552 in
1819 3462 1967 3593 Arge-

501 3592 584 3692 liae
618 3634 903 3734 conspectum
955 3596 1187 3734 pervenit,
1212 3598 1294 3696 cui
1332 3595 1616 3696 Bernardinus
1671 3593 1854 3699 obviam
1909 3596 1967 3698 ad

499 3740 624 3837 &aas
656 3747 810 3838 Sorores
846 3740 1087 3879 processit3
1127 3778 1170 3840 et
1205 3779 1308 3841 cum
1344 3739 1531 3842 invicem
1568 3742 1715 3842 classes
1752 3778 1829 3883 per
1866 3741 1966 3840 edi-

500 3914 569 3979 tos
605 3880 810 4021 utrinque
848 3925 899 3982 ex
935 3886 1161 3985 tormentis
1197 3881 1399 4023 bombos
1424 3885 1608 3986 solemni
1633 3887 1732 3984 -ritu
1780 3885 1966 3986 salutas*

499 4060 632 4145 sent,
666 4027 950 4126 Beruardiuus
983 4106 997 4147 ‚
1035 4065 1078 4128 et
1115 4029 1334 4171 quicum
1378 4070 1429 4128 eo
1465 4027 1700 4130 veniebant
1735 4068 1967 4172 proceres,

499 4166 668 4307 scaphis
704 4169 752 4271 in
789 4211 945 4271 navem
980 4175 1314 4315 Imperatoriam
1362 4172 1568 4292 advecti,
1604 4174 1816 4277 Carolum
1856 4213 1970 4316 sup-

501 4311 668 4451 pliciter
703 4316 827 4458 tegio
867 4356 990 4418 more
1025 4319 1344 4423 salutaverunt.

571 4462 694 4555 XlV.
768 4463 989 4582 Carolu3‚
1023 4473 1140 4597 jusso
1177 4463 1443 4566 Bernardino
1478 4459 1534 4563 ad
1569 4460 1752 4565 Carrinas
1799 4455 1974 4584 redire,

498 4632 551 4697 ut
585 4598 768 4699 navibus
806 4607 1047 4728 onerariis,
1093 4648 1205 4750 quae
1242 4609 1289 4706 in
1325 4649 1422 4708 eam
1458 4614 1626 4748 partem
1663 4609 1855 4738 dejectae
1872 4695 1876 4703 „
1893 4603 1973 4705 fo·

499 4780 598 4845 rent
612 4820 629 4865 ,
655 4740 848 4848 subsidio
885 4786 1034 4871 essct,
1075 4789 1119 4854 et
1150 4750 1377 4871 remulco,
1398 4753 1436 4857 si
1469 4793 1535 4856 res
1569 4789 1798 4894 posceret,
1820 4751 1967 4850 dedu-

1860 4932 1966 4993 cen-
