4170 5866
294 80 379 185 184
682 77 775 156 DE'
810 74 1014 154 REBUS
1056 73 1299 157 GES'I'IS'x

247 239 428 341 boribus
465 228 654 335 confecti
688 229 881 330 animam
928 221 1158 347 efflarent,
1192 227 1264 327 alii
1314 226 1460 331 taedio
1512 231 1710 337 laborio-

246 381 433 481 sissimae
481 419 531 477 ac
582 373 764 472 miserae
819 369 931 469 vitae
968 367 1052 469 sibi
1107 408 1298 470 mortem
1361 376 1704 483 consciscerent.

243 521 416 639 Quibus
468 519 589 617 malis
643 515 871 653 providere
928 513 1077 612 volens
1122 513 1345 633 Carolus,
1385 557 1503 618 anno
1539 520 1706 624 Christi

244 663 481 765 millesimo
521 657 875 800 quingentesimo
912 654 1126 795 vigesimo
1180 696 1298 756 nono
1330 734 1343 774 ,
1376 697 1479 759 cum
1530 662 1578 760 in
1613 676 1705 763 Ita-

242 807 345 906 liam
383 842 564 903 coronae
601 800 740 942 gratia
777 795 1149 938 proficisceretur,
1184 797 1528 943 Archiepiscopo
1555 815 1706 904 Com-

240 946 485 1086 postellano
537 982 613 1084 pet
664 942 827 1041 litteras
875 941 1103 1039 mandavit
1136 1017 1149 1054 ,
1188 976 1238 1040 ut
1286 980 1389 1041 cum
1423 944 1570 1084 Regio
1608 959 1706 1046 Ca-

241 1091 383 1191 stellae
417 1088 653 1209 Consilio,
687 1093 805 1215 cujus
825 1084 929 1221 ‘ipse
965 1076 1205 1182 Praefectus
1242 1088 1368 1203 etat,
1411 1087 1487 1185 illo
1524 1090 1697 1210 altero,

242 1233 367 1370 quod
414 1230 632 1330 Indicum=x
663 1228 930 1367 appellatur,
968 1261 1012 1323 et
1061 1224 1172 1324 item
1218 1227 1528 1344 Quaestoribus
1543 1307 1578 1347 2,
1617 1234 1706 1370 qui

243 1384 583 1513 Computatores
620 1371 935 1489 nominantur,
971 1367 1163 1485 coactis,
1204 1369 1257 1466 de
1292 1367 1464 1470 illarum
1500 1373 1704 1512 gentium

241 1546 354 1615 statu
388 1515 713 1630 consultarent,
749 1549 792 1613 et
828 1551 917 1653 qua
951 1509 1227 1651 potissimum
1271 1512 1436 1615 ratione
1487 1552 1701 1613 commo-

242 1658 295 1755 de
315 1733 330 1774 ,
347 1696 396 1757 ac
432 1657 523 1756 sine
560 1654 717 1787 injuria
752 1655 834 1754 rllis
871 1654 1544 1794 imperaretur,constituerent.
1591 1665 1701 1755 Hoc

239 1837 343 1900 cum
378 1836 484 1899 esset
519 1839 611 1899 non
646 1795 917 1938 negligenter
967 1794 1360 1915 administratum,
1398 1831 1440 1896 et
1476 1799 1698 1936 quaedam

242 1942 298 2039 ad
332 1940 620 2042 Barbarorum
656 1939 900 2038 libertatem
937 1936 1196 2078 pertinentia
1231 1941 1397 2039 decreta
1445 1933 1605 2054 facta,
1648 1981 1701 2038 ea

244 2114 386 2184 tamen
427 2125 452 2181 a
504 2081 658 2182 nostris
709 2081 869 2220 partim
922 2114 1096 2218 accepta
1144 2119 1238 2179 non
1287 2077 1496 2203 futrum,
1530 2080 1701 2220 partim

243 2225 355 2322 male
389 2260 577 2327 servata.

312 2376 480 2467 XXXI.
553 2361 925 2467 Commorabarur
976 2366 1023 2467 id
1072 2387 1242 2505 tempus
1296 2369 1351 2468 ad
1387 2365 1700 2506 Hispaniolam

240 2504 423 2609 insulam
474 2507 826 2610 Bartholomaeus
875 2514 1004 2608 Casas
1054 2507 1294 2609 monachus
1341 2507 1693 2628 Dominicanus,

240 2650 319 2786 qui
354 2689 422 2769 re,
470 2661 592 2781 cujus
627 2690 753 2750 causa
788 2651 837 2751 in
887 2689 1058 2768 novum
1095 2649 1269 2754 Orbem
1304 2686 1513 2768 venerat,
1547 2645 1699 2749 infeli-

239 2791 347 2889 citer
383 2793 767 2932 imprudenterque
806 2828 957 2934 gesta,
994 2828 1037 2893 et
1073 2830 1205 2892 manu
1241 2793 1529 2910 rusticorum,
1557 2832 1701 2930 quam

239 2973 265 3032 a
301 2936 463 3034 Carolo
515 2936 784 3034 adolescente
821 2972 865 3034 et
901 2934 1051 3035 amicis
1087 2935 1224 3076 Belgis
1270 2936 1325 3035 ad
1379 2975 1442 3034 res
1479 2973 1693 3075 magnas,

239 3112 289 3175 ut
322 3075 642 3195 confirmabat,
680 3079 885 3218 gerendas
921 3077 1196 3216 impetratam
1233 3075 1471 3194 ductabat,
1509 3077 1699 3197 amissa,

238 3216 547 3321 monachatum
582 3255 850 3359 susceperat.
889 3227 926 3317 Is
961 3217 1234 3339 monachus,
1277 3220 1366 3319 sive
1401 3217 1698 3319 Barbarorum

238 3360 568 3482 misericordia,
606 3362 800 3502 itemque
835 3361 1043 3501 religione
1074 3437 1089 3480 ,
1120 3362 1211 3461 sive
1246 3362 1391 3462 studio
1427 3400 1570 3463 rerum
1608 3402 1698 3461 no-

238 3540 425 3621 varum,
457 3544 643 3643 quarum
679 3541 833 3605 natura
868 3505 1082 3643 cupidus,
1118 3540 1162 3603 et
1198 3504 1421 3605 seditiosus
1458 3540 1583 3623 erat,
1621 3505 1699 3605 in·

238 3646 392 3746 ductus
407 3721 421 3764 ,
452 3647 499 3745 in
533 3647 798 3788 Hispaniam
834 3685 937 3747 eum
972 3647 1093 3747 socio
1128 3647 1347 3749 Roderico
1379 3648 1587 3747 Andrada
1623 3687 1692 3746 re·
1941 3751 1961 3767 ,

190 3869 198 3875 ,
236 3825 413 3908 versus,
448 3789 655 3890 Carolum
682 3803 936 3910 Caesarem,
958 3792 1037 3932 qui
1072 3791 1204 3928 paulo
1241 3824 1340 3892 ante
1376 3830 1428 3888 ex
1459 3789 1697 3930 Argelien-
1835 3870 1952 3916 „h

240 3931 277 4029 si
313 3931 587 4069 expeditione
624 3934 840 4053 redierat,
879 3934 933 4033 de
969 3931 1254 4033 Barbarorum
1292 3931 1609 4033 calamitatibus
1653 3967 1700 4030 et
1811 3984 1943 4062 32,
1980 3885 2000 4108 l

236 4070 517 4172 intolerandis
554 4076 759 4206 injuriis,
791 4078 912 4178 socio
963 4113 1182 4218 praesente
1218 4113 1261 4177 et
1284 4070 1552 4194 attestante,
1595 4114 1700 4174 cer·-
1799 4132 1928 4182 -κ
1971 4107 1982 4231 *p

238 4213 396 4315 tiorem
433 4212 572 4336 facit,
607 4221 850 4360 multasque
894 4221 1050 4319 insulas
1086 4262 1136 4319 ac
1167 4219 1339 4360 vpartem
1390 4219 1525 4318 etiam
1562 4229 1705 4318 Con·
1793 4281 1911 4326 s·
1959 4228 1972 4358 l

1952 4349 1962 4377 sss

238 4356 413 4454 tinentis
450 4398 501 4455 ex
536 4396 693 4502 magna
729 4357 978 4502 frequentia
1015 4364 1063 4462 in
1099 4364 1348 4463 solitudines
1382 4363 1569 4462 redactas
1605 4400 1719 4458 esse:
1780 4403 1892 4469 ee
1942 4373 1961 4490 J

1607 4506 1710 4602 do-
1773 4561 1867 4585 —
1940 4580 1941 4583 s
