4042 5864
458 523 559 585 Petrus
576 529 712 607 portus.
737 515 783 582 II.
806 530 885 606 139.
1263 510 1391 595 ceribus
1417 506 1659 582 comitantibus
1698 504 1939 578 Salmanticrm

456 608 623 683 Phandius
660 610 922 698 (Ludovicus)
949 608 1096 681 Caesaris
1122 604 1166 679 ad
1266 614 1386 683 intrat.
1408 617 1456 682 ΙΙ.
1480 631 1563 704 143.
1587 610 1696 682 Prima
1725 626 1936 701 noctespon-

506 713 684 783 Gallorum
701 716 829 808 Regem
845 715 997 808 Legatos.
1012 715 1040 779 l.
1059 728 1141 799 294.
1268 712 1345 783 salia
1372 711 1588 782 Salmanticae
1619 733 1699 778 cum
1724 706 1850 780 'Maria
1871 755 1882 788 ,
1904 727 1934 776 et

456 806 653 882 Philibertus
668 811 882 895 (Ernanuel)
910 811 1026 879 Caroli
1041 809 1166 878 Sabau·
1269 809 1402 905 nuptias
1427 829 1547 904 quarta
1578 808 1711 878 circiter
1744 807 1833 878 hora
1873 827 1934 901 pust

507 912 581 983 diae
599 911 704 980 Ducis
726 910 811 982 lilius
833 914 1007 980 Caesarem
1029 910 1168 979 Genuae
1272 908 1417 981 mediam
1435 927 1570 979 noctem
1597 908 1768 977 celebrat.
1795 907 1843 974 11.
1860 927 1935 997 143.

507 1013 646 1083 salutat.
674 1014 720 1079 11.
742 1029 820 1094 192.
845 1008 925 1079 Belli
943 1031 1106 1078 summam
1124 1004 1168 1075 ad
1272 1008 1476 1081 collaudato
1494 1028 1528 1077 et
1552 1005 1694 1078 domum
1725 1003 1836 1075 redire
1858 1004 1939 1091 jusso

507 1106 771 1206 oppugnandam
812 1106 951 1180 Hesdini
994 1130 1103 1178 arcem
1149 1129 1168 1175 a
1272 1112 1372 1180 Duce
1414 1106 1662 1203 Methymnensi
1682 1155 1694 1187 ,
1711 1129 1796 1177 cum
1840 1127 1939 1174 uxore

508 1215 646 1282 Caesare
663 1210 804 1305 accipit.
828 1213 874 1277 ΙΙ.
886 1211 971 1299 463.
1271 1205 1483 1279 Valdolitum
1524 1207 1725 1276 revertitur.
1769 1209 1819 1274 11.
1859 1227 1937 1297 143.

458 1309 678 1382 Philibertus.
708 1321 739 1378 V.
755 1307 954 1403 Subalpinus
971 1305 1134 1399 Princeps.
1273 1306 1472 1405 Aegrotanti
1509 1307 1604 1376 uxori
1643 1327 1744 1372 suum
1789 1299 1937 1374 officium

459 1409 676 1480 Philibertus.
700 1419 733 1478 V.
756 1405 939 1477 Sabaudiae
958 1403 1120 1499 Princeps.
1273 1426 1426 1503 praestat.
1448 1411 1495 1476 ll.
1514 1411 1595 1497 163.
1618 1402 1685 1473 Die
1701 1401 1852 1492 ejusdem
1868 1402 1939 1472 obi·

458 1508 680 1580 Philibertus.
705 1518 737 1575 V.
760 1504 903 1575 Uraniae
920 1503 1084 1597 Princeps.
1274 1525 1328 1574 tus
1346 1505 1378 1572 in
1408 1502 1598 1600 Abrogium
1626 1502 1839 1571 coenobium
1857 1525 1937 1598 seecj

458 1607 629 1701 Philippus
652 1603 768 1673 Caroli
789 1604 934 1674 Caesaris
967 1621 999 1670 et
1017 1599 1171 1670 Isabcllae
1275 1603 1420 1674 dit.11.
1450 1608 1494 1671 26
1502 1625 1532 1695 3.
1568 1600 1785 1670 Valdolitum
1818 1600 1852 1669 in
1874 1625 1937 1673 ης.

510 1705 608 1786 lilius,
628 1708 790 1772 Asturum
808 1703 969 1795 Princeps,
984 1698 1095 1784 matris
1117 1695 1172 1766 fu·

510 1827 574 1876 nus
601 1800 645 1873 ad
669 1800 900 1896 cenotaphium
924 1802 957 1868 T
958 1799 1038 1867 oleti
1065 1794 1172 1866 coho-

512 1921 643 1975 nestat.
672 1905 718 1982 11.
734 1906 792 1983 96.
820 1898 907 1970 Patri
923 1897 1057 1967 obviarn
1077 1897 1172 1963 Oca-

509 2025 612 2100 gnam
633 1998 807 2094 procedit.
841 2004 886 2068 11.
916 2016 993 2087 149.
1021 1990 1171 2066 Μ11111111

416 2092 419 2099 ’
512 2125 591 2176 curn
614 2096 774 2170 Pontifice
806 2097 973 2167 Toletano
999 2114 1032 2162 et
1059 2087 1173 2188 Regiis

513 2197 666 2270 Consiliis
688 2215 850 2266 moratur.
879 2200 924 2263 ΙΙ.
955 2212 1032 2281 149.
1058 2194 1174 2260 Num-

512 2321 616 2390 quam
645 2320 663 2364 a
683 2313 774 2389 patre
796 2297 829 2364 in
848 2293 1005 2388 Hispania
1022 2287 1171 2375 discedit.

511 2401 559 2466 II.
582 2412 659 2485 149.
683 2392 810 2488 Capitis
832 2416 973 2487 poenam
995 2408 1172 2459 contume-

512 2493 587 2566 liosi
620 2490 722 2562 libelli
752 2491 942 2560 auctoribus
973 2486 1119 2558 debitam
1152 2509 1171 2554 a

508 2613 610 2690 ,patre
633 2591 846 2686 deprecatur.
870 2593 916 2659 II.
938 2609 1016 2680 133.
1040 2589 1173 2655 Caesar·

515 2710 688 2788 augustam
712 2686 907 2769 contendit,
925 2706 962 2756 ut
981 2683 1090 2781 Regni
1101 2705 1172 2752 suo

514 2812 622 2878 cessor
641 2806 847 2886 agnoscatur.
865 2787 909 2854 11.
931 2808 1008 2875 171.
1035 2789 1173 2854 Cacsar·
1203 2831 1208 2883 4

509 2908 690 2985 augustam
713 2909 807 2978 ‚equo
840 2883 1044 2975 invehitur,
1074 2879 1172 2976 pallio

511 3005 733 3082 contegente,
759 2984 933 3079 primisque
970 2977 1174 3078 Magistrati-

516 3086 581 3155 bus
604 3082 843 3171 circumjectis.
873 3086 1017 3172 II.173.
1051 3079 1174 3169 Abo-

512 3182 652 3261 mnibus
673 3181 845 3251 ordinibus
867 3180 1055 3275 suppliciter
1076 3177 1174 3252 salu-

515 3300 629 3352 tatur.
660 3281 706 3350 11.
731 3303 808 3373 173·
842 3278 1022 3375 Evangelia
1049 3277 1174 3363 juratus

515 3397 723 3457 servaturum
758 3400 790 3447 se
825 3379 911 3476 leges
940 3396 973 3446 et
1008 3371 1175 3470 privilegia

515 3477 705 3577 promittit.
741 3482 787 3547 11.
827 3499 903 3570 174.
957 3472 1175 3551 Barcinonem

517 3576 754 3675 proliciscitur.
784 3578 830 3645 II.
865 3596 943 3667 174.
992 3570 1176 3642 Barcinone

517 3675 733 3746 etValentiae
751 3673 903 3763 juratur.
920 3677 969 3763 ΙΙ.
989 3672 1065 3762 178.
1084 3674 1175 3740 Cum

518 3792 654 3872 parente
671 3774 798 3843 011010
812 3767 1042 3847 suburbanum
1057 3768 1177 3837 Valen-

517 3874 584 3944 tiae
600 3870 800 3967 praetorium
814 3868 1008 3940 cohabitat.
1027 3871 1074 3935 Il.
1097 3867 1175 3934 182.

518 3971 662 4044 Mariam
681 3970 815 4060 Joannis
837 3967 1058 4065 Portugalliae
1075 3963 1176 4060 Regis

514 4069 619 4144 filiam
636 4091 774 4139 uxorem
796 4065 910 4137 ducit.
925 4072 971 4136 II.
991 4086 1070 4156 130.
1099 4065 1175 4133 Ma·

516 4170 582 4241 riae
608 4167 742 4259 Joannis
764 4166 983 4262 Portugalliae
1005 4160 1107 4259 Regis
1131 4160 1174 4232 fi·

516 4269 578 4339 liae
600 4263 836 4336 consobrinus.
863 4266 907 4331 ll.
923 4286 1005 4356 131.
1028 4259 1173 4357 Religio·

516 4367 566 4439 nis
582 4365 687 4464 gratia
705 4363 796 4446 hunc
818 4359 1041 4431 sacerdotibus
1064 4357 1173 4428 hono·

516 4488 587 4535 rem
609 4462 726 4546 habet,
745 4481 783 4532 ut
798 4460 834 4531 in
849 4459 1079 4532 salutationem
1099 4480 1174 4528 ma-

515 4585 599 4634 num
623 4561 809 4656 petentibus
836 4583 904 4630 non
931 4557 1097 4657 porrigat.
1125 4559 1172 4625 ΙΙ.

518 4681 600 4752 240.
634 4662 759 4751 Mariae
785 4682 922 4754 sponsae
944 4683 1012 4728 non
1035 4657 1134 4752 longe
1153 4678 1171 4726 1

518 4757 645 4834 Caurio
663 4758 702 4829 lit
720 4759 855 4829 obviam
870 4779 999 4829 mutata
1018 4771 1103 4825 veste
1114 4776 1170 4823 ve·

515 4863 649 4957 lataque
662 4855 767 4931 facit.
791 4862 938 4951 11.242.
958 4855 1074 4931 Multis
1087 4859 1169 4927 Pro-

1274 1703 1353 1772 dem
1372 1700 1466 1771 aedes
1481 1699 1589 1770 redit.
1615 1704 1662 1768 11.
1690 1705 1778 1793 263.
1803 1704 1845 1768 Iu
1868 1703 1937 1772 Bel·

1274 1801 1406 1899 giuma
1428 1801 1554 1871 011010
1582 1818 1674 1893 patre
1698 1819 1869 1870 vocatur.
1895 1805 1934 1871 11.

1280 1904 1359 1993 346.
1384 1900 1501 1968 Multis
1524 1896 1619 1966 rebus
1644 1895 1688 1966 ad
1707 1921 1845 1968 morem
1858 1903 1937 1970 Bur·

1275 1995 1420 2096 gundiae
1432 1995 1632 2077 constitutis,
1646 1997 1808 2095 Belgium
1816 1999 1938 2094 prolici-

1274 2096 1319 2168 sci
1336 2115 1452 2190 parat.
1471 2100 1518 2165 II.
1539 2098 1617 2188 346.
1641 2095 1826 2167 Praemisso
1847 2105 1937 2169 Petro

1274 2192 1461 2276 Corduba,
1494 2195 1656 2263 Castellae
1680 2198 1935 2267 comestabilem

1272 2293 1409 2379 obviarn
1427 2291 1660 2364 Maximiliano
1683 2295 1865 2389 procedere
1886 2298 1935 2383 ju·

1274 2391 1355 2503 bet».
1369 2394 1414 2460 11.
1438 2414 1515 2484 347.
1533 2390 1591 2461 Ad
1608 2392 1829 2480 Qemadam
1846 2417 1933 2489 prae-

1273 2510 1399 2560 tonum
1431 2490 1707 2562 Maximilianum
1744 2495 1932 2563 salutaturus

1274 2586 1382 2657 adest.
1407 2593 1454 2660 Il.
1477 2609 1553 2683 349.
1581 2587 1718 2661 Eadem
1741 2611 1830 2660 1111111
1852 2607 1925 2686 post

1273 2709 1411 2757 coenam
1446 2686 1659 2758 Valdolitum
1707 2687 1849 2758 revertit.
1880 2691 1925 2757 11.

1277 2805 1355 2878 349.
1393 2786 1624 2875 Maximiliano
1669 2809 1765 2859 extra
1792 2807 1927 2882 portam,

1272 2906 1359 2978 quae
1386 2890 1490 2982 campi
1502 2886 1791 2981 cognominatur,
1806 2885 1929 2955 obviam

1273 2982 1451 3079 procedit,
1478 2984 1512 3055 in
1540 2983 1758 3080 Regiamque
1783 2982 1929 3055 deducit.

1272 3087 1319 3152 II.
1341 3103 1418 3174 330.
1441 3083 1551 3181 Regni
1570 3085 1845 3178 procurationem
1860 3085 1929 3152 Ma·

1271 3180 1443 3251 ximiliano
1469 3181 1664 3272 Mariaeque
1691 3182 1798 3251 sorori
1827 3204 1927 3252 coram

1273 3279 1382 3376 Regio
1404 3279 1566 3349 Castellae
1590 3281 1748 3351 Consilio
1768 3281 1930 3361 tradit,et

1273 3375 1318 3445 ad
1354 3375 1539 3475 Rhodopes
1591 3399 1735 3473 portum
1784 3375 1930 3474 proficisci

1274 3479 1465 3571 parat.II.
1492 3499 1570 3571 330.
1603 3475 1664 3546 Ad
1703 3474 1929 3549 Montisserrati

1275 3574 1518 3645 sacrosanctum
1565 3577 1778 3646 coenobium
1832 3580 1927 3646 Sacra·

1275 3692 1427 3761 mentum
1447 3669 1673 3743 Confessionis
1699 3673 1930 3746 Poenitentiae·

1274 3794 1340 3864 que
1364 3789 1493 3865 patrat.
1521 3777 1567 3842 11.
1588 3793 1673 3865 351.
1694 3775 1877 3844 Barcinone
1895 3768 1930 3840 ad

1275 3867 1369 3938 aedes
1401 3868 1593 3963 Stephaniae
1629 3868 1757 3942 viduae
1792 3870 1929 3941 divertit.

1274 3971 1319 4037 11.
1337 3989 1415 4060 331.
1440 3967 1639 4039 Gerundam
1655 3993 1787 4067 magno
1808 3991 1931 4067 appara·

1273 4086 1313 4153 tu
1343 4087 1376 4135 et
1410 4069 1501 4163 regio
1525 4089 1616 4136 more
1655 4067 1866 4165 ingreditur.
1891 4070 1930 4134 II.

1278 4186 1358 4258 331.
1387 4164 1620 4234 Castellionem
1640 4167 1865 4265 progreditur,
1880 4164 1930 4232 de

1273 4262 1351 4334 inde
1374 4261 1670 4359 Rhodopem.11.
1688 4287 1775 4357 352.
1798 4267 1927 4336 ,111111-

1273 4360 1352 4432 drea
1376 4362 1483 4432 Duria
1513 4362 1547 4431 in
1573 4365 1781 4457 praetoriam
1803 4358 1928 4433 deduci·

1271 4482 1347 4544 tur,
1367 4480 1400 4528 et
1417 4461 1654 4532 Castellionem
1680 4464 1862 4533 revertitur.
1888 4461 1934 4528 ll.

1278 4582 1357 4654 333.
1407 4557 1621 4649 Quibusdam
1676 4561 1872 4634 Prooerihus
1905 4558 1934 4627 iu

1272 4655 1471 4754 praetoriam
1495 4657 1645 4754 receptis,
1662 4658 1753 4731 dato
1770 4658 1935 4758 profectio·

1271 4757 1321 4828 nis
1351 4756 1462 4854 signo,
1490 4755 1656 4840 discedit,
1690 4779 1729 4829 et
1763 4760 1864 4832 tertio
1891 4754 1936 4827 die

1269 4874 1409 4956 portum
1436 4855 1574 4929 Veneris
1604 4858 1737 4932 intrat.
1785 4866 1834 4936 11.
1869 4878 1934 4954 334
