4110 5888
1591 394 1612 453 1

279 460 852 705 J0.GENE811
910 562 1525 767 SEPULVEDAE

236 955 254 974 .,
377 960 379 963 ,
486 832 608 989 oa
668 832 945 942 araus
999 834 1326 947 carris

261 1069 870 1251 cnuott
954 1073 1527 1260 Quinti

280 1354 283 1360 ’
332 1388 774 1473 -rnraannroars
807 1382 1079 1470 arnaors
1110 1399 1437 1475 HISPANIAE

414 1694 634 1842 mann
680 1733 960 1840 sextus
997 1686 1369 1846 necinus,
1411 1878 1416 1895 ζ

131 2053 134 2057 t
210 2007 258 2098 1.
334 1916 649 2107 INTEREA
675 1995 801 2101 Vasti
837 1997 1039 2101 Marchio
1074 2000 1311 2102 exercitum
1355 1973 1403 2102 in
1449 1992 1618 2109 Italiam

125 2175 258 2242 curn
313 2138 547 2248 reduxisset
577 2193 593 2263 5
629 2138 844 2244 Cherium
895 2146 1164 2286 oppidum,
1211 2149 1335 2287 quod
1389 2147 1619 2254 Gallorum

131 2283 374 2424 praesidio
410 2285 672 2413 tenebatur,
691 2325 950 2428 oppugnare
986 2328 1208 2431 aggressus
1230 2293 1483 2409 ,nonnullis
1513 2309 1628 2392 suo-'

137 2461 262 2529 rum
296 2431 459 2552 arnissis
494 2469 594 2556 ,et
629 2432 677 2532 in
713 2430 779 2531 his
809 2431 1049 2532 Roderico¹
1076 2432 1260 2574 Ripalda
1296 2427 1487 2536 militum
1534 2438 1615 2536 tri·
1672 2476 1678 2483 ’

133 2565 281 2675 buno
327 2577 478 2701 ,viro
521 2612 697 2678 strenuo
736 2613 873 2716 atque
916 2571 1152 2715 fortissimo
1189 2653 1209 2700 ,<
1242 2618 1287 2678 re
1318 2574 1489 2680 infecta
1525 2581 1617 2680 dis-

124 2719 320 2846 cessit5
355 2749 412 2823 et
436 2723 584 2863 copias
620 2722 669 2822 in
703 2720 1033 2823 Villamnovam
1077 2759 1122 2822 et
1157 2718 1396 2855 Puerinum
1447 2707 1620 2826 castella

114 2847 457 2987 hybernorum
488 2907 620 2981 ¹causa
654 2865 859 2971 reduxit3
894 2868 968 2966 sed
1004 2867 1153 2968 multis
1190 2866 1255 2967 ibi
1291 2879 1501 3008 cujusque
1538 2908 1614 2968 na-

103 2995 293 3132 tionis
337 3008 544 3112 militibus
593 3007 756 3111 morbo
800 3005 1061 3128 absumtis,
1098 3011 1146 3110 in
1187 3019 1340 3129 Astam
1393 3013 1614 3153 oppidum

108 3140 357 3279 hyberna
391 3153 636 3262 transtulit.
691 3167 901 3255 Ceterum
942 3155 1084 3256 hostes
1133 3156 1198 3254 ads
1242 3159 1514 3298 octingentos
1564 3156 1613 3257 in

107 3295 292 3395 casale
326 3293 593 3400 Monferrati
629 3295 686 3398 ab
722 3299 958 3440 oppidanis
993 3300 1114 3440 ,qui
1150 3297 1277 3399 rebus
1313 3299 1501 3402 Gallicis
1523 3334 1612 3396 stu-

112 3427 349 3561 debant,
391 3483 586 3586 receptos
621 3439 750 3543 fuisse
785 3445 943 3546 certior
977 3439 1150 3563 factus,
1187 3483 1358 3543 summa
1393 3443 1611 3543 celeritate
1684 3510 1690 3514 -

118 3579 303 3718 copias
341 3590 519 3709 educit,
558 3622 647 3708 ne,
684 3589 786 3688 dato
820 3588 995 3732 spati0,
1033 3630 1075 3691 se
1111 3586 1254 3687 hostes
1289 3586 1492 3727 operibus
1536 3619 1612 3685 aut

125 3721 441 3845 multitudine
477 3731 820 3849 confirmarent,
856 3770 900 3833 et
935 3772 1038 3832 cum
1080 3732 1251 3871 oppido
1295 3730 1428 3829 etiam
1468 3767 1612 3830 arcem
1654 3854 1655 3859 Ν
1757 3821 1759 3827 .
1867 3746 1869 3749 ’

130 3901 456 4011 occuparent,
494 3897 631 4017 quam
681 3912 809 4017 aegre
858 3871 1001 3975 fuerat
1050 3912 1209 4017 magna
1241 3875 1413 3982 .Alvati
1463 3884 1612 3972 Lunae

141 4018 433 4176 joannisque
468 4018 724 4160 Pesquerii‚
760 4016 867 4120 arcis
906 4013 1142 4160 praefecti,
1180 4019 1406 4160 diligentia
1443 4051 1606 4116 tutata.

147 4159 343 4286 Alvarus
380 4163 515 4265 enim.
532 4163 618 4265 huc
659 4157 771 4264 forte
807 4200 1021 4287 venerat,
1054 4165 1135 4306 qui
1170 4164 1398 4270 voluntate
1434 4200 1482 4259 ac
1518 4168 1611 4288 jus-

152 4348 212 4422 su
260 4306 409 4407 Caroli
452 4303 714 4409 Monferrati
757 4309 1056 4449 Principatum
1102 4304 1464 4436 adrnin't'snabat,
1502 4304 1611 4406 dum

153 4458 403 4568 Mantuano
439 4451 557 4553 Duci
571 4529 587 4571 ,
623 4450 696 4550 cui
743 4444 883 4551 fuerat
937 4494 962 4549 a
1007 4451 1167 4553 Catolo
1198 4526 1213 4570 ‚
1249 4485 1299 4547 ut
1349 4446 1608 4567 docuimus,

153 4593 458 4722 adjudicatus,
493 4597 761 4698 tradereturr
817 4589 890 4697 Ab
941 4593 1028 4696 hoc
1070 4592 1215 4734 ¹igitur
1267 4589 1404 4724 factus
1453 4593 1611 4692 certior

9 4778 20 4824 t
153 4735 284 4847 Vasti
319 4739 524 4842 Marchio
547 4819 579 4876 ,ἢ
598 4740 801 4881 quamvis
836 4779 1004 4882 magno
1040 4737 1183 4842 imbre
1208 4755 1454 4875 consecuto
1471 4814 1484 4857 ,
1504 4773 1615 4835 tem-

229 4880 340 4982 Tam.
364 4893 419 4984 Il.
1000 5008 1002 5011 v
1200 4892 1244 4986 A
1533 4917 1616 5020 po·
