4102 5864
505 464 749 546 cauom
790 463 843 544 v.
887 465 1005 544 trra.
1047 464 1193 545 xxa.
1454 489 1535 572 341

132 622 374 732 nobilitatis
411 622 686 763 potissimum
734 621 1049 721 coercitionem
1085 657 1129 721 et
1164 618 1440 763 punitionem
1492 667 1586 768 spe-

132 809 280 890 ctare,
314 767 541 909 populares
578 766 710 866 initio
746 803 839 864 rem
875 766 930 863 ad
968 807 1010 865 se
1046 804 1201 906 parum
1237 804 1311 867 aut
1346 769 1452 867 nihil
1489 809 1589 909 pet⁴

135 917 272 1015 tinere
322 909 608 1012 existimantes
648 985 663 1027 ,
699 948 723 1005 a
759 907 1003 1044 recipienda
1054 909 1150 1047 lege
1200 947 1295 1008 non
1341 912 1587 1014 admodum

132 1052 453 1154 abhorrebant.
510 1062 618 1168 Quo
653 1049 984 1168 animadverso,
1021 1049 1192 1188 sibique
1228 1087 1465 1152 mementes
1501 1096 1586 1153 no-

81 1251 83 1253 ·
132 1195 290 1311 biles,
325 1233 379 1303 ne
431 1235 456 1292 a
491 1190 616 1332 plebe
670 1192 859 1308 deserti,
896 1191 1135 1332 periculum
1172 1269 1187 1309 ,
1222 1198 1345 1332 quod
1397 1197 1588 1296 maxime

135 1333 432 1452 verebantur,
466 1335 668 1454 adirent,
705 1333 893 1433 consiliis
945 1334 1324 1459 communicatis,
1365 1338 1589 1438 docendos

143 1518 227 1578 esse
265 1476 492 1616 populares
545 1510 815 1592 statuerunt,
850 1474 1090 1614 periculum
1127 1477 1281 1616 alege
1329 1478 1444 1619 ipsos
1497 1519 1589 1580 non

144 1619 287 1720 minus
325 1656 458 1757 quam
495 1615 660 1715 nobiles
697 1619 842 1734 adire,
882 1616 1017 1755 idque
1053 1658 1147 1718 non
1194 1620 1337 1718 solum
1381 1622 1590 1722 advocata

141 1761 353 1860 concione
387 1760 533 1857 multis
570 1757 735 1858 verbis
768 1758 1089 1867 disseruerunt3
1124 1763 1193 1862 sed
1230 1761 1277 1859 in
1327 1762 1451 1860 omni
1501 1802 1589 1862 ser-

118 1941 276 2011 mone
311 1899 564 2033 jactabant,
599 1897 857 2021 nobilibus,
894 1900 974 2039 qui
1010 1900 1207 2038 publicae
1257 1900 1463 2002 libertatis
1510 1944 1589 2005 cu·-

142 2046 283 2143 stodes
322 2079 364 2141 et
402 2043 555 2181 populi
606 2040 864 2179 praesidium
917 2077 1091 2164 essent,
1127 2042 1392 2163 debilitatis,
1430 2081 1592 2185 atque,

147 2187 271 2325 quod
309 2193 457 2283 Petrus
494 2182 677 2281 Toletus
713 2183 907 2320 primum
942 2183 1200 2303 moliretur,
1236 2187 1440 2316 dejectis,
1480 2187 1592 2286 nihil
1721 2226 1723 2229 ·

147 2328 319 2468 negotii
346 2322 448 2425 'fore
486 2323 655 2464 plebem
693 2362 768 2462 per
804 2366 845 2425 se
879 2323 1133 2446 infirmam,
1169 2359 1395 2456 totamque
1436 2328 1592 2427 civita-

145 2504 237 2590 tem
273 2469 322 2568 in
359 2469 630 2602 tyrannicam
665 2467 911 2567 servitutem
942 2467 1142 2607 redigere>
1169 2505 1210 2569 et
1242 2469 1460 2605 spoliare,
1499 2510 1592 2607 quo

143 2646 239 2715 tota
294 2610 470 2709 molitio
516 2607 665 2708 Toleti
715 2603 983 2708 referretur:
1031 2649 1080 2708 ac
1115 2609 1420 2711 Demosthenis
1455 2611 1593 2710 Athe-

147 2753 304 2852 niensis
344 2753 536 2891 apologo
579 2749 625 2847 id
662 2750 864 2848 declarari
920 2749 1258 2888 praedicabant,
1294 2791 1386 2889 quo
1423 2753 1488 2850 vir
1523 2753 1595 2850 ille

147 2894 501 3031 prudentissimus
537 2889 729 3029 Philippi
763 2889 897 3030 Regis
934 2893 1223 2990 Macedoniae
1259 2894 1411 2991 dolum
1448 2931 1490 2992 et
1530 2894 1602 3007 in·t>

147 3036 304 3152 sidias,
344 3075 448 3176 quas
483 3032 675 3133 libertati
709 3029 1042 3130 Atheniensium
1079 3034 1272 3132 tenderet
1307 3111 1321 3152 ,
1354 3034 1592 3133 indicavit.

226 3188 361 3277 LXII.
432 3175 650 3316 Philippus
686 3174 805 3271 enim
854 3211 965 3283 cum
993 3170 1190 3273 Athenas
1227 3171 1453 3275 obsidione
1496 3176 1594 3276 cina

155 3315 314 3437 risset,
350 3338 584 3458 apertoque
621 3325 764 3415 Marte
800 3354 1045 3455 expugnare
1100 3313 1356 3435 diffideret,
1384 3321 1455 3414 ad
1491 3354 1596 3416 artes

123 3488 384 3560 'conversus
420 3454 753 3561 Atheniensibus
795 3456 1095 3556 denuntiatum
1132 3459 1307 3576 mittit,
1339 3497 1429 3556 non
1467 3458 1596 3555 sein

155 3602 375 3701 civitatem
413 3599 579 3700 bellum
610 3598 872 3737 suscepisse,
909 3638 934 3695 a
970 3639 1057 3736 qua
1092 3599 1208 3698 nulla
1242 3594 1389 3699 fuisset
1422 3597 1598 3699 affectus

154 3741 344 3871 injuria,
381 3745 454 3842 sed
492 3742 539 3840 in
574 3738 917 3839 Demosthenem
954 3776 996 3838 et
1033 3780 1193 3878 paucos
1228 3741 1367 3859 alios,
1405 3781 1516 3880 quos
1553 3783 1599 3840 a·-

156 3886 301 3982 nimos
337 3886 384 3982 in
422 3925 464 4012 se
500 3882 701 3980 inimicos
737 3920 885 4020 gerere
929 3877 1105 3979 haberet
1154 3883 1452 4021 exploratum.
1500 3894 1600 3981 Hos

154 4025 289 4163 igitur
326 4021 407 4123 sibi
442 4022 498 4123 ab
526 4020 861 4121 Atheniensibus
901 4022 1003 4121 dedi
1039 4024 1255 4161 postulare
1275 4067 1284 4123 :
1306 4027 1431 4164 quod
1463 4024 1499 4121 si
1533 4021 1601 4121 fe·

153 4168 308 4266 cissent
342 4243 357 4283 ,
399 4160 625 4264 confestim
663 4204 704 4261 se
741 4161 971 4262 obsidione
1008 4160 1299 4285 destiturum,
1325 4199 1602 4305 perpetuam-

156 4346 245 4444 que
281 4306 376 4407 sibi*
402 4332 508 4405 cum
539 4305 716 4411 civitate
752 4343 905 4443 pacem
942 4300 1035 4403 fore
1070 4308 1290 4443 polliceri.
1341 4317 1475 4409 Erant
1521 4346 1600 4407 au-

156 4481 245 4545 tem
281 4526 297 4565 ,
335 4483 385 4546 ut
421 4445 737 4550 Demosthenes
770 4522 786 4563 ,
824 4448 880 4545 sic
916 4446 1079 4564 ceteri,
1116 4486 1228 4586 quos
1262 4446 1486 4589 Philippus
1511 4463 1604 4549 wnoa

155 4590 356 4695 minatim
414 4587 630 4728 petebat,
681 4586 794 4691 cives
830 4587 1075 4725 primarii,
1112 4628 1304 4725 quorum
1342 4593 1526 4691 consilio
1563 4625 1605 4691 et

149 4730 361 4834 industria
397 4732 549 4835 civitas
581 4729 814 4866 tyrannicis
849 4726 1046 4870 Philippi
1081 4730 1308 4835 conatibus
1345 4732 1599 4844 obsistebat.

1490 4887 1598 4998 Quo
