3998 5850
402 458 670 545 canorr
712 463 765 543 v.
814 463 927 540 333.
969 461 1178 540 xxvrn
1395 465 1482 552 425

63 613 286 718 montium
322 615 627 735 obsederant,
665 656 865 756 quaeque
898 616 954 714 ad
986 626 1152 718 Rutam
1186 651 1320 718 castra
1356 658 1512 760 posue

63 798 193 879 rant,
228 756 392 861 facto
381 796 551 902 impetu
584 693 901 900 piolligarunt3
939 795 1032 860 turn
1072 756 1339 902 Erebergum
1374 802 1515 902 angu

63 904 152 1004 stiis
178 904 447 1068 impositam
483 943 673 1023 arcem,
714 902 959 1004 custodibus
1003 901 1306 1040 dedentibus,
1345 944 1515 1044 praeter

65 1046 268 1147 omnium
306 1047 566 1188 opinionem
609 1083 919 1185 receperunt3
936 1081 1059 1144 crant
1115 1047 1236 1149 enim
1294 1051 1508 1186 praesidio

61 1190 234 1349 Alpinis
271 1190 458 1289 claustris
497 1189 691 1289 militum
725 1191 781 1289 ad
817 1225 918 1290 octo
957 1189 1130 1306 millia,
1168 1188 1326 1330 quibus
1365 1232 1507 1332 angu-

64 1333 154 1431 stiis
175 1334 396 1474 occupatis
416 1333 686 1451 Mauricius,
702 1333 824 1431 tertia
853 1332 1076 1474 copiarum
1105 1369 1223 1470 parte
1247 1373 1350 1432 cum
1382 1336 1508 1437 omni

63 1477 260 1615 equitatu
300 1479 354 1576 ad
388 1488 552 1577 Rutam
592 1512 634 1575 et
651 1476 861 1596 Fiessam,
881 1513 931 1575 ut
961 1474 1035 1575 hic
1073 1476 1214 1576 aditus
1247 1514 1352 1576 esset
1387 1516 1507 1615 prae

62 1619 251 1737 clusus,
292 1620 411 1728 viam
450 1618 696 1719 obsidere
680 1659 839 1749 Jussa,
885 1619 977 1759 ipse
1029 1658 1132 1718 cum
1168 1619 1343 1758 reliquis
1367 1630 1506 1722 Oen-

61 1697 336 1898 sptuclrtim
326 1800 386 1861 333
424 1762 612 1902 pergit,
646 1759 724 1861 ubi
755 1760 937 1862 Carolus
966 1762 1086 1861 nullo
1131 1797 1293 1902 praeter
1341 1760 1506 1865 cohor

62 1938 149 2003 tem
189 1907 447 2043 praetoriam
472 1904 700 2042 praesidio
738 1943 903 2002 secutus
942 1901 1125 2044 agebat

106 2056 309 2149 XXVIII.
369 2048 548 2148 Carolus
586 2049 640 2145 de
676 2046 891 2184 praesidio
930 2046 1088 2206 pulso,
1113 2084 1157 2147 et
1175 2084 1305 2187 capto
1324 2043 1505 2147 Ereber

60 2229 163 2330 g0,
199 2190 322 2329 quod
354 2191 473 2290 abest
512 2185 568 2287 ab
611 2186 896 2328 Oensprucho
930 2188 1132 2290 bidui
1091 2228 1208 2308 vta,
1243 2193 1384 2331 deque
1423 2191 1504 2290 ad-

62 2368 200 2431 ventu
236 2332 442 2432 Mauricii
476 2371 578 2431 cum
616 2331 927 2472 cognovisset,
964 2331 1122 2471 raptim
1158 2266 1259 2431 iride
1293 2335 1503 2452 discedit,

58 2511 102 2575 et
138 2474 357 2573 Villacum
399 2472 645 2574 Pannoniae
684 2475 912 2611 superioris
951 2476 1167 2616 oppidum
1210 2477 1266 2574 ad
1303 2489 1536 2577 Dravum'

59 2614 242 2715 fluvium
280 2616 449 2758 magnis
498 2617 719 2718 nocturnis
760 2617 1011 2757 diurnisque
1064 2618 1289 2718 itineribus
1327 2655 1505 2717 conteu-

60 2759 162 2877 dit,
201 2767 378 2896 Joanne
418 2761 616 2861 cherico
648 2761 855 2861 Saxoniae
888 2771 1058 2875 Duce,
1093 2801 1229 2900 quem
1267 2760 1503 2898 superiori-

58 2897 139 3005 bus
172 2900 323 3003 diebus
358 2901 644 3022 liberaverat,
676 2938 933 3003 assectante.
974 2911 1097 3003 Nam
1130 2905 1372 3002 Fernandus
1413 2898 1502 3001 fra

57 3080 120 3144 ter
157 3056 463 3146 Romanorum
496 3057 591 3146 Rex
627 3045 759 3186 ,qui
798 3047 1092 3158 discedentem
1128 3041 1286 3144 fuerat
1302 3081 1501 3165 secutus,

57 3187 178 3287 viam
217 3189 342 3287 unius
380 3189 468 3289 diei
505 3227 753 3350 progressus
785 3187 1006 3308 substitit,
1043 3224 1086 3287 et
1123 3187 1319 3287 llexo
1275 3226 1424 3287 ttrnete
1455 3188 1502 3288 in

57 3330 339 3433 Germaniam
376 3334 647 3451 contendit,
659 3370 807 3472 srqua
844 3332 1013 3432 ratione
1047 3368 1190 3473 posset
1226 3331 1359 3430 initiis
1408 3366 1501 3429 3333

57 3507 208 3574 torum
241 3476 460 3577 malorum
499 3513 751 3576 occurrere.
799 3474 1035 3617 Mauricius
1070 3474 1337 3616 paulopost
1373 3482 1500 3571 Oen

56 3616 334 3778 spruclrum
322 3655 508 3738 intrat,
544 3619 717 3719 nemine
753 3613 1071 3759 repugnante,
1110 3655 1152 3716 et
1187 3655 1309 3716 resa
1349 3625 1500 3713 Caesa

57 3760 189 3859 3333333
227 3762 390 3900 raptim
423 3798 466 3862 et
492 3694 666 3861 iurbate
705 3760 1075 3900 proficiscentibus
1125 3758 1290 3858 relictas
1321 3757 1526 3895 diripitrv

54 3938 161 4003 nam
208 3905 487 4065 oppidanis,
536 3942 780 4045 eorumque
833 3939 876 4003 et
932 3904 1067 4045 Regis
1113 3900 1324 4001 Pernandi
1375 3899 1502 3999 rebus

54 4080 140 4182 pro
178 4046 363 4145 amicitia
398 4048 626 4187 diligenter
663 4083 714 4145 ut
751 4082 1022 4184 parceretur,
1051 4044 1280 4163 edixerat,
1315 4081 1394 4141 nec
1433 4040 1504 4138 ul-

56 4220 122 4284 tra
160 4224 403 4327 progressus
438 4190 486 4289 in
519 4189 802 4289 Germaniam
836 4190 990 4320 cadem
1023 4228 1155 4328 ,qua
1186 4220 1361 4287 venerat
1398 4183 1501 4307 via,

52 4330 339 4467 regreditut3
399 4333 473 4430 sed
531 4332 768 4434 Guilielmo
809 4318 987 4435 Rutam
1025 4333 1292 4470 Ficssamque
1343 4365 1502 4468 agmen

53 4472 113 4573 ad
134 4473 333 4629 reliquas
374 4475 520 4615 copias
560 4474 802 4574 deducendi
835 4513 936 4575 cura
972 4472 1286 4573 demandata
1243 4511 1366 4612 ,tpse
1399 4479 1504 4568 Pas

53 4611 226 4712 savium
267 4654 378 4716 recta
415 4618 688 4718 contendit
681 4684 693 4724 ‚
730 4625 819 4747 jam
858 4619 978 4717 enim
1008 4617 1097 4719 dies
1134 4615 1361 4757 colloquio
1399 4652 1526 4716 con

50 4758 298 4898 ventuique
337 4761 598 4903 constitutus
634 4757 966 4904 appetebat.
1393 4876 1394 4879 γ

123 4899 317 5005 Tmfl,
998 4900 1109 5010 thr
1159 4988 1161 4993 s
1396 4909 1516 4998 Con·
