3998 5850
494 463 581 561 492
856 465 940 546 DE
982 455 1181 544 REBUS
1224 462 1455 546 GESTIS

453 657 641 744 „tatum
676 659 882 722 consensu
916 635 1125 762 Regnum
1163 622 1353 721 delatum
1388 612 1673 760 susceperim
1711 616 1797 719 Sed
1830 616 1907 719 ho·

457 840 491 889 ‚,
506 767 640 865 mines
677 762 916 864 turbulenti
957 804 1005 864 ac
1041 764 1197 906 perfidi
1233 764 1474 865 ambitione
1515 797 1557 865 et
1600 762 1784 861 avaritia
1819 802 1905 867 cae·

458 987 491 1031 ,‚
508 910 549 1009 ci
593 909 739 1008 otium
791 945 834 1008 et
875 947 1030 1051 pacem
1080 907 1253 1049 populis
1303 944 1347 1008 et
1390 903 1635 1007 civitatibus
1682 906 1907 1009 salutarem

457 1053 667 1173 „idcirco
704 1050 867 1153 babent
903 1053 1009 1153 odio
1029 1053 1186 1192 ,quod
1223 1050 1374 1151 baec
1362 1049 1620 1181 mjuriarum
1678 1083 1724 1149 et
1760 1050 1909 1166 aliena,

456 1234 691 1336 „quorum
727 1196 811 1335 ipsi
854 1232 949 1296 sunt
989 1193 1358 1337 appetentissimi‚
1393 1193 1631 1292 invadendi
1664 1193 1908 1292 occasiones

457 1411 492 1462 ‚,
510 1374 554 1439 et
590 1336 839 1437 facultatem
876 1341 1067 1461 tollunt,
1087 1376 1131 1438 et
1167 1374 1268 1455 me,
1295 1335 1420 1475 quod
1455 1330 1618 1434 femina
1654 1375 1787 1454 sum,
1813 1375 1909 1435 con

458 1518 736 1603 „temnunt
768 1483 1005 1623 magnique
1041 1480 1255 1620 Principis
1290 1478 1528 1618 Hispaniae
1579 1514 1621 1577 et
1671 1412 1911 1578 muliorum

461 1637 767 1764 „Regnorum
802 1624 1014 1744 heredis,
1050 1624 1130 1764 qui
1164 1662 1280 1724 meas
1318 1622 1487 1762 nuptias
1524 1620 1649 1719 missa
1697 1622 1909 1782 legatione

461 1843 492 1886 ‚,
510 1806 779 1906 aequissrmrs
821 1768 1065 1868 Britanniae
1119 1762 1450 1865 conditionibus
1492 1763 1730 1902 deposcit,
1767 1803 1908 1863 mam

459 1985 490 2030 ,‚
509 1948 711 2008 montum
747 1910 959 2051 impedite
996 1944 1239 2027 conantur,
1262 1948 1317 2006 ne
1353 1907 1439 2005 suis
1473 1904 1717 2005 rationibus
1752 1944 1799 2006 et
1834 1947 1909 2006 sce·

373 2050 1907 2212 ·ΜΜΜ.ΜΜΨΨΜΜΜι

338 2275 342 2281 ,
458 2271 496 2332 7,
510 2235 589 2294 nec
626 2237 676 2295 ex
712 2236 815 2296 meo
851 2198 1019 2326 judicio
1054 2196 1125 2294 vel
1159 2192 1423 2333 cupiditate,
1450 2192 1525 2292 sed
1560 2235 1610 2292 ex
1639 2192 1808 2332 publici
1831 2194 1909 2293 Bri·

464 2339 680 2458 „tanniae
716 2340 903 2438 Consilii
939 2338 1146 2440 sententia
1193 2338 1383 2478 benigne
1432 2337 1738 2476 respondi,
1707 2378 1766 2436 src
1802 2340 1910 2437 enim

464 2521 562 2599 „ex
598 2517 648 2578 rew
695 2481 998 2622 dignitateque
1048 2481 1288 2582 Britanniae
1337 2478 1584 2580 auctoribus
1625 2482 1755 2618 Regii
1790 2496 1914 2581 Con-

469 2623 598 2741 „silii
635 2623 910 2724 Senatotibus
947 2624 1091 2724 visunt
1127 2661 1215 2725 est.
1260 2633 1382 2724 Nam
1418 2665 1523 2727 cum
1564 2623 1743 2723 extemis
1785 2623 1912 2723 annis

465 2766 697 2885 „subinde
733 2767 1024 2886 lacessamur,
1062 2804 1106 2869 et
1142 2767 1255 2867 Galli
1290 2767 1434 2867 hostes
1475 2767 1788 2868 Britannorum
1823 2808 1912 2908 per-

464 2982 502 3027 ,,
513 2909 635 3046 petui
670 2910 714 3009 in
750 2912 901 3012 limine
938 2913 1109 3031 adsint,
1134 2911 1275 3011 Scotia
1310 2911 1540 3011 Provincia
1575 2908 1768 3011 finitima
1798 2910 1912 3010 nobis

468 3124 499 3168 „
513 3086 768 3189 occupata,
808 3055 918 3193 quid
954 3057 1090 3194 magis
1126 3095 1178 3153 ex
1213 3094 1293 3153 usu
1329 3094 1377 3154 ac
1413 3054 1628 3214 dignitate
1666 3056 1810 3194 gentis
1844 3094 1914 3152 no·

466 3226 623 3314 „strae
669 3230 812 3332 potest
848 3196 1087 3316 accidere,
1129 3234 1205 3296 aut
1246 3195 1376 3296 nobis
1422 3234 1562 3338 magis
1605 3200 1914 3335 expetendum,

474 3373 656 3474 „quam
693 3341 816 3478 quod
853 3340 1053 3479 Princeps
1090 3338 1438 3441 Christianorum
1476 3339 1917 3481 potentissimus‚uo

473 3554 506 3602 ,‚
522 3478 665 3602 lente,
706 3520 756 3578 ac
792 3480 925 3582 etiam
960 3482 1215 3583 adhortante
1252 3518 1370 3623 patre
1407 3494 1674 3623 Imperatore
1709 3485 1918 3601 Maximo,

471 3657 674 3760 „sponte
711 3664 787 3722 sua
822 3627 1109 3765 permissam
1145 3622 1435 3787 legationem
1449 3626 1591 3764 petit,
1626 3626 1798 3726 nullam
1831 3666 1920 3727 cou-

474 3764 738 3881 „ditionem
774 3805 1067 3887 recusaturus,
1103 3803 1153 3867 ut
1187 3807 1236 3866 ιιι
1272 3767 1513 3867 amicitiam
1549 3804 1593 3867 et
1626 3769 1824 3869 Britanni
1843 3783 1922 3871 Re-

469 3908 595 4074 „gni
631 3908 883 4011 societatem
921 3950 995 4050 pet
1029 3911 1225 4052 Reginae
1261 3912 1588 4012 matrimonium
1624 3911 1805 4011 veniat>
1839 3924 1924 4011 Hu-

469 4123 502 4167 ,‚
517 4057 584 4178 jus
621 4053 740 4152 enim
772 4053 973 4153 maximis
1001 4051 1160 4214 opibus
1194 4056 1249 4154 ad
1275 4092 1443 4155 nostras
1477 4053 1785 4154 accedentibus
1798 4054 1928 4193 ,quis

468 4266 499 4311 „
516 4190 714 4295 dubitare
750 4195 892 4303 valeat
906 4196 1059 4364 ,quin
1085 4232 1231 4295 nostra
1265 4196 1482 4298 Britannia
1509 4193 1622 4296 foret
1658 4238 1752 4298 non
1785 4198 1927 4297 solum

459 4392 501 4453 ³„
514 4335 570 4435 ab
606 4374 879 4438 externorum
916 4338 1082 4470 injuriis
1118 4375 1247 4457 tuta,
1286 4340 1360 4439 sed
1394 4341 1561 4440 cunctis
1598 4339 1792 4439 hostibus
1826 4336 1929 4438 lot-

472 4549 504 4593 „
520 4477 765 4602 midabilis,
804 4483 1029 4645 simulque
1053 4480 1253 4582 civilium
1289 4483 1655 4646 contentionum,
1686 4523 1799 4624 quae
1834 4494 1929 4582 Re-

472 4692 503 4737 „
520 4657 711 4757 gnorum
748 4660 882 4762 pestes
916 4627 1128 4728 maximae
1164 4664 1296 4746 sunt,
1326 4664 1369 4726 et
1403 4626 1708 4728 intestinarum
1748 4626 1930 4726 seditio-

468 4799 626 4883 „num
661 4770 905 4869 occasiones
940 4770 1194 4874 tollerentur
1212 4806 1534 4913 ,potentesque
1569 4809 1675 4873 cum
1713 4771 1929 4873 tenuiori·

1811 4913 1929 5043 „bus
