4124 5880
545 425 604 540 46
871 497 872 505 a
930 429 1016 511 ore
1064 429 1268 509 nurus
1309 421 1545 508 onsrrs

494 593 707 699 Carolum
734 586 785 693 in
808 628 884 690 sua
917 586 1021 687 navi
1058 586 1310 706 salutasset,
1345 585 1528 688 Carolus
1567 578 1763 690 vicissim
1799 581 1850 689 in
1881 597 1967 695 Re·

492 741 617 884 giam
654 735 894 854 transiret,
930 766 1178 875 mutuoque
1215 726 1368 833 officio
1404 725 1693 876 firngerctur,
1729 770 1778 834 ut
1814 774 1864 835 ea
1901 777 1971 838 ra-

493 887 618 987 tione
653 920 789 1027 parvo
826 914 902 980 aur
937 877 1061 978 nullo
1099 878 1381 1000 discrimine,
1411 877 1513 982 loco
1550 915 1594 980 et
1635 876 1861 1020 praesidiis
1897 922 1968 984 ae·

493 1026 672 1173 quatis,
706 1023 874 1128 abesset
909 1060 1005 1124 non
1041 1022 1181 1126 modo
1219 1024 1498 1167 periculum,
1535 1023 1611 1124 sed
1648 1024 1795 1129 omnis
1832 1025 1969 1133 etiam

492 1172 682 1316 suspicio
719 1207 764 1273 et
800 1166 1064 1270 solicitudo.
1122 1167 1201 1273 Sed
1238 1168 1287 1271 bi
1321 1204 1456 1312 portu
1505 1207 1611 1272 cum
1657 1169 1859 1272 navicula
1894 1174 1971 1294 vix

491 1318 701 1463 digressi,
748 1312 934 1417 obviam
970 1310 1167 1458 Regiin
1209 1310 1369 1455 scapha
1405 1313 1599 1418 venienti
1646 1312 1792 1438 fiunt,
1828 1355 1968 1458 quam

492 1462 700 1607 scapham
744 1459 968 1562 naviculae
1005 1460 1204 1600 quinque
1257 1460 1404 1580 aliae,
1441 1497 1679 1602 procerum
1727 1499 1777 1560 ac
1828 1461 1970 1565 nobi-

494 1609 607 1709 lium
646 1608 844 1708 virorum
879 1605 1068 1746 plenae,
1105 1604 1422 1744 sequebantur.

565 1763 720 1855 XXV.
796 1763 894 1853 Rex
944 1748 1092 1891 paucis
1143 1744 1289 1852 verbis
1336 1787 1362 1851 a
1404 1759 1527 1853 Duce
1574 1747 1727 1851 Caroli
1777 1748 1966 1852 nomine

492 1898 723 2018 salutatus,
746 1893 802 1994 ad
839 1935 887 1997 ea
924 1935 967 1994 se
997 1889 1161 1996 Carolo
1198 1933 1306 1997 mox
1342 1934 1492 1997 coram
1529 1935 1840 2038 responsurum
1877 1935 1968 1995 esse

490 2042 637 2166 dicit,
673 2039 892 2183 simulque
929 2042 1239 2182 progreditur.
1279 2036 1518 2143 Accedenti
1552 2039 1737 2143 Carolus
1771 2040 1829 2140 ad
1865 2078 1966 2141 suae

491 2187 613 2288 navis
649 2185 776 2285 scalas
812 2185 1015 2326 procedit
1049 2183 1264 2306 obviarn,
1300 2222 1345 2287 et
1380 2224 1486 2288 cum
1521 2185 1747 2328 perpaucis
1784 2222 1964 2286 suorum

490 2329 856 2432 conscendentem
892 2363 1090 2471 porrecta
1126 2367 1263 2435 manu
1302 2327 1539 2468 sublevat3
1574 2331 1655 2473 qui
1698 2366 1803 2432 cum
1848 2327 1965 2431 inter

466 2515 535 2603 ,se
587 2471 807 2615 complexi
860 2509 903 2577 et
972 2475 1207 2577 exosculari
1267 2473 1530 2577 amicissime
1595 2474 1964 2576 consalutassent:

490 2619 588 2723 Veni
606 2681 637 2739 ,κ
659 2618 808 2759 inquit
843 2616 1124 2741 Franciscus,
1156 2619 1205 2722 ad
1236 2649 1310 2741 te,
1336 2620 1496 2739 Catule,
1525 2648 1570 2718 ur
1601 2624 1784 2757 pristinis
1818 2621 1963 2719 simul-

361 2879 363 2881 ·
476 2767 640 2864 ‘tatibus
677 2767 868 2885 abolitis,
892 2795 962 2900 pro
1009 2767 1136 2864 decem
1178 2784 1359 2867 annorum
1398 2765 1564 2866 induciis
1598 2799 1728 2904 pacem
1764 2773 1965 2899 sempiter-

491 2947 578 3009 nam
616 2933 655 3006 et
678 2915 960 3008 sanctissimum
984 2911 1129 3044 foedio
1183 2916 1379 3011 ineamus.
1421 2908 1511 3007 Cui
1545 2905 1730 3009 Carolus
1768 2947 1777 3006 :
1821 2903 1967 3025 „Sibi

493 3086 652 3170 „vero
688 3046 799 3149 nihil
828 3051 1020 3193 optatius
1058 3092 1178 3171 esse,
1206 3048 1467 3192 respondit,
1491 3083 1535 3150 et
1569 3079 1666 3152 eam
1702 3048 1841 3150 solam
1876 3045 1966 3150 sibi

492 3186 671 3316 „fuisse
707 3230 883 3295 causam
919 3231 1058 3337 nuper
1091 3232 1155 3296 ex*
1179 3195 1394 3338 Hispania
1429 3192 1770 3337 proficiscendi:
1815 3193 1969 3333 itaque

491 3334 787 3482 „gratissima
812 3334 943 3439 fuisse
966 3340 1175 3442 mandata
1203 3339 1472 3482 nuntiosque
1503 3337 1637 3482 ipsius
1666 3373 1710 3440 et
1740 3335 1966 3480 Reginae,

496 3483 704 3625 „quibus
735 3478 882 3622 fuisset
906 3519 1010 3586 cum
1037 3484 1256 3621 ejusmodi
1282 3483 1421 3586 animi
1447 3482 1768 3628 significatione
1793 3483 1849 3583 ad
1872 3479 1969 3580 col-

496 3627 749 3768 „loquium
784 3625 1017 3733 invitatus.
1045 3648 1076 3692 “
1110 3638 1265 3751 Haec,
1288 3627 1453 3753 multis
1474 3626 1778 3749 audientibus,
1799 3619 1971 3767 praefa-

496 3770 616 3873 tiad
652 3809 890 3877 extremam
921 3773 1111 3919 puppim
1147 3809 1408 3878 secessemnt
1432 3848 1448 3900 ,
1473 3809 1516 3876 et
1552 3775 1630 3876 diu
1666 3772 1756 3875 sine
1792 3767 1970 3872 arbitris

493 3951 594 4016 sunt
629 3917 871 4021 collocuti.
911 3924 1037 4022 Tum
1072 3918 1325 4063 proceribus
1362 3915 1702 4040 accedentibus,
1734 3914 1851 4016 Galli
1880 3925 1969 4015 Ca-

494 4060 674 4185 rolum,
711 4059 848 4165 nostri
882 4066 1152 4166 Franciscum
1188 4102 1344 4207 sponte
1397 4103 1473 4163 sua
1530 4061 1801 4181 salutarunt,
1836 4096 1970 4200 prae-

494 4240 561 4306 ter
597 4205 823 4310 Andream
859 4208 1071 4313 Doriam.
1130 4211 1221 4312 Hic
1273 4207 1393 4309 enim
1444 4207 1501 4308 ad
1536 4205 1673 4350 Regis
1723 4207 1969 4346 ingressum

497 4390 522 4450 e
558 4351 698 4494 puppi
733 4353 1011 4477 discesserat,
1050 4355 1107 4459 ad
1145 4352 1402 4499 malumque
1439 4351 1721 4469 constiterat,
1759 4351 1902 4448 donec
1941 4391 1972 4448 a

496 4497 662 4599 Carolo
699 4533 914 4621 vocatus,
937 4536 980 4602 et
1014 4513 1185 4645 Regem
1222 4500 1401 4601 salutare
1436 4505 1573 4630 jussus
1609 4528 1701 4603 ests
1730 4528 1865 4635 quem
1904 4491 1971 4592 si-

466 4636 634 4743 'lentio
671 4680 747 4766 se,
785 4683 836 4747 ut
872 4649 1069 4746 dextram
1106 4645 1240 4787 ipsius
1287 4682 1339 4744 ex
1384 4683 1511 4745 more
1557 4638 1853 4759 oscularetur,
1892 4634 1968 4736 in-

498 4783 766 4910 clinantem,
806 4790 1061 4934 complexus
1097 4799 1192 4895 Rex
1247 4787 1527 4900 sublevavits
1564 4826 1614 4888 ac
1649 4791 1822 4889 dextera
1875 4780 1966 4883 hu-

1866 4967 1970 5028 me‘
