4110 5888
517 427 768 509 carosi
819 431 870 511 v.
920 427 1032 508 rra.
1075 430 1203 510 xvr.
1504 443 1557 531 17

130 615 176 680 ut
211 577 308 682 fieri
344 582 493 702 solet,
538 583 837 685 intentarunt.
882 596 1091 725 Cumque
1128 594 1298 684 Turcae
1341 583 1484 687 nihilo
1527 631 1590 691 se-

125 724 214 825 cius
262 727 381 828 taciti
422 764 524 827 cum
565 762 728 871 magna
769 729 1071 829 contemtione
1108 767 1336 870 pergerent
1373 807 1389 848 ,
1425 737 1586 836 Veneti

124 870 283 971 animis
325 874 387 972 ira
430 871 684 990 succensis,
721 912 800 975 nec
838 869 1025 972 ferentes
1067 871 1420 1015 indignitatem,
1469 878 1587 979 serio

124 1052 289 1155 agunt,
319 1050 363 1114 et
399 1012 550 1122 navim
587 1031 847 1158 oppugnare
883 1016 1148 1119 instituunt3
1189 1057 1269 1116 nec
1305 1017 1383 1115 diu
1418 1013 1504 1118 fuit
1538 1062 1583 1120 e-

122 1156 456 1279 laborandum,
494 1161 660 1299 quippe
702 1161 757 1259 ad
799 1159 995 1299 primum
1037 1157 1177 1256 ictum
1220 1152 1424 1257 inferiore
1459 1199 1582 1300 parte

120 1303 326 1405 tormenti
362 1304 450 1403 telo
492 1342 697 1403 concussa
748 1338 791 1402 et
844 1296 1059 1442 perforata
1108 1300 1228 1402 navis
1241 1363 1243 1369 π
1258 1318 1411 1403 :mare
1433 1307 1584 1444 coepit

120 1447 397 1571 admittere,
432 1486 512 1549 nec
555 1448 726 1549 valente
768 1445 872 1546 huic
918 1445 1039 1544 malo
1081 1481 1312 1544 nautarum
1353 1444 1580 1586 diligentia

119 1591 325 1711 mederi,
362 1591 662 1733 deprimitur,
699 1590 918 1731 simulque
953 1588 1127 1730 regium
1162 1588 1501 1691 instrumentum
1537 1628 1580 1692 et

120 1735 250 1836 multi
285 1737 486 1837 mortales
523 1734 782 1836 desiderati.
1407 1854 1409 1860 ἲ

188 1889 334 1981 XVII.
409 1891 478 1982 De
528 1877 594 1979 his
647 1879 781 2021 igitur
831 1876 1003 2010 injuriis
1039 1885 1238 2017 Joannes
1293 1889 1418 2011 Bejus
1445 1919 1578 1981 ¹con-

119 2024 330 2162 querendi
385 2022 681 2125 strationem
732 2023 987 2164 reposcendi
1037 2062 1162 2123 causa
1205 2025 1372 2167 legatus
1424 2022 1576 2123 missus

119 2164 164 2266 in
201 2178 446 2307 Corcyram
481 2206 585 2269 curn
621 2165 825 2286 duabus,
861 2206 967 2307 quas
1003 2165 1135 2285 dixi,
1172 2166 1355 2270 navibus
1391 2203 1577 2266 conten-

121 2306 284 2420 debat3
326 2349 368 2413 et
402 2324 493 2447 jam
527 2308 950 2454 appropinquabat,
984 2348 1087 2411 cum
1124 2311 1328 2430 Veneti,
1363 2311 1443 2450 qui
1479 2348 1573 2449 spe-

119 2453 292 2556 culandi
332 2459 469 2599 gratia
511 2496 616 2559 cum
660 2457 804 2598 paucis
850 2451 1099 2555 triremibus
1136 2495 1162 2553 a
1205 2456 1334 2555 classe
1374 2455 1576 2555 discesse-

119 2633 252 2719 rant,
287 2603 382 2733 Beji
416 2640 547 2704 naves
589 2599 872 2742 conspicati,
916 2599 1054 2702 veluti
1097 2593 1244 2698 furore
1288 2598 1438 2739 perciti
1481 2634 1577 2697 tor-

119 2742 277 2842 mentis
310 2785 381 2847 eas
417 2784 597 2888 quatere
632 2779 913 2887 coeperunt,
949 2740 1062 2844 nihil
1097 2742 1224 2884 signo
1268 2742 1413 2883 pacis,
1450 2740 1577 2879 quod

120 2887 291 2986 Turcae
326 2893 602 3005 consistentes
638 2888 953 3006 ostentabant,
990 2887 1223 2988 retardati.
1262 2897 1368 2986 Hoc
1405 2884 1576 3024 peticu-

120 3024 212 3129 lum
247 3042 373 3164 Bejus
416 3038 526 3139 dum
566 3031 674 3178 fuga
710 3034 846 3137 vitate
886 3032 1153 3150 contendit,
1188 3030 1237 3132 in
1278 3030 1457 3130 classem
1492 3043 1575 3128 no'-

122 3207 252 3274 stram
292 3177 494 3295 incidit,
533 3177 750 3322 rebusque
798 3177 1074 3319 desperatis,
1110 3214 1204 3276 non
1247 3174 1402 3316 procul
1444 3212 1575 3273 naves
1715 3279 1719 3288 ,

119 3311 165 3416 in
202 3318 318 3422 lituis
359 3325 481 3467 adigi
515 3324 680 3458 jubet,
716 3356 931 3466 captaque
967 3358 1124 3441 terra,
1162 3359 1265 3420 cum
1302 3319 1387 3418 suis
1424 3315 1575 3416 omni-

104 3453 197 3562 bus
233 3505 322 3566 sese
355 3461 488 3610 fugae
529 3467 786 3570 mandavit.
834 3466 917 3567 Sed
953 3506 1028 3566 eos
1063 3464 1200 3568 nostri
1245 3500 1358 3564 terra
1394 3498 1576 3602 quoquc

116 3609 355 3711 consectati
374 3685 390 3738 ,
408 3611 637 3755 plerosque
673 3648 750 3713 aut
784 3645 1023 3753 ceperunt,
1043 3646 1117 3710 aut
1152 3608 1433 3724 occiderunt,
1469 3644 1577 3744 pau-

109 3748 178 3848 cis
215 3752 264 3852 in
309 3755 537 3896 proximos
580 3794 750 3858 montes
792 3751 1118 3873 evadentibus,
1153 3750 1234 3893 qui
1280 3787 1431 3851 tamen
1473 3750 1578 3890 Epi-¹

104 3894 314 3998 tensium
359 3899 713 4002 Christianorum
758 3938 912 4000 manus
957 3893 1146 4039 effugere
1187 3934 1283 3996 non
1319 3929 1578 4037 potuerunt,

104 4073 140 4131 a
181 4038 342 4178 quibus
376 4049 570 4179 Joanncs
624 4084 807 4187 quoque
841 4050 968 4174 Bejus
1010 4075 1158 4182 captus
1209 4077 1273 4141 est
1307 4115 1321 4159 ,
1357 4039 1429 4136 sed
1473 4075 1579 4135 mox

108 4181 361 4318 Solymano
397 4189 485 4290 sine
513 4190 679 4332 vpretio
731 4187 982 4290 restitutus.
1035 4187 1176 4289 Doria
1223 4220 1329 4287 vero
1360 4257 1375 4300 ,
1412 4175 1578 4281 duabus

111 4324 404 4452 triremibus,
439 4334 638 4475 itemque
680 4331 877 4453 biremi,
912 4371 1023 4470 quae
1056 4341 1210 4462 Bejum
1259 4368 1310 4424 ex
1353 4323 1578 4429 intervallo

122 4471 416 4610 sequebatur,
450 4479 629 4618 captis,
666 4473 914 4617 insequenti
962 4507 1093 4572 nocte
1141 4470 1197 4569 ad
1233 4468 1471 4570 Metlatam
1507 4467 1580 4570 in-

131 4614 263 4748 sulam
316 4658 509 4722 reversus
547 4699 561 4740 ,
598 4621 790 4763 captivas
840 4616 1079 4734 triremes,
1115 4612 1339 4715 tormentis
1389 4616 1460 4714 in
1487 4652 1582 4712 suas
1643 4724 1645 4729 ⁴

142 4759 377 5001 traqglatis,
412 4761 636 4869 incendit.
690 4765 779 4866 Hic
815 4762 870 4864 de
906 4758 1153 4863 triremibus
1190 4756 1456 4898 quibusdam
1498 4755 1586 4916 bo·⁶

239 4944 312 5005 om.
334 4912 390 5004 Π.
866 4916 867 4919 i
1193 4916 1235 5004 C
1520 4933 1591 4998 stt*
