4192 5858
488 385 612 470 '216
919 343 1006 469 un
1047 340 1253 468 nesus
1294 385 1517 469 onsrrs

475 548 759 671 monstravi,
803 549 922 651 exsul
970 548 1321 689 Neapolitanus)
1364 544 1586 687 tranfugae
1608 614 1609 617 κ
1634 583 1778 687 poena
1817 625 1835 676 ,
1869 563 1943 687 ju*

476 699 611 804 bente
646 695 843 817 Carolo,
883 693 1161 834 plecteretur.
1217 705 1392 793 Sttozus
1442 692 1572 832 ipse,
1610 731 1848 796 conscenso
1899 740 1942 798 e-

474 884 568 985 quo
621 839 898 942 velocissimo
930 917 945 958 ,
976 834 1085 981 fuga
1135 841 1192 938 ad
1241 837 1426 938 salutem
1477 839 1731 940 contendit.
1790 842 1940 945 Paucis

472 1023 575 1130 post
629 984 781 1085 diebus
817 981 1003 1118 Pyrrhus
1047 982 1272 1082 Columna
1322 981 1655 1123 Carignanique
1707 991 1939 1108 custodes,

474 1169 579 1230 cum
615 1169 761 1229 rerum
813 1129 1018 1226 omniurn
1053 1124 1254 1268 inopiam
1290 1126 1370 1226 diu
1422 1163 1752 1268 extremamque
1789 1124 1941 1235 famen

471 1273 788 1416 patientissime
825 1270 1156 1389 toleravissent,
1188 1267 1315 1369 certis
1351 1268 1681 1371 conditionibus
1717 1276 1938 1415 oppidum

474 1417 767 1518 dediderunt.
818 1423 969 1555 Itaque
1019 1414 1123 1512 dato
1160 1412 1439 1543 jurejurando
1495 1454 1539 1513 se
1588 1414 1702 1514 intra
1745 1456 1939 1556 quatuor

472 1599 642 1662 menses
678 1599 799 1660 arma
834 1558 881 1659 in
914 1555 1062 1658 Gallos
1097 1597 1192 1658 non
1227 1593 1519 1677 resumturos,
1542 1597 1646 1658 cum
1680 1559 1816 1700 signis
1854 1564 1930 1663 mi·

473 1705 667 1807 litatibus
703 1739 747 1802 et
781 1700 943 1820 armis,
978 1735 1146 1844 praeter
1182 1737 1437 1820 tormenta,
1474 1702 1649 1842 suisque
1701 1701 1829 1804 rebus
1880 1747 1935 1806 o-

472 1847 649 1948 mnibus
700 1846 998 1966 discedentes,
1037 1844 1086 1946 in
1131 1845 1327 1947 Insubres
1379 1845 1436 1943 ad
1487 1843 1802 1946 Marchionem
1832 1924 1849 1967 ,
1885 1887 1935 1951 ut

472 1991 739 2130 stipendium
776 1989 1033 2130 exigerent,
1070 1988 1425 2095 contenderunt3
1462 2028 1555 2128 quo
1605 2023 1806 2128 tempore
1843 2001 1936 2122 jam

353 2182 360 2198 s
471 2136 628 2236 auxilia
680 2134 983 2274 Hispanorum
1035 2127 1450 2271 Germanorumque
1509 2173 1535 2230 a
1588 2134 1750 2233 Catolo
1806 2137 1936 2236 missa

471 2315 784 2420 pervenerant.
824 2278 943 2378 Hinc
978 2277 1095 2377 Felix
1129 2288 1453 2380 Germanorum
1489 2270 1764 2416 praefectus,
1796 2315 1849 2379 ut
1885 2279 1936 2380 fi-

471 2425 575 2523 dem
610 2420 809 2522 hostibus
846 2420 991 2520 datam
1027 2454 1306 2560 praestaret,
1342 2421 1531 2521 domum
1569 2422 1708 2521 redite
1760 2423 1934 2565 pergit.

468 2563 654 2702 Pyrrhus
704 2573 962 2684 Columna,
998 2601 1049 2663 ut
1090 2601 1391 2683 convenerat,
1425 2564 1482 2661 ad
1532 2576 1707 2706 Regem
1756 2568 1936 2667 Franci-

468 2749 589 2811 scum
641 2708 921 2833 contendit,
957 2748 1089 2848 seque
1137 2709 1185 2808 in
1234 2718 1326 2840 ejus
1373 2741 1636 2846 potestatem
1702 2710 1933 2849 permisit,

467 2894 600 2994 quem
634 2867 730 2957 Rex
765 2852 905 2954 amice
941 2888 1167 2992 receptum
1202 2888 1244 2951 et
1278 2851 1576 2951 collaudatum
1613 2852 1813 2973 dimisit,
1853 2856 1934 2954 da-

467 3033 511 3096 ta
546 2999 662 3136 prius
698 2997 884 3138 optione
920 2998 1109 3097 domurn
1145 2996 1285 3094 redire
1300 3072 1314 3114 ,
1341 3035 1396 3094 an
1431 2995 1551 3135 apud
1586 3036 1630 3094 se
1666 2996 1715 3094 in
1752 2997 1929 3140 suisque

468 3143 611 3241 castris
648 3181 752 3242 cum
794 3138 1061 3280 praefectura
1094 3178 1317 3240 remanere
1351 3136 1528 3238 mallet.
1577 3139 1744 3239 Milites
1781 3178 1933 3245 autent

468 3285 654 3426 gregarii
689 3286 746 3386 ad
781 3282 974 3385 Insubres
1009 3317 1373 3424 permanserunt,
1408 3282 1735 3422 praedicantes,
1775 3326 1820 3384 se
1840 3288 1938 3427 'pa-

468 3428 528 3528 cis
563 3427 730 3569 legibus
767 3469 861 3529 non
897 3429 1035 3528 teneri
1069 3505 1084 3545 ,
1119 3466 1223 3569 quas
1260 3424 1434 3544 hostes,
1472 3426 1600 3525 sociis
1635 3428 1927 3552 Caesarianis,

468 3572 550 3712 qui
595 3573 717 3715 aegri
765 3574 821 3673 ad
857 3572 1162 3714 Carignanum
1212 3569 1352 3671 relicti
1403 3563 1608 3690 fuerant,
1643 3573 1836 3713 spoliatis
1891 3609 1936 3675 et

469 3715 660 3835 occisis,
696 3716 952 3817 violassent.
1364 3841 1370 3864 .

468 3933 470 3937 .
537 3870 745 3961 XXXIII.
795 3864 958 3962 Eadem
995 3892 1276 4003 tempestate,
1312 3858 1422 3962 dum
1456 3862 1636 3964 Carolus
1676 3862 1725 3961 in
1749 3864 1934 3969 'Italiam

467 4003 759 4147 Belgiumque
795 4000 1112 4146 profectionem
1148 4042 1306 4147 parat,
1342 4005 1560 4107 Martinus
1586 4002 1795 4106 Alfonsus
1823 4020 1928 4109 Cor·

468 4149 586 4250 duba
624 4148 890 4249 Alcaudetis'
909 4162 1107 4271 Comes,
1144 4158 1467 4250 Tremezenum
1517 4148 1675 4251 urbem
1709 4152 1935 4252 Maurita-

465 4291 566 4391 niae
603 4293 871 4435 Tingitanae
909 4370 925 4412 ,
969 4293 1094 4434 pulso
1144 4292 1409 4395 Mabumeto
1445 4306 1612 4438 Rege,
1649 4294 1839 4436 recepit.
1894 4305 1934 4393 Is

467 4436 587 4535 etaim
619 4438 850 4538 Ludovico
878 4438 1138 4538 Comatensi
1163 4437 1417 4541 Marcbioni
1453 4441 1707 4582 propinquo
1745 4476 1788 4538 et
1825 4477 1938 4581 gen-

466 4578 535 4678 tili
572 4618 651 4677 suo
702 4581 750 4679 in
786 4577 960 4681 Africae
1024 4621 1125 4682 otae
1177 4583 1418 4682 maritimae
1475 4587 1698 4722 Hispanae
1748 4582 1938 4683 ditionis

465 4721 822 4866 procurationem
858 4761 1138 4846 successerat,
1161 4761 1203 4826 et
1234 4739 1438 4826 Otanum
1472 4723 1765 4869 praefecturae
1800 4763 1939 4867 caput

608 4898 610 4902 ’
1809 4869 1937 4971 obti-
