4192 5858
495 63 738 191 cauom
770 106 826 188 v.
874 107 990 188 aru.
1024 101 1193 192 xxrv.
1441 99 1526 218 269

128 262 293 366 timore
323 295 456 403 cogat
481 257 675 364 invitos.
712 275 848 383 Quae
876 261 987 361 ratio
1025 263 1134 362 inita
1169 260 1276 366 olim
1313 251 1374 369 est
1410 266 1466 368 ab
1494 281 1566 397 Ec-

128 406 255 519 clesia
290 441 334 504 et
368 401 636 544 Principibus
690 364 901 542 religiosis
951 445 1002 504 ex
1036 409 1293 545 Evangelica
1344 413 1576 538 doctrina,

127 580 226 648 turn
262 583 490 687 paganos,
523 580 618 644 turn
654 547 787 646 etiam
835 543 1075 645 haereticos
1127 552 1180 648 ad
1226 551 1451 658 sanitatem
1483 595 1573 655 re-

126 688 349 804 vocandi,
385 720 520 824 utque
556 687 612 786 ad
648 687 792 824 epulas
827 687 1105 825 Evangelicas
1140 689 1339 809 intrent,
1380 697 1580 834 compel-'

126 828 274 938 leodi.
303 835 449 926 'Nam
483 825 584 926 culn
620 827 761 926 initio
787 829 997 925 nascentis
1031 827 1243 930 Ecclesiae
1280 832 1468 972 utrisque
1506 878 1574 934 es-

129 1005 191 1072 set
235 969 417 1106 impune
452 1045 468 1088 ,
502 975 651 1106 postea
701 1004 847 1068 tamen
901 1008 1034 1107 quam
1085 971 1257 1109 impleti
1306 975 1454 1114 coepit
1504 978 1575 1077 illa

129 1107 365 1249 Prophetia
402 1152 413 1210 :
450 1122 586 1210 Omnes
623 1113 744 1244 (Reges
779 1137 901 1207 terrae
933 1114 1137 1209 adorabunt
1174 1154 1290 1232 curn,
1327 1157 1453 1216 omnes
1475 1161 1574 1253 gen-

129 1280 187 1351 ter
223 1257 395 1351 servient
431 1261 502 1368 ei,
534 1252 718 1350 Ecclesia
753 1261 932 1388 Regum
981 1291 1030 1349 ac
1066 1252 1316 1393 Principum
1367 1247 1575 1360 Christia-

130 1416 294 1499 norum
329 1424 536 1528 potestate
571 1393 857 1529 in'utrosque
892 1430 966 1490 usa
1003 1426 1066 1490 est
1080 1467 1096 1533 ,
1121 1430 1170 1492 ut
1207 1427 1317 1533 quae
1353 1399 1470 1535 ptius
1505 1401 1573 1499 in-

131 1531 297 1633 vitabat
332 1533 574 1631 'dumtaxat
624 1532 824 1631 doctrina
860 1567 903 1631 et
936 1529 1272 1656 exhortatione,
1306 1547 1396 1668 jam
1442 1540 1575 1644 etiam

131 1673 412 1811 compelleret
446 1672 727 1774 severioribus
763 1671 931 1812 legibus
966 1708 1063 1772 tum
1101 1710 1251 1774 contra
1303 1677 1595 1817 paganorum>
1715 1683 1721 1693 ’

132 1813 373 1932 sacrificia,
406 1851 505 1914 turn
540 1851 693 1914 contra
727 1811 964 1914 haereticos
1013 1812 1145 1933 latis,
1181 1851 1231 1915 ut
1267 1818 1353 1918 viti
1405 1822 1577 1958 sapien-

134 1989 196 2057 tes
230 1991 274 2055 ct
307 1954 529 2094 religionis
561 1956 812 2093 interpretes
848 1988 1136 2054 annotarunt.
1228 2030 1230 2034 ,
1273 1988 1275 1990 ’

203 2106 262 2198 V.
335 2095 514 2196 Carolus
550 2095 716 2234 igitur,
753 2095 831 2233 qui
867 2095 1077 2193 Ecclesiae
1128 2097 1347 2219 decretis,
1379 2133 1423 2198 et
1468 2101 1576 2203 divo

131 2237 353 2378 Gregorio
386 2272 516 2375 atque
546 2236 796 2334 Alexandro
821 2248 950 2334 Sexto
985 2235 1267 2338 Pontificibus
1288 2240 1577 2362 auctoribus,

127 2380 341 2516 plurimas
376 2412 525 2518 gentes
575 2376 881 2476 remotissimas
930 2377 979 2472 in
1014 2376 1136 2478 Orbe
1184 2417 1306 2478 novo
1358 2383 1412 2479 ad
1462 2384 1577 2481 occi-

129 2523 267 2620 duam
303 2558 347 2618 et
381 2526 606 2617 australem
640 2518 853 2658 plagam,
886 2516 1078 2655 primum
1113 2554 1189 2655 pet
1224 2557 1323 2618 suos
1359 2521 1488 2619 duces
1529 2524 1587 2621 in·

124 2661 386 2778 ditionem,
421 2660 611 2779 deinde,
648 2657 867 2757 idolorum
912 2656 1032 2755 cultu
1067 2657 1302 2798 impiisque
1348 2661 1443 2759 aliis
1477 2661 1574 2763 titi·

119 2802 214 2906 bus
264 2798 473 2919 sublatis,
509 2837 584 2938 pet
613 2799 751 2899 uiros
797 2795 1110 2897 Ecclesiasticos
1159 2834 1202 2899 et
1253 2801 1477 2940 religiosos
1526 2803 1574 2904 in

117 2942 427 3047 Christianam
461 2939 750 3080 religionem,
784 2976 967 3039 avorum
1001 2939 1182 3076 vestigia
1217 2977 1417 3060 secutus,
1453 2944 1574 3042 rede-

116 3120 292 3228 gerat,
324 3084 445 3183 idem
478 3076 677 3180 officium
711 3114 1000 3180 sacrosanctae
1034 3078 1294 3219 reipublicae
1329 3082 1376 3181 in
1423 3079 1574 3183 haere-

116 3229 246 3328 ticos
296 3260 501 3362 praestate
550 3221 814 3341 constituit,
850 3221 930 3361 qui
977 3254 1120 3319 totam
1173 3217 1262 3322 fere
1297 3223 1574 3326 Germaniam

116 3399 485 3503 occupaverant.
538 3371 687 3502 Atque
720 3361 825 3462 haec
861 3363 1041 3501 quidem
1075 3357 1161 3462 fuit
1195 3401 1333 3462 causa·
1356 3360 1459 3462 belli
1507 3358 1575 3463 fa-

104 3509 283 3609 ciendi
316 3505 595 3647 gravissima.
647 3505 728 3605 Sed
763 3504 868 3642 quia
918 3538 1069 3602 contra
1119 3501 1432 3618 haereticorum
1466 3542 1576 3603 con-

108 3648 373 3787 spirantem
408 3647 733 3746 multitudinem
759 3643 960 3760 bellum,
980 3644 1014 3742 si
1047 3643 1191 3783 palam
1224 3645 1444 3786 religionis
1477 3683 1577 3784 graf

106 3793 202 3891 tia
237 3788 530 3908 indiceretur,
563 3782 872 3889 difficillimum
920 3781 1015 3884 fore
1050 3784 1309 3903 videbatur,
1344 3786 1462 3884 illam
1513 3786 1580 3885 al·

110 3968 315 4047 tetam,
351 3969 460 4069 quae
495 3931 587 4069 ipsa
624 3965 698 4066 pet
733 3968 776 4026 se
811 3927 907 4026 satis
943 3927 1145 4065 ponderis
1181 3924 1367 4026 habebat
1391 4001 1415 4045 ,.
1444 3964 1579 4065 quac-

114 4112 229 4212 que
259 4072 557 4210 popularium
580 4131 582 4137 ι
607 4069 776 4167 animos
825 4068 970 4166 minus
1020 4064 1256 4165 offenderet
1290 4140 1306 4183 ,
1351 4068 1486 4166 solam
1536 4068 1581 4166 in

125 4211 298 4351 vulgus
344 4209 613 4314 inferendam
648 4245 691 4309 et
727 4208 1058 4348 praedicandam
1103 4208 1307 4346 putavit,
1342 4244 1390 4307 ut
1439 4207 1584 4345 legiti-

130 4352 227 4452 mis
261 4354 416 4493 poenis
459 4350 704 4498 superbiam
739 4385 784 4452 et
817 4347 1110 4491 arrogantiam
1156 4387 1310 4452 eorum
1344 4364 1587 4509 coerceret,

1479 4526 1557 4628 ί1111
1581 4615 1588 4626 ,
