4124 5880
535 388 616 521 26²
900 395 985 477 on
1033 390 1239 471 nunus
1285 387 1512 470 Gusrss

500 590 695 678 tarent,
736 593 793 655 an
842 594 867 652 a
912 549 1137 650 Germanis
1181 547 1372 680 inject0.
1427 541 1722 648 Monsteriolo
1774 547 1968 668 deinde,

501 705 627 846 quod
669 700 887 861 oppidum
930 694 1065 795 trium
1100 693 1291 797 millium
1328 694 1558 795 Gallorum
1596 692 1807 834 praesidio
1844 734 1968 797 tene·

501 849 673 968 batur,
699 882 885 1004 copias
883 839 1142 961 admovet,
1179 876 1223 939 et
1259 879 1362 941 curn
1399 840 1615 983 paulisper
1651 877 1832 942 murum
1868 875 1968 942 tor

502 995 656 1095 mentis
691 986 1011 1107 concussisset,
1048 1025 1193 1127 usque
1222 987 1331 1088 adeo
1368 1020 1539 1085 metum
1577 982 1774 1085 hostibus
1810 987 1975 1108 auxit,

503 1175 551 1239 ut
587 1173 686 1238 anre
732 1126 979 1278 confectam
1014 1129 1360 1274 oppugnationis
1401 1170 1536 1230 unam
1578 1125 1734 1228 horam
1771 1131 1968 1274 legatum

506 1284 561 1382 de
611 1321 715 1424 pace
758 1271 1029 1377 mitterent
1022 1341 1034 1382 ‚
1083 1315 1218 1415 quam
1267 1273 1334 1374 his
1384 1272 1768 1377 conditionibus
1755 1313 1967 1417 rmpetra-

506 1461 654 1529 runt:
696 1459 748 1525 ut
785 1421 946 1523 milites
988 1458 1195 1540 omnes,
1238 1419 1410 1561 oppido
1452 1419 1648 1540 relicto,
1693 1459 1794 1522 cum
1832 1422 1967 1520 armis

508 1609 551 1672 et
588 1571 672 1670 suis
710 1567 895 1710 quisque
932 1562 1059 1664 rebus
1095 1565 1405 1683 discederent,
1441 1564 1613 1665 silentio
1649 1599 1797 1667 tamen
1832 1601 1968 1705 atque

429 1842 436 1847 ,
509 1714 640 1876 signis
676 1709 992 1854 complicans
983 1776 996 1818 ‚
1041 1710 1256 1853 oppidum
1299 1745 1449 1812 autem
1485 1745 1529 1810 et
1572 1709 1786 1851 oppidani
1827 1744 1968 1809 essent

508 1860 557 1960 in
591 1857 767 1959 victoris
804 1887 1045 1996 potestate.
1861 1945 1864 1950 ,

578 2013 629 2103 11.
705 1998 928 2102 Militibus
963 1999 1193 2141 digressis,
1230 2036 1273 2100 et
1309 1998 1530 2143 oppido
1518 2039 1566 2100 m
1603 1999 1968 2100 Caesarianorum

509 2181 774 2288 potestatem
810 2145 986 2246 redacto
1020 2219 1036 2271 ,
1064 2180 1272 2287 postero
1292 2145 1365 2243 die
1408 2186 1513 2246 cum
1549 2145 1779 2246 Germanis
1815 2141 1969 2244 obsisti

510 2330 602 2391 non
638 2326 824 2452 posset,
875 2287 984 2428 quin
1036 2274 1254 2430 oppidum
1308 2290 1566 2391 invaderent
1610 2326 1742 2451 atque
1802 2288 1968 2427 diripe-

513 2472 661 2553 rent,
704 2474 759 2533 ne
808 2434 1005 2574 ipsorum
1045 2434 1217 2534 licentia
1263 2469 1307 2533 et
1352 2432 1676 2534 maleficium
1666 2471 1714 2533 rn
1762 2429 1969 2533 homines

513 2578 648 2678 etiam
689 2613 988 2720 grassaretur,
1030 2578 1245 2718 oppidani
1279 2618 1432 2679 omnes
1468 2578 1684 2679 discedere
1728 2574 1968 2709 jubentur,

512 2719 674 2885 quibus
711 2721 910 2865 digressis
945 2723 1153 2824 Germani
1198 2724 1468 2843 succedunt,
1512 2721 1821 2864 oppidumque
1857 2720 1970 2819 diri

512 2867 688 3005 piunt,
724 2902 768 2967 et
802 2866 904 3031 igni
932 2905 1247 3012 corrumpunt.
1297 2874 1418 2969 Tum
1453 2876 1730 2970 Terovenam
1767 2862 1971 2965 munitis-

515 3011 675 3109 simum
709 3010 927 3113 interioris
952 3013 1118 3112 Galliae
1155 3013 1373 3156 oppidum
1409 3012 1566 3114 nostris
1602 3006 1833 3110 obsidione
1871 3045 1971 3149 pre

514 3151 771 3274 mentibus,
806 3168 902 3257 Rex
937 3157 1168 3319 supplendi
1205 3158 1407 3322 praesidii
1441 3155 1622 3300 gratia,
1659 3154 1824 3317 pedites
1861 3151 1973 3250 mil-

513 3296 555 3397 le
592 3333 634 3397 et
670 3298 834 3439 equites
872 3300 1139 3442 quingentos
1177 3302 1443 3403 summittit:
1467 3297 1674 3464 quibus
1664 3338 1712 3398 1n
1748 3294 1973 3438 oppidum

514 3443 731 3584 receptis,
769 3444 938 3584 equites
974 3446 1094 3547 mille
1129 3446 1400 3588 quingenti,
1436 3446 1516 3587 qui
1549 3440 1632 3543 illis
1668 3441 1851 3559 alteris,
1887 3440 1974 3538 do-

515 3623 594 3682 nec
631 3587 801 3726 oppido
823 3587 1151 3727 reciperentur,
1185 3591 1405 3730 praesidio
1441 3621 1679 3703 venerant,
1706 3583 1976 3687 contemtim

515 3727 779 3850 redeuntes,
828 3772 873 3831 se
915 3726 1125 3832 feroces
1114 3771 1161 3832 rn
1208 3768 1441 3834 castrorum
1483 3767 1810 3894 conspectum,
1850 3728 1975 3828 velut

513 3872 774 4009 praelium
763 3908 1082 3994 intentantes,
1122 3875 1365 3979 dederunt.
1409 3878 1490 3978 Sed
1523 3874 1680 3975 nostris
1722 3871 1975 4015 ingruenti-

452 4140 458 4145 «
514 4011 635 4113 bus·
630 4053 981 4160 ,consertaque
1020 4058 1221 4160 pugna,
1220 4020 1493 4181 perpauci
1517 4018 1697 4117 illorum
1738 4016 1976 4119 desiderati

513 4194 661 4278 sunt,
715 4201 826 4301 qum
871 4200 946 4263 aut
989 4165 1238 4282 caderent,
1281 4200 1357 4263 aut
1404 4160 1498 4263 vivi
1543 4198 1824 4301 caperentur.
1878 4161 1975 4261 Hic

512 4303 690 4402 nuntius
732 4307 850 4448 Regi
898 4305 985 4407 hoc
1030 4308 1162 4408 etiam
1181 4308 1384 4471 gravior
1428 4304 1631 4424 euenit,
1667 4307 1790 4446 quod
1835 4304 1975 4406 deleti

514 4447 733 4583 equitatus
770 4449 887 4551 bona
923 4491 1018 4592 pars
1062 4494 1114 4554 ex
1149 4452 1251 4554 viris
1287 4449 1510 4553 nobilibus
1556 4484 1675 4548 erat
1721 4450 1795 4547 Ad
1837 4484 1977 4548 com

509 4593 822 4726 pescendum
810 4597 944 4736 igitur
979 4596 1180 4715 hostem,
1218 4636 1354 4735 quem
1390 4594 1575 4695 victoria
1610 4587 1871 4691 ferociorem
1908 4588 1974 4690 fa-

511 4768 632 4833 ctum
671 4779 885 4840 essenon
922 4737 1179 4860 dubitabat,
1211 4740 1456 4842 Henricum
1493 4738 1633 4839 filium
1668 4776 1773 4837 cum
1810 4733 1973 4835 exerci-

1788 4960 1807 4968 ..
1878 4914 1966 4978 ⁴ru
