4192 5858
476 400 718 483 ennom
760 402 813 480 v.
854 401 1170 485 urutxxrv.
1420 413 1503 505 307

95 555 302 694 responso
335 558 587 695 Augustam*
616 555 753 654 relato
788 631 804 673 ,
843 574 961 654 cum'
996 554 1043 653 in
1076 567 1233 659 Senatu
1268 561 1323 660 de
1371 558 1435 662 his
1470 601 1540 664 re-

95 696 175 798 bus
213 697 481 838 agitaretur,
516 698 729 800 Xertellus
764 695 888 836 ipse,
925 737 1060 839 quem
1098 697 1209 799 nibil
1241 698 1400 803 latebat
1414 780 1429 823 ,
1459 745 1538 806 cu-

93 839 205 938 riam
240 842 480 980 ingressus:
515 844 691 960 ,‚.Sci0,
722 839 900 979 inquit,
933 880 1012 941 vos
1049 848 1191 943 Patres
1231 844 1286 943 de
1319 846 1539 986 republica

94 981 423 1101 „deliberantes
454 1021 628 1115 ,smeae
682 983 824 1083 salutis
859 984 1287 1126 commodorumque
1328 986 1538 1108 babuisse

96 1124 357 1245 „rationem
389 1166 417 1243 ,·
444 1160 488 1224 et
521 1164 635 1225 nunc
680 1163 861 1265 quoque
914 1125 1019 1226 meis
1055 1122 1182 1224 rebus
1233 1132 1557 1258 commoveri,

93 1265 379 1404 „quominus
409 1266 544 1367 libere
592 1268 648 1366 de
684 1268 815 1367 salute
870 1266 1056 1366 civitatis
1110 1303 1154 1366 et
1209 1305 1255 1368 re
1308 1273 1573 1389 communi·

95 1481 127 1525 „
146 1408 366 1510 statuatis.
404 1420 503 1550 Ego
533 1449 638 1510 veto
667 1447 746 1510 vos
780 1409 860 1508 ista
897 1407 1170 1509 solicitudine
1202 1407 1369 1532 libero,
1389 1449 1449 1512 et
1465 1453 1536 1513 ur-

94 1626 125 1669 „
145 1546 199 1649 be
222 1550 376 1674 cedo,
417 1548 633 1692 vobisque
667 1551 816 1652 omnia
850 1548 986 1652 libera
1030 1550 1229 1694 relinquo
1245 1600 1272 1654 ;.
1308 1557 1549 1657 Consulite

95 1691 270 1815 „uobis
308 1691 526 1835 rebusque
546 1693 744 1812 uestris,
777 1694 895 1793 nulla
931 1733 1128 1795 meanun
1162 1694 1311 1797 habita
1337 1699 1505 1797 rarione
1523 1689 1551 1798 ‚J

94 1835 265 1953 „Nolo
315 1836 434 1936 enim
480 1874 587 1935 nec
614 1834 741 1935 vobis
778 1836 832 1934 de
857 1901 861 1912 ,
888 1835 1025 1935 salute·
1064 1836 1260 1937 civitatis·
1305 1840 1534 1939 consilium

94 1974 408 2116 „capientibus
443 1974 591 2077 obesse
624 2052 639 2096 ,
673 2016 753 2074 nec
790 1975 975 2116 amplius
1011 1978 1161 2077 Caroli
1209 1981 1399 2080 Caesaris
1438 2020 1535 2079 suc-

93 2190 123 2234 „
140 2116 324 2217 cessibus
360 2115 642 2256 obstreperet
679 2117 892 2257 quicum
928 2117 1209 2236 intellexerit,
1241 2159 1313 2219 me
1360 2119 1417 2218 ab
1464 2160 1533 2221 at-

97 2331 128 2375 „
144 2259 258 2378 mis,
292 2299 403 2399 quae
439 2261 488 2358 in
526 2260 669 2398 ipsum
703 2294 865 2358 temere
903 2260 1065 2378 sumsi,
1103 2255 1226 2358 facile
1266 2261 1531 2381 discessisse,

91 2473 121 2518 „
139 2438 222 2498 nec
266 2402 349 2500 suis
408 2400 648 2500 rationibus
705 2397 983 2539 pertinaciter
1033 2398 1238 2499 obsistere
1280 2478 1296 2520 ,
1353 2400 1533 2503 forsitan

84 2540 344 2683 „Princeps
371 2541 727 2643 clementissimus
761 2542 937 2642 veniam
971 2539 1094 2640 dabit
1125 2541 1234 2642 meis
1271 2542 1444 2642 erratis.
1467 2561 1498 2604 “

129 2690 296 2784 .Lv11.
369 2694 491 2783 Haec
530 2680 728 2801 effatus,
764 2683 1036 2822 domumque
1087 2718 1318 2800 reversus,
1357 2684 1530 2784 silentio

82 2863 193 2925 curn
235 2823 377 2965 paucis
408 2825 514 2926 urbe
553 2823 746 2923 decedit.
804 2824 1048 2963 Augustani
1084 2860 1224 2940 vero,
1255 2824 1393 2922 missis
1444 2824 1530 2924 ite·
1615 2818 1617 2822 ’

82 3004 192 3065 rutn
231 2966 410 3066 Ulmam
465 2967 615 3108 legatis
652 3005 789 3084 ,sese
824 2964 986 3065 Carolo
1039 2964 1245 3082 dedunt,
1279 2999 1323 3063 et
1375 2967 1530 3104 praesi‘

82 3107 220 3207 dium
253 3107 302 3207 in
337 3106 493 3207 urbem
527 3107 771 3246 recipiunts
809 3105 1015 3245 idemque
1052 3103 1184 3243 paulo
1220 3139 1318 3242 post
1354 3112 1530 3246 Argen-

82 3249 275 3347 tinenses
311 3245 533 3348 fecerunt.
571 3259 664 3346 Has
691 3283 834 3382 autern
866 3285 1109 3384 ceterasque
1145 3246 1341 3345 civitates
1366 3249 1528 3347 Comi-

82 3423 270 3528 temque
293 3389 536 3488 Palatinum
565 3424 608 3487 et
641 3387 1092 3528 Viertembergensem
1122 3398 1294 3486 Ducem
1329 3387 1389 3486 eis
1421 3427 1528 3486 con-

82 3529 334 3629 ditionibus
383 3530 429 3628 in
482 3569 600 3630 suam
653 3529 787 3629 fidem
821 3530 1002 3630 Carolus
1037 3527 1198 3667 recepit
1234 3602 1249 3645 ‚
1286 3562 1337 3626 ut
1375 3566 1527 3667 pacem

82 3707 347 3812 perpetuam
375 3665 616 3812 foedusque
648 3667 839 3771 facerent
874 3710 977 3771 cum
1007 3670 1198 3768 Austriae
1223 3668 1525 3806 Principibus,

82 3819 315 3945 Joannem
345 3851 447 3913 vero
482 3814 725 3916 Pedetitum
762 3826 934 3914 Ducem
966 3810 1172 3910 Saxoniae
1199 3844 1243 3908 et
1277 3809 1525 3951 Philippum

82 3953 269 4054 Hessiae
303 3955 613 4096 Lantgtavium
641 3993 720 4094 pro
752 3951 947 4053 hostibus
987 3950 1229 4067 haberent,
1267 3950 1398 4091 inque
1433 3992 1525 4051 suas

82 4092 219 4198 urbes
258 4130 300 4194 et
326 4099 490 4237 oppida
529 4096 739 4236 praesidia
770 4172 785 4215 ,
815 4134 925 4235 quae
962 4094 1121 4194 Catolo
1158 4093 1333 4233 singulis
1379 4093 1527 4233 impo-

82 4273 194 4340 nere
229 4237 484 4376 placuisset,
517 4238 783 4378 reciperent.

161 4387 314 4482 LVIII.
385 4391 493 4494 Quo
532 4414 732 4518 ternpore
763 4381 943 4480 Carolus
979 4417 1081 4478 cum
1116 4384 1292 4514 Joanne
1324 4373 1526 4478 Fedetico

82 4519 300 4620 Saxoniae
347 4555 391 4619 et
421 4519 624 4660 Philippo
675 4521 850 4619 Hessiae
893 4520 1157 4660 Lantgravio
1208 4529 1527 4619 Germanorum

82 4657 274 4761 ducibus
309 4661 474 4764 bellurn
509 4663 727 4804 gerebat,
765 4663 1003 4763 Franciscus
1040 4672 1135 4763 Rex
1177 4659 1429 4783 Gallorum,
1449 4662 1529 4801 qui

1027 4815 1162 4944 Qqa
1451 4841 1532 4902 oc-
