4102 5864
568 376 822 482 cattoit·
858 398 911 479 v.
955 398 1072 477 tut
1104 397 1251 479 xxut.
1500 401 1587 496 353·

177 552 379 656 horribili
412 551 583 698 fragore
619 591 662 656 et
699 551 913 672 bombis,
947 551 1107 651 deinde
1152 550 1358 655 tubarum
1399 549 1633 661 tibiarum·r

181 708 268 838 que
305 698 555 799 dulcissimo
596 732 724 798 cantu
765 693 984 837 publicam
1025 691 1233 795 laetitiam
1276 728 1318 794 et
1366 697 1641 835 gratulatio-³

176 877 282 941 nem
319 837 663 954 declarantibus.
1075 876 1076 880 ‘
1384 854 1386 857 ’
1441 845 1444 848 ⁴

182 1048 189 1057 -
225 992 326 1083 Xl.
370 980 657 1122 Philippus,
693 983 823 1081 classe
858 978 1043 1081 libenter
1078 979 1226 1080 oculis
1252 978 1457 1103 lustrata,
1490 1017 1533 1084 et
1556 987 1622 1088 di*

173 1121 355 1263 ligentet
404 1124 674 1224 considerata
706 1197 723 1245 ‚
754 1124 1066 1224 ¹castellionem
1108 1124 1284 1255 eodem(
1310 1122 1380 1221 die
1416 1128 1623 1248 revertit,

174 1297 226 1363 ut
259 1266 486 1394 interjecto
522 1303 760 1405 paucorum
798 1264 961 1364 dierum
998 1263 1169 1403 spatio,
1190 1264 1270 1403 qui
1305 1263 1622 1404 subsequeban-

175 1440 288 1525 tut,
325 1403 599 1545 Rhodopem
632 1409 688 1506 ad
724 1407 897 1506 classem
932 1405 1227 1545 pervenirent.
1279 1406 1359 1504 Sed
1390 1446 1469 1505 eae
1505 1443 1637 1513 tem-

176 1583 359 1687 pestates
394 1585 647 1650 consecutae
682 1584 824 1667 sunt,
868 1585 919 1648 ut
961 1546 1194 1649 necessario
1228 1547 1334 1646 ⁴dies
1384 1548 1621 1656 duodecim

172 1685 493 1830 profectionem
519 1689 743 1810 differret,
763 1693 871 1791 dum
904 1690 1039 1829 paulo
1074 1688 1355 1789 commodior
1388 1724 1620 1831 tempestas
1746 1688 1755 1705 ’

172 1833 229 1930 ad
265 1832 563 1973 navigandum
606 1866 902 1972 exspectatur:
947 1871 1039 1970 quo
1074 1867 1276 1970 tempore
1311 1869 1501 1952 omnes,
1538 1837 1620 1975 qui

170 1969 588 2113 subsequebantur,
642 1973 807 2075 Rhodo
840 2013 918 2073 em.
963 1971 1357 2110 Castellionemque
1407 2010 1622 2112 perverse-⁷

167 2149 306 2233 runt,
332 2115 522 2214 maxima
557 2114 716 2215 scilicet
749 2013 969 2214 nobilium
1003 2112 1320 2252 illustriumque
1349 2107 1614 2247 familiarum

170 2252 366 2355 viromm
410 2258 643 2357 multitudo
674 2334 689 2375 ,
747 2297 858 2397 quos
909 2295 1058 2358 omnes
1098 2249 1361 2356 nominatim
1390 2294 1616 2389 recensere

168 2395 355 2539 longum
390 2435 496 2501 esset
528 2393 706 2498 fortasse
743 2417 801 2499 'et
828 2397 977 2498 nimis
997 2436 1048 2530 ar
1080 2433 1178 2499 urae
1210 2396 1454 2500 sedulitatis
1478 2438 1501 2498 :v
1524 2400 1612 2498 ita-

168 2575 257 2677 que
292 2541 390 2640 satis
432 2541 666 2661 etitem,
704 2540 783 2681 qui
832 2438 1140 2680 principalibus
1181 2536 1316 2636 titulis
1357 2538 1612 2663 anteibant,

168 2681 427 2784 nominare.
471 2685 665 2783 Aderant
700 2682 922 2823 igiturex
958 2681 1114 2780 nostris
1154 2680 1393 2781 Pernandus
1428 2681 1609 2782 Alvarus
1724 2810 1728 2814 ἵ

167 2823 351 2939 Toletus
366 2874 397 2944 ‚‘
417 2859 463 2924 et
480 2814 714 2960 'Gonzalus
730 2900 732 2905 ,
750 2822 989 2925 Pernandus
1012 2817 1264 2939 Corduba,
1292 2819 1498 2921 'Albanus
1512 2835 1546 2946 ‚'‘
1565 2859 1609 2924 et
1743 2836 1750 2859 ‘
1851 2896 1855 2903 -

166 2975 391 3066 Suessanus
425 2975 593 3075 Duces,
635 2967 883 3065 Ludovicus
918 2964 1132 3063 Henricus
1163 3038 1179 3081 ,
1211 2954 1481 3099 'Almirantus
1516 2977 1609 3066 Ca-

161 3106 336 3220 stellaer
373 3116 515 3209 Petrus
552 3107 731 3210 Alvarus
764 3107 944 3207 Osotius
980 3103 1262 3238 Astoricensi's
1276 3181 1297 3224 ,.
1326 3111 1475 3205 Petrus
1495 3105 1613 3207 Avi-·

165 3243 206 3365 la
240 3248 453 3348 Navensis
483 3326 498 3369 ,
533 3250 780 3348 Ludovicus
814 3249 978 3347 Peralta
1013 3246 1218 3346 Falcensis
1248 3245 1604 3364 ,·Marchiones;

165 3393 309 3490 Petrus
346 3401 598 3492 Guzmanus
632 3390 910 3492 >Oliuarensis
928 3437 950 3510 ·,
999 3387 1253 3504 Ludovicus
1285 3386 1604 3488 Silua-:Centi-

163 3521 368 3634 fontanus
380 3610 395 3653 ,
413 3533 619 3634 Claudius
644 3531 922 3674 Quignonius
948 3529 1156 3631 Lunensis
1171 3526 1604 3643 ,Ludovicus-Mam

164 3670 275 3774 ricus
310 3675 633 3817 Castagnedae,
672 3675 855 3774 Alvarus
888 3671 1156 3812 Portugallus
1177 3668 1381 3768 ‘Elvensis
1395 3724 1411 3787 ,
1446 3670 1600 3771 Comi-

163 3847 253 3914 tes.
288 3824 508 3917 Praeterca
544 3828 594 3916 eat
629 3815 928 3916 Ecclesiasticis
952 3821 1129 3931 ,Petrus
1164 3819 1335 3910 Castrus
1369 3810 1602 3926 Salmanti-

162 3956 300 4057 Censis
334 3961 606 4100 Episcopus,
641 3956 887 4059 Ludovicus
923 3954 1088 4070 Avila,
1133 3987 1177 4051 et
1218 3949 1465 4052 Ludovicus
1506 3962 1601 4055 Res

161 4091 409 4238 quesensius
441 4101 588 4242 Zugni
615 4142 678 4218 a,
713 4097 1041 4239 Religiosotum
1078 4093 1281 4237 equitum
1316 4092 1568 4195 Alcantarae
1580 4154 1599 4216 ,-

162 4275 209 4340 et
241 4243 451 4342 Castellae
486 4141 720 4381 praebecti.
775 4294 786 4305 .,

193 4395 350 4483 -x11
434 4383 635 4485 Navibus
671 4385 954 4505 distributis,
991 4384 1293 4526 praesidioque
1335 4376 1512 4482 militari
1556 4413 1599 4501 et

162 4522 376 4660 equitatu·
394 4564 444 4628 ac
479 4524 605 4626 rebus
652 4527 801 4626 ceteris
841 4529 1108 4664 impositis,
1146 4524 1351 4626 Kalendis
1395 4531 1600 4624 Novem·

159 4661 280 4781 bris,
316 4705 418 4765 cum
453 4676 545 4801 jam
581 4703 807 4812 tempestas
840 4669 1122 4770 commodior
1154 4666 1395 4774 successisse
1431 4665 1599 4768 videre·

157 4825 180 4901 ,’
233 4810 340 4907 Ἰόνη.
360 4819 414 4908 Π.
658 4881 661 4888 -
1069 4818 1144 4946 Yy
1514 4838 1603 4922 tur,
1667 4814 1670 4820 ’
