3998 5850
509 453 760 537 CAROLI
785 457 1529 571 v.Llu.xxv11.431

137 613 445 716 XXXVI.
482 600 637 750 Copiis
686 610 948 773 equsitis,
987 647 1029 712 et
1070 648 1191 753 parte
1242 649 1345 714 cum
1391 653 1585 756 quatuor

128 754 262 899 signis
302 758 348 856 in
389 752 670 895 Subalpinam
704 754 957 896 regionem,
981 792 1030 854 ut
1064 758 1253 855 totidem
1286 756 1423 856 inde
1419 796 1585 860 veteres

128 901 284 999 milites
319 901 659 1017 deducerentur,
697 936 861 1017 missa,
901 898 1005 998 viri
1027 899 1229 1019 nobiles,
1250 939 1380 1040 quos
1428 905 1581 1003 nomi-

127 1043 283 1160 navi,
323 1042 494 1183 magnis
531 1039 756 1141 itineribus
790 1042 845 1141 ad
883 1042 1104 1143 Carolum
1133 975 1508 1164 conienderunt,
1538 1080 1583 1145 et

128 1120 310 1347 quidain
349 1186 481 1284 etiam
519 1222 620 1283 curn
657 1195 778 1283 Duce
814 1183 988 1284 Albano
1022 1186 1198 1284 mutatis
1237 1188 1292 1284 ad
1323 1186 1585 1288 celeritatem

127 1329 252 1489 equis
287 1322 471 1497 profecti
516 1364 645 1445 sunt,
667 1364 709 1425 et
744 1328 909 1427 Carolo
941 1367 991 1426 ex
1027 1327 1231 1429 Villaclro
1269 1329 1464 1429 redeunti
1495 1328 1584 1429 ob⁴

128 1471 248 1570 viam
284 1480 404 1601 juxta
436 1468 773 1609 Oenspruchum
820 1465 964 1569 facti.
992 1472 1170 1571 Carolus
1209 1471 1364 1589 enirn,
1402 1469 1482 1571 ubi
1527 1473 1586 1573 de

128 1613 267 1711 classis
321 1612 503 1754 appulsu
542 1614 756 1752 perlatum
778 1649 900 1731 est,
927 1611 1124 1713 dimissis
1174 1651 1251 1751 pet
1282 1614 1583 1716 Germaniam

127 1754 498 1918 conquisitoribus
517 1832 534 1874 ,
552 1755 631 1895 qui
670 1793 827 1855 manus
862 1774 1102 1899 cogerent,
1134 1754 1477 1895 Oenspruchum
1512 1797 1583 1878 re-

128 1899 256 1998 vertit
268 1939 392 2039 ,qua
428 1898 632 2036 Hispanis
671 1899 868 2037 proxime
903 1898 1154 2035 conscriptis
1190 1932 1233 1996 et
1271 1899 1400 1998 classe
1438 1934 1580 1999 trans-

128 2041 310 2180 portatis
361 2042 441 2141 iter
484 2075 577 2140 erat
625 2039 670 2139 in
705 2039 1012 2141 Germaniam
1071 2051 1169 2138 Hos
1203 2047 1350 2140 autem
1393 2040 1583 2142 ducebat

129 2188 327 2317 Joannes
362 2194 562 2283 Guevara
610 2180 798 2321 Hispani
830 2183 1042 2322 peditatus
1079 2179 1311 2300 tribunus,
1346 2182 1507 2322 quibus
1542 2225 1588 2284 se
1628 2260 1629 2264 a

131 2359 320 2462 quatuor
357 2328 585 2468 signorum
626 2325 817 2426 veterani
861 2325 1064 2443 milites,
1079 2327 1147 2424 de
1193 2258 1353 2464 quibiis
1401 2329 1585 2426 demon-

131 2501 314 2568 stratum
354 2506 450 2587 est,
485 2472 795 2598 adjunxerant
854 2476 1077 2567 Praeterea
1114 2503 1303 2609 quatuor
1337 2471 1585 2571 Italicorum

129 2610 314 2730 millia,
357 2546 515 2752 quibus
567 2608 774 2709 Marchio
817 2611 1061 2752 Melignani
1100 2645 1342 2750 praeerat,
1375 2651 1427 2710 ex
1479 2621 1584 2711 Me-

131 2688 447 2855 diolaneirsibus
481 2750 700 2894 praesidiis
736 2753 957 2873 deducta,
976 2788 1020 2851 et
1011 2753 1215 2914 equites
1253 2752 1476 2891 Hispani,
1504 2753 1586 2892 qui

134 2935 203 2994 sex
240 2896 361 3035 signa
399 2894 738 3038 sequebantur,
792 2895 1022 2998 eadem
979 2933 1052 2997 vsa
1090 2934 1139 2995 tn
1171 2895 1451 3051 Germaniam
1482 2934 1595 2997 con-›

133 3038 393 3139 tendebant.
1358 3119 1361 3124 s

201 3188 432 3283 XXXVII
505 3186 612 3317 Jam
644 3214 777 3283 aestas
807 3215 1103 3323 processerat,
1131 3179 1425 3322 agebaturque
1455 3220 1585 3287 men

130 3317 185 3421 sis
223 3329 475 3464 Augustus,
518 3361 620 3426 curn
655 3325 838 3425 Carolus
876 3321 1169 3466 Oensprucbo
1195 3342 1374 3425 movet.
1412 3325 1590 3423 Menin-

29 3559 32 3565 .
130 3462 257 3564 cham
290 3506 586 3628 progressus,
632 3470 756 3608 quod
795 3469 1013 3610 oppidum
1063 3503 1125 3568 est
1163 3467 1210 3568 in
1247 3463 1407 3566 finibus
1445 3478 1587 3566 Bava-

133 3606 221 3706 riae
262 3611 454 3728 Ducis,
494 3608 633 3711 biduo
672 3608 738 3710 ibi
770 3646 1113 3729 commoratur,
1149 3612 1256 3712 dum
1293 3610 1491 3750 copiae,
1531 3611 1591 3709 de

138 3749 298 3888 quibus
327 3686 554 3874 diximus,
590 3754 875 3893 perveniunt.
931 3755 1011 3856 Sed
1053 3687 1253 3853 ncindum
1293 3793 1346 3853 eo
1382 3790 1591 3894 pervene-

134 3927 201 3989 rat
238 3895 467 4013 Carolus,
513 3936 616 3996 cum
630 3897 776 4057 legati
811 3897 1243 4058 Augustanorum
1208 3937 1248 3996 et
1286 3933 1457 4038 praesto
1490 3890 1588 3994 fue-

133 4070 331 4155 runt,a
365 4037 541 4138 civitate
581 4038 645 4138 sui
684 4041 898 4202 purgandi
930 4079 1053 4140 causa
1083 4038 1202 4139 missi
1218 4042 1333 4180 ,qui
1368 4039 1590 4138 dicerent.

134 4215 225 4277 non
275 4218 319 4277 se
356 4180 596 4303 volentes,
639 4184 760 4282 secl
748 4183 913 4284 invitos
952 4220 995 4283 et
1033 4218 1257 4301 coactos,
1299 4220 1401 4281 cum
1446 4215 1592 4282 tantae

138 4321 411 4422 multitudini
450 4362 568 4462 pares
605 4367 691 4424 esse
742 4364 836 4426 non
870 4359 1082 4465 possent,
1120 4323 1389 4427 Mauricium
1429 4358 1472 4425 et
1508 4325 1593 4425 ΑΙ·

135 4459 309 4564 bertum
347 4461 518 4628 oppido
577 4467 832 4630 recepisse.
821 4503 1012 4608 ,petere
1063 4507 1113 4565 ac
1147 4466 1395 4609 suppliciter
1441 4505 1598 4588 orare,

135 4639 187 4703 ut
219 4608 456 4709 necessitati
488 4612 664 4711 veniam
717 4614 884 4729 daret,
928 4645 971 4710 et
1010 4646 1214 4748 consueta
1262 4610 1556 4714 clementia
1544 4648 1594 4713 ru

131 4746 354 4856 civitatem
396 4790 625 4878 uteretur,
660 4755 868 4897 imperata
896 4752 1064 4937 ipsius,
1099 4790 1148 4856 ut
1184 4763 1249 4892 jus
1287 4790 1330 4855 et
1363 4751 1423 4857 fas
1454 4787 1590 4996 esqqc
1573 4826 1591 4872 ,

1476 4932 1590 4997 oc
