4124 5880
519 363 572 468 58
856 371 980 453 ,υΕ
1028 364 1228 446 nunus
1278 365 1496 446 cussis

457 494 554 628 ‘nes
591 529 817 629 elicerent.
857 538 906 624 In
950 568 1018 627 eas
1066 565 1196 626 naves
1215 567 1283 624 vex
1329 523 1486 626 nostris
1529 514 1703 622 Careias
1746 524 1934 627 Toletus

366 656 369 664 ¹
482 710 525 773 et
563 675 781 775 Antonius
817 670 992 791 Duria,
1029 671 1107 812 qui
1143 671 1395 811 proximam
1429 666 1935 793 stationemtenebant,

482 818 676 919 celeriter
721 816 943 935 movent,
982 853 1025 915 et
1067 810 1329 957 refugientes
1372 814 1687 955 insequuntur.
1726 817 1808 915 Sed
1855 814 1936 919 ubi

388 988 391 994 ’
482 964 627 1062 studio
670 962 772 1060 elati
807 963 856 1061 in
899 962 1047 1094 locum
1083 960 1306 1099 iniquum
1326 994 1652 1101 processerant,
1695 996 1738 1059 et
1782 959 1936 1060 incon-

483 1107 632 1203 sultius
669 1105 781 1206 intra
814 1106 889 1203 teli
917 1115 1084 1237 jactum
1120 1103 1296 1203 hostiles
1322 1103 1585 1204 munitiones
1622 1141 1938 1221 successerant,

483 1284 807 1351 tormentorum
844 1249 946 1347 telis·
973 1286 1070 1348 turn
1105 1287 1131 1347 a
1166 1284 1306 1374 tetra,
1340 1286 1439 1348 tum
1473 1289 1526 1346 ex
1568 1245 1818 1348 triremibus
1854 1289 1938 1390 ap-

483 1394 642 1534 petiti,
680 1431 723 1493 et
759 1434 845 1493 sese
881 1430 1133 1493 convertere
1168 1394 1348 1511 coacti,
1385 1433 1434 1492 ac
1469 1389 1667 1492 hostibus
1701 1394 1937 1534 insequen-

484 1535 600 1635 tibus
635 1531 838 1679 fugiendi
873 1536 969 1636 finis
1004 1576 1096 1636 non
1132 1574 1233 1636 ante
1268 1529 1433 1656 factus,
1471 1575 1608 1678 quam
1644 1537 1700 1637 ad
1735 1534 1939 1678 frequen-

484 1714 573 1779 tem
609 1683 785 1780 classem
815 1681 1135 1822 quiescentem,
1158 1722 1238 1780 ncc
1275 1682 1485 1781 auxilium
1522 1676 1938 1823 ferentem,perve-

484 1862 658 1925 nerant.
696 1835 800 1925 Hoc
835 1827 1138 1925 animadverso
1154 1905 1168 1946 ,
1195 1824 1523 1966 majoribusque
1560 1822 1778 1964 spiritibus
1814 1866 1938 1926 sum-

485 1968 572 2086 tis,
609 1967 883 2070 Charadinus
935 2009 1087 2070 omnes
1131 2009 1222 2069 suas
1269 2010 1399 2070 naves
1443 1969 1588 2069 educit
1631 1969 1937 2111 explicatque;

462 2111 653 2242 sedita
689 2149 739 2214 ut
774 2155 816 2215 se
852 2114 962 2214 circa
998 2113 1118 2212 littus
1154 2113 1434 2232 contineret,
1471 2153 1564 2254 quo
1601 2154 1652 2212 ex
1688 2111 1938 2214 triremibus

485 2253 667 2393 quidem
705 2260 930 2398 pugnandi
965 2258 1144 2398 copiam
1178 2254 1370 2379 faceret,
1406 2259 1481 2358 sed
1527 2256 1745 2397 impeturn
1781 2259 1939 2357 vitaret

486 2402 782 2500 onerariarum
819 2402 1030 2521 navium,
1056 2441 1344 2543 caveretque,
1381 2443 1435 2501 ne
1471 2442 1569 2500 suae
1606 2401 1817 2500 actuariae
1854 2440 1940 2498 na-

486 2580 557 2641 ves
593 2542 650 2644 ab
686 2541 751 2643 his
786 2544 836 2645 in
871 2549 961 2646 alto
1005 2585 1170 2690 magno
1205 2584 1373 2689 unpetu
1407 2544 1598 2648 incitatis
1641 2545 1941 2686 deprimeren-

485 2720 555 2784 tur

557 2762 788 2935 itXXVu.
863 2833 1063 2977 Cognito
1091 2833 1330 2936 Charadini
1359 2833 1569 2957 consilio,
1589 2834 1731 2938 Doria
1750 2869 1825 2934 aut
1848 2871 1943 2933 non

488 2977 662 3113 putavit
699 3017 722 3074 e
760 3015 805 3075 re
840 2974 934 3078 fote
971 3018 1025 3078 eo
1061 2980 1204 3097 loco,
1240 3015 1315 3079 aut
1350 2981 1489 3080 noluit
1525 2978 1587 3079 ob
1629 2978 1728 3078 alias
1763 3018 1943 3096 causas,

488 3155 569 3214 nec
604 3157 730 3218 ausus
758 3158 820 3220 est
855 3122 983 3221 armis
1013 3161 1115 3221 curn
1150 3124 1248 3264 ipso
1286 3124 1610 3231 dimicarersed
1646 3122 1822 3224 sublatis
1857 3160 1943 3220 an-

488 3260 626 3381 coris,
651 3262 827 3365 classem
862 3267 917 3364 ad
953 3267 1192 3406 Scopulum
1226 3268 1414 3369 insulam
1447 3276 1694 3369 Turcarum
1731 3265 1943 3384 ditionis,

488 3442 602 3542 quae
648 3446 763 3506 nunc
807 3415 969 3509 Sanctae
1002 3410 1162 3511 Maurae
1201 3414 1579 3554 cognominatur,
1618 3413 1820 3510 reducere
1851 3448 1863 3515 3
1896 3442 1942 3507 et

487 3549 626 3686 copiis
662 3551 897 3689 expositis,
920 3588 1083 3653 vastare
1120 3594 1274 3696 agros,
1293 3592 1335 3658 et
1372 3596 1515 3657 arcem
1552 3594 1809 3698 oppugnare
1834 3592 1942 3654 con-

490 3688 658 3789 stituit.
702 3694 978 3797 Triremibus
1013 3698 1150 3839 igitur
1186 3700 1403 3800 onerarias
1443 3738 1570 3801 naves
1607 3700 1801 3799 remulco
1837 3738 1944 3841 pro-

487 3868 584 3971 pter
618 3836 844 3937 remissum
873 3840 1028 3939 flatum
1063 3841 1373 3952 deducentibus
1394 3926 1408 3967 ,
1426 3843 1636 3985 postridie
1672 3844 1812 3983 prima
1847 3843 1944 3944 luce

489 3977 723 4078 duodecim
761 3979 847 4081 fere
883 3984 1075 4087 millibus
1111 3987 1216 4086 citra
1251 3990 1488 4130 Scopulum
1526 4024 1815 4129 processerant
1839 4029 1850 4086 ε
1870 3985 1945 4086 sed

488 4159 592 4221 cunr
628 4159 781 4225 ventus
818 4129 948 4268 paulo
985 4128 1289 4232 vehementior
1326 4130 1470 4230 reflare
1507 4133 1751 4273 coepisset,
1779 4167 1944 4229 rostra-

488 4298 558 4361 tae
594 4305 723 4368 naves
738 4348 752 4391 ,
790 4273 995 4374 onerariis
1031 4275 1221 4396 relictis,
1256 4277 1313 4375 ad
1349 4284 1441 4407 ejus
1476 4275 1642 4376 insulae
1677 4309 1945 4413 promonto-

485 4405 603 4507 rium
638 4421 902 4537 Leucatem,
939 4422 1063 4558 quod
1098 4417 1154 4521 ab
1191 4461 1245 4521 eo
1280 4458 1417 4521 vento
1454 4421 1662 4562 tegebat,
1688 4417 1817 4514 remis
1853 4414 1945 4518 im-

484 4553 731 4688 pelluntur.
771 4559 1042 4662 Charadinus
1086 4604 1138 4661 ex
1174 4598 1426 4664 nostrorum
1463 4563 1739 4664 cunctatione
1776 4557 1943 4660 classis·

482 4734 571 4835 que
607 4699 791 4802 discessu
826 4741 971 4804 tantos
1008 4708 1182 4848 spiritus
1220 4707 1406 4829 sumsit,
1437 4745 1480 4807 et
1517 4746 1654 4848 usque
1690 4705 1800 4805 adeo
1837 4743 1935 4802 con·

1812 4881 1933 4946 tem·
