4034 5858
500 388 586 485 534
890 382 973 464 DE
994 380 1226 462 'REBUS'
1249 380 1482 465 GEsrrs.

442 547 578 644 mam
609 536 910 644 celebrandam
947 541 1261 661 necessarium,
1279 543 1426 684 gravis
1459 541 1680 686 scriptoris
1715 546 1909 691 egregiae
1920 640 1924 643 „

456 687 683 788 doctrinae
718 685 980 827 magnisque
1016 681 1248 787 virtutibus
1262 761 1278 805 ,
1299 687 1336 787 si
1369 681 1485 787 forte
1520 689 1691 809 adsint,
1710 726 1756 790 et
1796 731 1906 832 prae·

455 832 560 933 stitis
596 830 689 939 aliis
727 825 886 931 officiis
924 868 1016 930 non
1052 827 1272 949 obsistat,
1307 870 1388 930 nec
1423 831 1634 970 Principis
1670 832 1906 935 liberalita-

456 1013 574 1096 tem,
597 974 634 1075 si
669 973 752 1076 alia
788 974 945 1074 merita
982 970 1300 1091 cohortentur,
1320 975 1536 1082 retarder3
1556 973 1604 1073 id
1631 974 1752 1075 enim
1791 1017 1908 1118 prae·

460 1157 631 1266 postera
668 1117 887 1260 quaedam
937 1114 1126 1216 ambitio
1177 1134 1284 1216 esset
1344 1152 1388 1216 et
1437 1115 1601 1216 inutilis
1650 1119 1910 1259 reipublicae

486 1263 680 1377 rovisi0,
705 1260 916 1362 deterritis
952 1258 1213 1360 doctissimis
1249 1297 1292 1358 ct
1329 1260 1672 1398 prudentissimis
1708 1261 1908 1363 homini-

454 1305 536 1510 bus
578 1485 593 1528 ,
629 1404 709 1569 qui
743 1403 914 1544 optime
951 1402 1152 1504 omnium
1205 1435 1247 1501 et
1281 1441 1385 1505 cum
1420 1402 1611 1502 maxima
1653 1406 1910 1509 auctoritate

453 1551 501 1653 id
538 1546 736 1650 officium
774 1581 983 1687 praestare
1020 1581 1231 1685 possunt.

524 1699 720 1793 XXXV.
795 1696 979 1788 Annum
1029 1728 1161 1829 agens
1198 1686 1462 1829 vigesimum
1510 1724 1680 1791 sextum
1729 1692 1913 1796 Carolus·

451 1874 633 1938 uxorem
668 1831 841 1970 Hispali
892 1829 1016 1929 duxit
1064 1830 1286 1931 Isabellam
1322 1833 1567 1934 Emanuelis
1617 1837 1901 1977 Portugall'ne

453 1981 589 2122 Regis
643 2014 686 2078 et
723 1973 893 2074 Mariae
928 1971 1076 2073 uxoris
1112 1972 1246 2075 filiam
1268 2026 1295 2094 ·,
1332 2009 1373 2076 et
1407 1976 1463 2075 ab
1500 1975 1567 2077 eo
1590 2012 1796 2117 tempore
1830 2019 1899 2079 co-

450 2122 608 2226 mitiali
643 2116 841 2238 morbo,
876 2158 970 2257 quo
1008 2117 1123 2257 prius
1159 2115 1440 2239 tentabatur,
1476 2118 1682 2221 liberatus
1718 2156 1805 2223 est.
1845 2133 1902 2222 Er

450 2265 539 2367 hoc
575 2262 865 2367 matrimonio
893 2259 1149 2400 Philippum
1184 2259 1330 2400 stirpis
1368 2264 1613 2363 maximum
1649 2299 1694 2362 et
1717 2267 1902 2365 Mariam

449 2445 581 2549 arque
618 2413 842 2540 Joannam
878 2404 1124 2541 procreavit
1163 2481 1178 2522 ,
1219 2418 1405 2543 quarum
1446 2403 1634 2505 filiarum
1672 2408 1902 2547 pudicitiae

449 2585 541 2652 tam
577 2548 742 2649 solicite
777 2542 1106 2686 prospiciebat,
1142 2580 1192 2644 ut
1228 2580 1327 2684 post
1361 2548 1511 2645 matris
1561 2549 1733 2648 obitum
1768 2587 1902 2648 num-

484 2733 585 2794 uam
621 2731 689 2790 eas
726 2724 941 2830 pareretur
970 2765 985 2806 ,
1016 2727 1097 2787 nec
1134 2690 1252 2829 apud
1287 2728 1331 2788 se
1385 2729 1465 2789 nec
1500 2691 1617 2830 apud
1654 2689 1900 2831 Philippum

448 2733 625 2937 lintrem
663 2834 710 2933 in
746 2832 884 2932 aulica
919 2825 1165 2970 frequentia
1200 2830 1361 2929 diutius
1398 2833 1697 2933 commorari.
1755 2844 1902 2974 Itaque

448 2980 497 3080 in
520 2978 692 3080 idonea
726 2972 969 3113 municipia
1005 3011 1108 3073 cum
1142 2971 1370 3114 virginum
1406 3008 1447 3074 et
1487 3010 1799 3078 matronarum
1830 3016 1905 3075 co-‘

449 3121 609 3222 miratu
663 3153 707 3219 et
741 3115 913 3218 duobus
964 3151 1129 3258 magno
1178 3152 1283 3215 natu
1333 3114 1586 3216 custodibus
1626 3196 1643 3237 ,
1680 3159 1777 3218 uno
1812 3119 1902 3217 vito

449 3263 648 3401 Principe
684 3258 827 3378 laico,
846 3258 979 3357 altero
1014 3255 1308 3358 Ecclesiastico
1338 3261 1564 3378 Praetule,
1586 3262 1710 3398 quasi
1748 3303 1776 3361 a
1799 3299 1900 3360 con-

452 3441 604 3548 spectu
639 3403 832 3504 vitorum
867 3399 1133 3540 ablegabat,
1170 3436 1346 3542 propter
1382 3401 1566 3541 patriam
1601 3403 1903 3542 Hispanorum

452 3549 709 3688 Principum
744 3544 1104 3645 consuetudinem
1136 3582 1150 3650 3
1177 3545 1343 3685 quippe
1379 3583 1477 3644 mos
1512 3580 1575 3646 est
1601 3547 1788 3687 Reginis
1821 3557 1904 3646 Re-

453 3693 457 3701 ’
519 3728 654 3853 mque
689 3686 859 3791 filiabus
895 3686 942 3786 in
965 3685 1143 3827 publico
1170 3684 1323 3786 cibum
1352 3686 1652 3826 capientibus,
1673 3687 1904 3789 illustrium

455 3732 739 3937 homiliarium
789 3829 994 3971 virgines
1027 3828 1300 3970 Reginorum
1328 3829 1602 3965 domesticas
1654 3827 1904 3970 nobilesque

457 3977 744 4080 adolescentes
779 3971 1009 4116 permistos
1056 4007 1191 4071 astare
1224 4047 1239 4090 ,
1267 4007 1312 4071 et
1348 3967 1557 4071 submissa
1591 4010 1706 4072 voce
1738 3978 1903 4073 'sermo‘

460 4161 532 4224 nes
568 4120 683 4221 inter
738 4157 781 4216 se
816 4107 1014 4215 conferre
1053 4151 1065 4219 s
1101 4113 1164 4211 ita
1200 4147 1249 4213 ut
1285 4110 1342 4213 ab
1377 4113 1601 4215 amatoriis
1637 4153 1681 4215 et
1719 4118 1775 4216 ad
1824 4152 1898 4212 nu-

462 4266 570 4404 ptias
606 4256 960 4402 pertinentibus,
995 4294 1125 4395 quae.
1145 4294 1214 4356 ex,
1233 4254 1313 4354 hac
1349 4257 1664 4357 consuetudine
1701 4256 1903 4398 frequen-

463 4443 531 4506 ter
556 4406 667 4506 inter
690 4440 812 4547 pates
826 4441 918 4502 non
954 4398 1104 4499 invitis
1131 4396 1329 4541 Regibus
1364 4400 1779 4541 exsistunt,.patum
1812 4396 1906 4498 abs*

344 4608 350 4618 ·
452 4549 677 4648 sineatur.
732 4553 830 4646 Nec
857 4582 963 4644 vero
998 4578 1172 4642 tantum
1202 4543 1307 4640 duas
1342 4526 1473 4641 simul
1499 4541 1603 4642 filias
1638 4540 1699 4641 ab
1731 4545 1910 4641 istarum

463 4725 609 4796 rerum
644 4722 886 4830 conspectu¹
913 4686 1068 4830 procul
1103 4725 1187 4788 esse
1221 4680 1398 4786 volebat
1431 4685 1642 4794 Carolus;
1665 4687 1742 4794 sed
1781 4686 1913 4785 etiam

1816 4858 1916 4972 post
