4102 5864
419 471 662 554 ennom
705 472 758 551 u.
802 474 922 552 rra.
967 475 1112 556 xxv.
1379 492 1466 579 325

65 668 183 755 ,tem
221 665 265 731 et
301 629 542 730 commoda
593 625 802 767 pertinere
853 623 1103 765 putabunt,
1139 627 1268 732 omni
1317 671 1404 773 ope
1441 674 1513 739 at-

65 819 187 918 ,que
225 775 308 877 lide
350 807 604 878 curaturosr
639 769 948 911 confidereque
983 771 1161 873 eosdem
1196 779 1513 920 Lantgravium

65 957 140 1041 ,et
176 920 380 1036 clientes,
417 917 497 1058 qui
549 914 714 1017 crimen
762 915 1068 1036 admisissent,
1105 917 1246 1057 capite
1282 958 1325 1022 et
1360 919 1510 1027 bono-

64 1104 198 1185 ,rum
251 1059 550 1201 publicatione
599 1068 695 1192 jure
752 1058 956 1200 gentium
1010 1061 1262 1185 sancitum,
1298 1067 1412 1168 vitae
1464 1112 1517 1171 ac

64 1207 316 1349 ,dignitatis
352 1204 666 1344 bonorumque
690 1202 793 1343 ipsis
830 1204 1187 1307 condonatorum
1222 1212 1508 1336 memoriam,

64 1427 83 1471 ,
100 1389 151 1450 ut
189 1350 527 1489 pollicerentur,
564 1385 818 1489 perpetuam
854 1368 1170 1480 retenturos.“
1502 1347 1510 1360 ⁶

122 1505 245 1594 XXI.
325 1503 431 1592 Hoc
467 1506 646 1632 accepto
685 1530 933 1633 respons0,
969 1490 1236 1635 Philippus,
1269 1498 1350 1638 qui
1384 1501 1518 1644 geni-

64 1679 133 1737 )us
169 1634 319 1756 flexis,
355 1673 599 1778 apertoque
651 1634 793 1777 capite
844 1674 1174 1775 permanserat,
1210 1682 1298 1743 sese
1349 1648 1512 1777 erexit,

63 1783 141 1882 Cui
178 1781 361 1883 Carolus
417 1819 497 1881 nec
546 1782 741 1881 dextram
797 1782 1064 1882 Germanico
1116 1791 1240 1886 more
1293 1789 1519 1928 porrexit,
1569 1813 1573 1819 '

62 1966 130 2026 rec
188 1921 409 2026 honorem
458 1921 610 2024 habuit
658 1924 741 2024 alia
778 1927 987 2066 quapiam
1035 1928 1301 2030 caerimonia
1313 1980 1329 2030 ·.
1362 1940 1517 2062 'Tune

63 2071 257 2170 recedens
312 2083 415 2170 Dux
464 2068 659 2169 Albanus
694 2145 709 2187 ,
744 2066 951 2209 Philippo
1002 2109 1151 2171 secum
1200 2072 1319 2174 abire
1359 2085 1510 2207 jusm,

63 2215 162 2315 luos
214 2255 395 2354 quoque
431 2213 677 2315 Delectores
726 2213 784 2311 ad
840 2250 1031 2315 coenam
1073 2216 1120 2316 in
1167 2257 1342 2336 arcem,
1379 2258 1519 2359 quam

64 2397 141 2497 pse
178 2355 436 2478 habitabat,
472 2357 715 2464 invitavit?
745 2393 1007 2498 peractaque
1043 2398 1217 2475 coena,
1244 2365 1516 2504 Lantgravio

63 2542 201 2604 ocum
237 2503 284 2603 in
318 2542 449 2621 arce,
484 2542 576 2642 quo
614 2501 860 2619 secederet,
897 2537 948 2601 ut
983 2536 1075 2601 erat
1109 2503 1405 2644 imperatum,
1446 2544 1513 2607 ar-

63 2644 210 2746 ribuit
239 2723 254 2765 ,
285 2657 462 2789 ejusque
499 2645 748 2746 custodiam
788 2646 956 2778 Joanni
994 2656 1218 2748 Guevarae
1270 2649 1520 2754 centurioni

62 2791 259 2932 {ispano
294 2832 398 2892 cum
434 2790 518 2891 suis
555 2786 900 2929 manipularibus
937 2789 1144 2889 tradidit.

124 2944 268 3036 XXII.
346 2945 450 3035 Hoc
498 2932 724 3072 Philippus
773 2931 911 3033 initio
957 2933 1337 3072 impatientissime
1389 2938 1520 3049 tulit,

62 3117 158 3181 ram
195 3117 300 3180 cum
335 3119 429 3180 non
465 3078 513 3179 vi
548 3112 700 3216 captus
751 3111 859 3177 esset
876 3155 894 3198 ,.
927 3109 978 3176 ut
1015 3088 1120 3177 Dux
1156 3081 1366 3181 Saxoniae
1397 3160 1411 3204 ,
1444 3087 1521 3184 sed

63 3265 130 3325 ua
181 3222 410 3325 voluntate
461 3260 505 3322 et
540 3220 794 3321 memoraris
842 3219 1176 3322 conditionibus
1229 3265 1317 3325 sese
1353 3228 1522 3328 Carolo

62 3366 353 3489 ammisisset,
389 3364 636 3469 custodiam
673 3364 741 3465 sui
775 3364 920 3467 multo
955 3363 1165 3466 laxiorem
1201 3362 1297 3467 fore
1332 3408 1523 3510 putave-

62 3503 160 3630 ssat,
191 3549 240 3613 ut
276 3552 332 3614 ne
368 3551 394 3610 a
428 3505 737 3612 venationibus
774 3508 959 3650 quidem
1004 3509 1324 3612 excluderetur.
1377 3525 1521 3615 Caro-

63 3697 120 3758 us
151 3693 298 3757 aurem
316 3733 330 3775 ,
351 3655 432 3796 qui
466 3652 661 3759 hominis
697 3653 930 3795 ingenium
957 3651 1136 3755 ‘mobile
1172 3692 1216 3757 et
1250 3658 1307 3757 ad
1342 3692 1406 3755 res
1437 3697 1523 3760 no-

62 3800 222 3903 tandas
260 3838 527 3941 propensum
562 3835 780 3917 noverat,
817 3799 1042 3899 malorum
1091 3799 1339 3901 occasiones
1392 3835 1525 3942 atque

66 3942 285 4044 icentiam
321 3944 578 4044 minuendas
616 3981 702 4040 esse
740 3942 949 4084 putavit,
985 3942 1131 4041 donec
1163 3983 1228 4044 res
1263 3944 1312 4045 in
1362 3947 1525 4047 melio·-

62 4129 101 4188 .·e
143 4120 292 4203 statu,
327 4127 419 4227 quo
457 4122 575 4186 erant
611 4086 849 4206 redactae,
892 4083 1287 4192 confirmarentur.
1338 4091 1526 4193 Eadem-

62 4271 143 4373 pue
182 4269 309 4330 causa
345 4271 459 4332 arces
496 4271 650 4332 omnes
696 4229 745 4329 in
797 4229 958 4330 finibus
994 4234 1288 4374 Lantgravii,
1320 4269 1371 4333 ut
1407 4246 1527 4337 Got*

62 4375 178 4473 :ham
231 4373 279 4473 in
315 4374 535 4494 Saxonia,
570 4372 773 4474 demoliri
824 4375 986 4503 jussit,
1020 4413 1106 4474 una
1158 4412 1374 4520 excepta,
1411 4420 1526 4520 quae

62 4518 323 4657 Lantgravio
360 4555 678 4627 reservaretur3
717 4553 761 4617 et
816 4517 1013 4658 undique
1066 4553 1283 4621 tormenta
1334 4520 1524 4649 bellica,

62 4700 262 4802 quaeque
299 4660 366 4762 his
419 4664 516 4763 usui
568 4697 707 4782 sunt,
743 4657 1097 4783 Francafortem,
1134 4700 1266 4806 atque
1318 4665 1422 4767 inde
1478 4667 1527 4766 in

62 4804 261 4950 belgium
297 4802 497 4911 conferre
532 4807 795 4949 praecepit,
827 4840 996 4953 praeter
1032 4842 1213 4915 centum
1262 4852 1314 4915 ex
1349 4811 1529 4918 Vitem·

1425 4954 1526 5059 ber-¹
