4170 5866
304 53 390 136 180'
664 53 753 132 DE
801 50 1005 133 REBUS
1053 50 1340 134 GEST‘ls't·

263 213 382 329 lari,
417 216 507 309 aut'
543 205 820 349 indulgentia
854 208 990 307 aliave
1042 209 1246 326 ratione,
1283 213 1597 348 praeterquam
1637 194 1787 350 pd'um
1927 288 1947 298 .,
2023 322 2043 329 k

267 353 387 455 blico
441 351 638 450 Consilio
689 348 990 492 suffragante,
1025 351 1168 450 minui
1220 353 1290 450 vel
1342 353 1573 491 temperati
1626 392 1723 452 non

269 496 558 637 permittunt,
582 534 648 594 eas
684 496 931 632 praesertim
948 572 963 612 ,
983 533 1094 633 quae
1130 494 1351 632 publicam
1386 491 1629 594 libertatem
1654 531 1723 593 at-

273 641 485 777 tingunt:
515 632 590 732 has
627 639 746 737 enim
782 675 946 774 magno
968 675 1190 758 consensu
1227 636 1559 776 pertinacissime
1593 673 1724 736 tuen-

272 815 371 879 tur.
409 780 489 877 Sed
526 815 628 876 cum
665 780 801 878 multa
841 781 927 876 sint
963 778 1116 881 harum
1135 781 1286 878 trium
1339 778 1541 918 gentium
1589 779 1725 879 insti-

274 958 401 1038 tuta,
439 958 549 1058 quae
584 921 753 1018 merito⁴
783 920 950 1058 possint
986 920 1189 1058 laudari,
1225 922 1331 1019 illud
1370 940 1515 1030 tamen
1549 957 1729 1020 cetero·
1825 1043 1842 1057 ι

273 1103 373 1163 rum
400 1059 490 1161 fere
525 1064 724 1161 omnium
752 1062 918 1193 judicio
955 1059 1233 1161 vehementer
1268 1061 1566 1200 improbatur,
1592 1064 1724 1201 quod

273 1206 447 1344 publice
486 1204 683 1340 portoria
719 1204 778 1303 sic
814 1200 977 1302 habent
1013 1205 1245 1303 constituta
1291 1212 1424 1343 atque
1459 1203 1636 1326 locata,
1670 1239 1724 1305 ut

273 1348 498 1445 neminem
550 1345 653 1446 fines
702 1384 853 1447 eorum
903 1347 1162 1445 intrantium
1211 1382 1286 1446 aut
1337 1347 1619 1464 exeuntium,
1658 1386 1719 1444 ne

272 1498 443 1628 Regem
481 1487 661 1625 quidem
698 1488 883 1628 ipsum,
914 1488 1159 1588 immunem
1206 1530 1291 1587 esse
1328 1489 1545 1625 patiantur
1580 1530 1590 1586 :
1628 1487 1728 1587 ita--

273 1668 361 1768 que
399 1629 630 1769 portitores
666 1669 758 1728 non
795 1631 932 1728 modo
978 1666 1256 1749 ceterorum,
1291 1631 1362 1728 sed
1397 1630 1531 1768 Regis
1581 1628 1725 1728 etiam⁴

272 1772 465 1881 arculas,
500 1772 700 1922 nequid
736 1772 892 1891 lateat,
917 1774 1034 1870 unde
1069 1773 1317 1911 portorium
1352 1768 1587 1885 debeatur,
1609 1810 1719 1908 pro-

273 1914 426 2011 caciter
476 1914 814 2054 perscrutantur.
868 1914 1017 2031 Quam
1069 1914 1406 2055 indignitatem,
1444 1953 1553 2052 quae
1600 1911 1726 2012 milri

272 2055 464 2152 maxima
507 2093 586 2152 nec
623 2051 814 2154 vferenda
863 2094 949 2154 esse
999 2053 1263 2172 videbatur,
1298 2094 1399 2154 cum
1452 2053 1721 2193 quibusdam

272 2195 470 2332 ipsorum
506 2192 773 2295 familiariter
815 2195 1149 2336 exprobrarem,
1181 2195 1292 2296 hanc
1327 2206 1415 2328 ejus
1450 2197 1511 2296 rci
1546 2235 1729 2298 causam·

273 2370 315 2433 et
351 2337 668 2438 excusationem
704 2335 973 2458 afferebant,
1010 2340 1133 2477 quod
1168 2340 1303 2480 Regis
1353 2340 1552 2478 exemplo
1603 2373 1721 2436 cete-

271 2516 344 2575 ros
393 2480 551 2579 adduci
586 2481 752 2600 velint,
788 2514 838 2578 ut
888 2520 1032 2619 aequo
1083 2481 1232 2579 animo
1282 2476 1419 2578 ferant
1470 2479 1719 2579 exactiones

273 2623 527 2749 ejusmodi,
565 2662 652 2761 qua
687 2623 806 2722 bona
842 2660 938 2760 pars
975 2619 1127 2721 tributi
1162 2622 1277 2762 Regi
1313 2622 1531 2760 pendendi
1571 2621 1720 2720 confi-

272 2760 385 2857 citur
423 2800 434 2867 3
474 2799 516 2860 et
552 2765 750 2902 alioquin
797 2802 882 2862 esse
918 2765 966 2862 in
1000 2765 1134 2903 Regis
1181 2800 1393 2904 potestate
1445 2765 1620 2862 reddere
1672 2802 1719 2862 se

272 2937 458 3040 suosque
494 2899 718 3003 familiares
754 2906 1054 3044 portoriorum
1106 2907 1361 3023 immunes,
1394 2907 1585 3044 aliquam
1638 2905 1722 3004 sci-

270 3041 371 3140 licet
406 3045 660 3181 portionem
696 3047 906 3146 ordinarii
941 3045 1094 3146 tributi
1128 3048 1418 3147 remittendo,
1474 3060 1600 3168 Quae
1637 3086 1719 3144 ex-

271 3185 475 3305 cusati0,
511 3221 586 3286 aut
621 3183 770 3302 fallor,
804 3222 879 3286 aut
912 3227 1068 3327 parurn
1105 3186 1237 3287 habet
1271 3189 1339 3287 vel
1375 3190 1614 3329 ponderis,
1644 3187 1722 3286 vel

269 3321 541 3436 honestatis3
574 3370 653 3428 nec
692 3333 811 3430 enim
864 3332 1110 3471 exemplum
1146 3372 1172 3429 a
1206 3344 1329 3471 Rege
1382 3334 1618 3470 petendum
1670 3328 1723 3428 in

271 3461 334 3564 his
371 3466 499 3567 rebus
536 3507 633 3588 est,
668 3512 778 3611 quae
829 3472 962 3613 longe
1011 3471 1242 3572 abhorrent
1276 3513 1301 3571 a
1336 3473 1468 3612 Regis
1522 3469 1721 3611 dignita-

267 3641 351 3715 tes
386 3646 428 3709 et
463 3616 731 3713 consuetudo
766 3648 991 3756 tantopere
1027 3613 1274 3754 improbata
1297 3691 1311 3732 ,
1337 3653 1613 3752 quacumque
1650 3651 1720 3712 ra-

265 3748 423 3869 tione,
458 3755 527 3853 vel
577 3794 677 3856 cum
728 3796 889 3898 magna
938 3768 1101 3886 jactura
1147 3793 1208 3854 et⁴
1242 3756 1469 3895 impendio
1521 3753 1722 3854 tollenda

265 3929 352 3988 csse
375 3893 605 3995 videbatur
618 3975 632 4017 ,
657 3937 736 3996 nec
771 3899 1169 4015 committendum,
1189 3932 1239 3996 ut
1275 3898 1321 3996 in
1356 3909 1557 4037 Regem,
1578 3935 1720 4034 quem

264 4035 390 4131 omni
426 4034 573 4137 officio
608 4080 656 4139 ac
687 4040 850 4180 ¹pietate
887 4041 1025 4139 colere
1062 4037 1123 4139 fas
1148 4076 1258 4158 est,
1296 4080 1322 4137 a
1357 4041 1440 4137 suis
1477 4057 1719 4138 contume-

261 4172 316 4270 lia
338 4212 428 4315 per
462 4182 686 4280 avaritiam
722 4179 871 4280 inferri
895 4183 1127 4281 uideatur.
1181 4183 1322 4300 Quod
1365 4179 1451 4278 hoc
1501 4179 1720 4281 inlruma·

257 4314 352 4415 nius
401 4319 741 4462 inurbaniusque
791 4323 1038 4424 Castellanis
1083 4323 1223 4423 videri
1277 4322 1421 4440 solet,
1454 4322 1710 4460 quoniam,

1602 4503 1713 4564 cum
