4124 5880
533 418 597 513 74
926 409 1007 491 ou
1054 402 1251 486 nauus
1297 399 1512 486 ouans

501 652 533 697 „
555 581 650 707 jure
686 561 865 712 optimo
892 559 1141 705 publicare,
1161 555 1356 699 ‚fiscoque
1381 557 1612 680 addicere,
1635 593 1783 664 tamen
1821 561 1966 670 sciunt

501 797 533 841 „
557 755 755 838 omnes,
805 743 971 849 quanta
1022 703 1253 807 clementia
1311 740 1355 803 et
1406 703 1662 808 liberalitate
1710 708 1968 815 mitissimus

387 862 389 866 ’
506 863 754 998 „Princeps
801 894 902 954 usus
945 846 1163 952 fueritin
1200 887 1353 949 omnes
1390 852 1660 993 populares;
1699 853 1860 995 quibus
1902 898 1970 958 se-

503 999 795 1132 „ditionibus
838 996 1072 1115 sedandis,
1109 1029 1153 1093 et
1188 993 1361 1136 oppido
1395 992 1651 1097 Fontetabia
1693 999 1739 1100 in
1775 997 1970 1103 confinio

504 1229 535 1274 „
554 1148 754 1265 Galliae,
793 1142 917 1283 quod
954 1176 1059 1240 tunc
1094 1139 1300 1238 amissum
1342 1133 1525 1260 fuerat,
1561 1141 1859 1282 recipiendo,
1895 1145 1972 1247 in-

505 1373 537 1418 „
555 1332 661 1436 gens
698 1325 878 1432 quoque
914 1282 1099 1425 pecunia
1135 1317 1366 1383 consumta
1402 1320 1490 1384 est.
1530 1286 1605 1385 Ad
1640 1287 1848 1388 omnium
1884 1289 1973 1432 igi-

506 1518 537 1564 „
552 1474 622 1539 tur
670 1466 1123 1535 commemoratarum
1158 1464 1305 1528 rerum
1340 1429 1557 1529 maximos
1592 1464 1636 1531 et
1673 1471 1813 1574 prope
1850 1433 1972 1536 dixe-

506 1658 540 1709 „
560 1582 642 1681 rim
680 1577 876 1678 infinitos
913 1610 1110 1692 sumtus,
1138 1573 1407 1712 eosdemque
1443 1576 1729 1692 necessarios,
1748 1617 1853 1678 cum
1889 1617 1970 1680 nec

508 1723 681 1851 „solita
722 1735 986 1863 Regnorum
1030 1754 1072 1821 et
1113 1716 1446 1819 Provinciamm
1489 1719 1750 1862 vectigalia,
1784 1761 1866 1822 nec
1909 1722 1970 1824 si-

508 1908 644 2010 „qua
679 1866 762 1967 alia
797 1858 975 1964 luerunt
1009 1899 1129 1964 extra
1166 1862 1367 1962 ordinem
1393 1862 1673 1984 contributa,
1694 1860 1966 1986 sufficerent,

507 2049 717 2153 „magna
757 2047 856 2150 pars
891 2007 1027 2150 Regii
1063 2005 1323 2149 patrimonii
1365 2007 1561 2108 distracta
1610 2044 1711 2129 est,
1754 2048 1971 2153 superque

507 2235 539 2280 „
556 2146 867 2298 gravissimum
903 2193 973 2254 aes
1004 2151 1199 2253 alienum
1233 2189 1336 2253 cum
1372 2148 1553 2253 foenore
1589 2152 1792 2294 quotidie
1828 2153 1971 2297 magis

507 2377 540 2423 „
554 2299 880 2440 ingravescente
916 2330 1228 2397 contractum.
1264 2309 1414 2436 ltaque
1449 2295 1592 2438 Regia
1628 2297 1858 2441 vectigalia
1894 2336 1971 2418 us-

510 2520 542 2565 „
562 2481 650 2583 que
687 2444 799 2542 adeo
838 2476 938 2540 sunt
974 2440 1252 2552 imminuta,
1289 2476 1341 2539 ut
1373 2480 1466 2541 non
1502 2439 1645 2541 solum
1682 2444 1737 2541 ad
1773 2478 1971 2542 extraor-

508 2665 541 2710 „
559 2585 742 2685 dinarias
789 2584 1040 2726 impensas,
1082 2623 1190 2724 quas
1239 2622 1421 2727 magnas
1471 2585 1674 2725 quotidie
1719 2586 1775 2684 ad
1810 2596 1972 2727 Regna

508 2731 713 2853 „tuenda
749 2764 793 2828 et
835 2730 930 2830 vim
965 2726 1166 2828 hostilem
1220 2730 1511 2869 repellendam
1547 2729 1762 2871 suscipere
1798 2767 1972 2830 necesse

513 2952 545 2996 „
564 2911 663 2991 est,
700 2910 796 2973 non
831 2869 1091 2991 sufficiant,
1128 2873 1294 2971 sedne
1330 2873 1386 2972 ad
1429 2909 1595 2974 sumtus
1631 2873 1815 3015 quidem
1852 2913 1973 3014 quo·

510 3093 542 3138 „
556 3016 783 3137 tidianoS,
819 3053 863 3117 et
899 3017 1060 3158 Regias
1100 3010 1326 3136 familias,
1362 3016 1689 3158 Magistratus,
1727 3051 1770 3117 et
1806 3016 1974 3158 praesi-

508 3160 626 3281 „dia
660 3170 960 3301 Regnorum,
1004 3160 1059 3259 de
1099 3156 1262 3298 quibus
1298 3157 1526 3282 diximus,
1564 3160 1868 3262 sustinendum
1914 3159 1972 3262 sit

507 3378 542 3430 ,‚
558 3302 686 3403 satis.
724 3300 900 3426 Quibus
936 3304 991 3404 de
1028 3299 1185 3422 rebus,
1227 3336 1278 3404 ut
1313 3303 1370 3403 ad
1405 3342 1514 3423 vos,
1533 3304 1615 3444 qui
1650 3314 1768 3437 jussu
1804 3339 1849 3405 et
1884 3335 1973 3405 no-¹

507 3446 675 3571 „mine
723 3446 937 3549 Castellae
986 3447 1221 3549 civitatum
1256 3481 1301 3547 et
1350 3447 1625 3589 populorum
1671 3447 1973 3570 convenistis,

508 3665 542 3717 ,‚
559 3586 768 3711 referret,
803 3590 1058 3694 Concilium
1093 3588 1256 3691 indixit
1308 3626 1442 3732 atque
1477 3592 1654 3733 codgit.
1708 3602 1814 3692 Hoc
1850 3592 1973 3694 enim

506 3744 766 3876 „Regnum
782 3812 797 3855 ,
833 3745 956 3868 cujus
991 3733 1078 3879 ipsi
1112 3773 1343 3877 personam
1378 3735 1594 3837 sustinetis
1610 3813 1626 3856 ,
1662 3773 1844 3879 propter
1879 3745 1972 3869 ejus

425 3897 429 3906 '
508 3953 540 4000 „
555 3877 950 4020 magnitudinem,
987 3879 1344 4019 antiquitatem,
1389 3876 1709 3998 nobilitatem,
1746 3917 1789 3983 et
1835 3879 1973 3984 fidem

507 4098 539 4144 „
555 4022 809 4164 egregiam,
846 4022 1030 4123 Carolus
1065 4020 1228 4144 habet,
1251 4062 1508 4166 semperque
1544 4020 1702 4126 habuit
1722 4027 1845 4126 velut
1879 4018 1976 4126 fitn-

509 4241 541 4285 „
558 4169 816 4266 damentum
866 4201 910 4270 et
960 4203 1093 4308 caput
1144 4168 1350 4270 omnium
1401 4206 1580 4269 suorum
1617 4182 1880 4313 Regnorum
1930 4201 1975 4269 et

506 4308 915 4427 „Provinciammr
952 4314 1077 4453 quod
1111 4322 1351 4455 Regnum,
1371 4351 1422 4414 ut
1458 4351 1530 4414 ma
1566 4353 1625 4414 no
1663 4352 1830 4454 semper
1865 4310 1971 4413 sub-

506 4451 672 4572 „sidio
708 4489 751 4553 et
787 4457 1044 4584 adjumento
1081 4456 1166 4597 ipsi
1202 4457 1249 4557 in
1285 4458 1449 4559 cunctis
1486 4351 1815 4558 diificultatibus
1850 4451 1971 4579 fuit,

506 4670 537 4715 „
556 4594 616 4694 sic
652 4635 745 4710 non
785 4595 1005 4720 dubitat,
1054 4601 1168 4740 quin
1205 4638 1325 4699 nunc
1359 4641 1542 4743 quoque
1576 4637 1620 4702 et
1659 4598 1708 4699 in
1745 4631 1972 4741 posterum

502 4815 534 4862 „
553 4777 637 4881 pro
670 4750 758 4877 ejus
799 4740 921 4844 inse
962 4780 1183 4884 perspecta
1227 4742 1450 4846 voluntate
1497 4746 1553 4846 sit
1593 4741 1823 4847 futurum.
1871 4754 1969 4846 Vos

1832 4966 1866 5010 ‚,
1881 4888 1971 5032 igi-
