4192 5858
440 437 679 521 CAROLI
715 435 788 523 ll.¹
816 438 958 518 LlB.1'
983 442 1159 521 Xxlll.
1399 457 1503 550 239,

115 636 162 699 tn
217 592 352 697 etiam
406 590 664 732 prudentiae
700 667 718 709 ,
752 589 970 701 rationem
1020 593 1215 733 aliquam
1268 592 1415 718 inire,
1453 642 1530 742 per

112 781 202 842 tam
255 737 420 838 sublata
474 736 543 835 vel
594 735 641 833 in
694 732 815 834 diem
868 775 1010 835 unum
1061 733 1347 863 difficultate,
1386 748 1533 850 Maria
1583 758 1584 763 '

112 884 239 1028 :gatis
276 883 549 997 traderetur,
589 877 715 978 etin
750 879 961 987 Castellae
1009 878 1116 981 fines
1153 892 1396 1028 Pacemque
1433 899 1532 993 ,clu⁴

112 1065 238 1133 istam
276 1026 598 1132 deduceretutr
636 1021 721 1123 hoc
760 1025 879 1124 enim
914 1018 1030 1124 facto
1053 1103 1073 1144 ,t
1102 1028 1149 1126 in
1186 1069 1278 1168 quo
1315 1032 1377 1130 rei
1414 1075 1532 1137 sum.

112 1211 138 1270 a
174 1202 461 1290 verteretur,
499 1205 640 1270 cetera
674 1161 771 1266 fore
807 1168 855 1267 in
892 1168 1143 1309 expedito,
1192 1211 1268 1273 aut
1321 1214 1367 1275 re
1418 1177 1531 1282 inter

112 1350 253 1457 :gatos
305 1314 591 1454 composita,
627 1347 700 1413 aut
755 1311 985 1413 voluntate
1034 1312 1169 1457 Regis
1223 1358 1274 1416 ac
1315 1319 1530 1461 Principis

115 1493 342 1601 spectata,
380 1496 659 1598 quamquam
695 1496 738 1557 se
774 1496 869 1556 non
905 1455 1141 1580 dubitare,
1174 1461 1283 1601 quin
1320 1502 1420 1604 post
1456 1505 1528 1565 re-

111 1640 235 1745 ptam
281 1640 324 1703 et
375 1601 424 1701 in
465 1602 676 1702 Castellae
726 1598 834 1700 fines
884 1603 1120 1702 deductam
1157 1606 1389 1726 Mariam,
1424 1621 1531 1714 Dux

112 1785 169 1851 set
203 1749 251 1849 in
285 1754 376 1876 ejus
411 1779 626 1884 potestate
676 1740 882 1865 futurus,
918 1745 1142 1887 ipsiusque
1190 1750 1408 1850 voluntati
1458 1788 1529 1852 at-

112 1933 153 1992 te
190 1892 368 1991 decreto
401 1889 645 2029 pariturus.
699 1900 822 1990 Dum
857 1927 922 1988 res
965 1889 1098 2031 igitur
1154 1893 1201 1992 in
1237 1896 1533 2035 Portugalliae
1613 2016 1615 2019 .

112 2036 226 2138 ribus
278 2071 500 2178 gereretur
535 2111 550 2155 ,
587 2070 632 2135 et
684 2041 843 2133 Pacem
879 2042 1126 2175 Augustam
1175 2036 1383 2137 Castellae
1435 2042 1530 2179 pti-

112 2219 191 2280 um
227 2181 449 2320 oppidum
484 2179 629 2309 Maria
663 2178 980 2298 deduceretur,
1016 2217 1210 2321 aequum
1252 2221 1337 2280 esse
1374 2222 1399 2280 a
1435 2192 1527 2285 Lu-

112 2324 211 2425 :anis
248 2325 515 2424 Castellanos
567 2321 755 2426 comiter
808 2357 851 2421 et
900 2319 1169 2444 liberaliter,
1202 2323 1272 2423 vel
1314 2364 1395 2424 suo
1433 2336 1530 2458 jure

112 2465 374 2572 :cedentibus
409 2466 587 2605 tractari
613 2508 626 2576 3
657 2502 759 2605 post
796 2468 1002 2568 eumdem
1036 2467 1158 2568 diem
1193 2504 1358 2570 certum
1394 2467 1528 2572 habe-

142 2613 406 2716 Castellanos
442 2612 493 2714 in
528 2610 612 2713 suis
650 2607 812 2710 finibus
867 2649 961 2710 non
997 2611 1307 2712 commissuros
1337 2690 1353 2734 ,
1387 2652 1437 2714 ut
1473 2611 1532 2716 ab

111 2754 145 2855 is
183 2754 338 2861 officio
374 2793 418 2857 et
454 2754 729 2859 humanitate
766 2754 875 2859 victi
911 2749 1041 2854 fuisse
1077 2755 1354 2857 viderentur.

133 2911 246 3000 ΧΙΠ.
321 2901 408 3000 His
444 2900 637 3019 auditis,
670 2895 892 3016 Lusitani,
927 2936 1040 3036 quae
1076 2939 1173 3002 vere
1210 2898 1300 2999 dici
1336 2939 1385 2999 ac
1405 2937 1535 3040 ,pru-1

112 3078 216 3145 :nter
251 3041 308 3143 ab
343 3038 533 3144 Alfonso
569 3040 768 3142 Henricb
814 3039 1152 3183 intelligebant,
1185 3042 1230 3144 in
1269 3083 1365 3147 eam
1416 3085 1529 3148 con-

113 3188 283 3290 tionem
318 3187 666 3309 descenderunt,
702 3219 756 3286 ut
799 3185 1014 3326 postridie
1044 3189 1190 3289 Maria
1223 3190 1395 3328 Legatis
1443 3229 1532 3302 noa

112 3332 157 3433 :is
184 3334 478 3450 traderetur,
514 3373 660 3473 eoque
711 3370 943 3472 congressu
995 3367 1045 3432 et⁴
1089 3332 1240 3434 itinere
1274 3332 1391 3433 Duci
1426 3338 1531 3429 Me-

113 3477 315 3612 ymnensi
351 3478 497 3618 primo
533 3478 636 3581 loco
673 3473 731 3577 ab
767 3473 976 3577 omnibus
1029 3477 1285 3583 cederetu13
1318 3476 1371 3574 de
1425 3473 1531 3573 reli*

112 3661 156 3720 10
208 3658 407 3763 tempore
459 3621 721 3764 disceptatio
771 3657 903 3760 atque
955 3621 1171 3748 judicium
1230 3620 1287 3721 ad
1336 3617 1531 3721 Mariam

112 3805 266 3907 sosque
315 3777 506 3907 Legatos
555 3777 713 3868 Pacem
767 3771 1022 3906 Augustam.
1065 3766 1332 3900 rejiceretur.
1405 3771 1529 3863 Haec

112 3903 268 4010 tfonsus
302 3910 520 4013 Henricus
557 3913 711 4014 eadem
748 3945 879 4007 nocte
915 3946 1108 4012 reversus
1155 3948 1256 4010 cum
1292 3906 1530 4007 renuntias·

112 4086 123 4150 r
156 4128 173 4171 ,
210 4054 418 4191 postridie
472 4055 530 4156 ad
582 4065 718 4188 Cajae
770 4051 914 4193 ripam
971 4054 1156 4194 utrique
1200 4083 1530 4194 processerunt,

112 4195 136 4294 d
172 4196 342 4335 priores
377 4239 480 4303 cum
514 4200 657 4300 Maria
692 4196 927 4316 Lusitani,
964 4199 1045 4339 qui
1082 4198 1187 4299 citra
1222 4196 1387 4295 flumen
1421 4228 1530 4292 con-

112 4373 248 4440 tentes
284 4341 334 4443 in
384 4341 578 4463 orbem,
631 4383 725 4444 area
760 4381 922 4481 magna
958 4341 1242 4456 intermissa,
1273 4332 1530 4479 conglobati

112 4484 338 4585 attellanos·
383 4486 734 4628 exspectabant,
771 4480 932 4625 quibus
984 4479 1334 4602 accedentibus,
1376 4517 1530 4583 omnes

112 4625 145 4724 ti
178 4628 330 4769 aliquo
366 4667 552 4733 numero
589 4665 639 4731 etw
667 4628 843 4732 honore·
869 4663 1026 4746 etant,
1064 4629 1119 4727 ad
1170 4628 1297 4768 pedes
1345 4625 1528 4755 descen⁴j

114 4806 249 4893 ntes,
277 4775 471 4877 Mariam
504 4854 528 4896 ,.
554 4776 699 4881 mulae
731 4854 749 4895 ,
784 4814 873 4916 qua
907 4772 1111 4916 regaliter
1146 4767 1314 4875 frenata
1359 4767 1527 4868 instru-v

1435 4944 1530 5006 cta-
