4034 5858
527 502 612 588 542
916 485 999 568 DE
1044 484 1246 567 REBUS
1293 481 1512 565 GESTIS

480 647 596 747 dices
633 635 979 756 haereticorum,
1008 642 1259 769 Inquisitores
1296 633 1583 736 ecclesiastico
1619 671 1749 740 more
1784 672 1952 739 ‘nuncu-

479 826 641 931 patos,
678 824 753 927 per
789 783 982 884 indicem
1040 773 1188 878 fuisset
1237 779 1466 900 delatum,
1503 780 1702 920 primum
1755 818 1945 885 auctores

479 928 696 1033 Monachi
731 927 882 1070 capti,
911 959 954 1023 et
989 921 1036 1023 in
1072 923 1317 1063 custodiam
1353 923 1443 1023 dati
1478 961 1621 1046 sunt3
1665 925 1832 1026 deinde
1878 968 1947 1028 ce-

478 1076 562 1177 teri
598 1108 772 1193 sontes,
807 1070 941 1211 quiue
976 1066 1026 1166 in
1060 1066 1353 1206 suspicionem
1389 1102 1631 1188 venerant,
1656 1068 1944 1211 comprehcn-

477 1220 558 1339 si,
594 1255 789 1358 quorum
823 1250 1030 1313 numerus
1066 1211 1357 1310 ducentorum
1391 1212 1587 1351 amplius.
1615 1207 1730 1314 fuit.

548 1372 682 1462 XLII.
748 1369 918 1460 Harum
953 1392 1099 1455 rerum
1134 1354 1314 1455 Carolus
1351 1394 1376 1453 a
1411 1353 1503 1455 filia
1538 1394 1615 1500 per
1651 1356 1819 1456 litteras
1855 1397 1944 1457 cer‹

477 1505 568 1607 tior
603 1499 779 1622 factus,
819 1499 1096 1603 vehementer
1132 1535 1385 1600 commotus
1422 1534 1518 1620 est,
1550 1498 1859 1603 molestissime
1889 1496 1944 1603 fc-

480 1687 576 1749 rens
613 1682 814 1789 pestem,
850 1683 987 1785 quam
1022 1645 1115 1783 ipse
1151 1680 1201 1744 ut
1238 1677 1447 1746 averteret
1482 1684 1507 1743 a
1542 1644 1815 1765 Germania,
1838 1647 1937 1746 mul·

482 1825 552 1890 tos
588 1789 755 1891 labores
792 1824 835 1888 et
872 1786 1062 1928 pericula
1098 1785 1324 1907 subierat,
1355 1787 1404 1887 in
1439 1786 1708 1928 Hispaniam
1765 1789 1934 1889 latenter

481 1935 725 2072 irrepsisse,
764 1928 1000 2034 Christiani
1017 1929 1137 2030 orbis
1174 1929 1231 2030 ab
1250 2020 1251 2023 γ
1268 1969 1318 2031 ea
1354 1926 1451 2031 labe
1479 1930 1816 2073 integerrimam
1847 1971 1931 2074 gen·

481 2115 615 2197 rem,
649 2077 820 2219 ipsique
858 2073 918 2174 ob
973 2111 1070 2173 eam
1106 2113 1280 2174 causam
1332 2074 1521 2174 maxime
1559 2075 1771 2177 omnium
1829 2115 1937 2178 acce·

483 2256 630 2362 ptam.
672 2234 822 2361 Itaque
860 2218 976 2318 nulla
1006 2218 1262 2357 interposita
1288 2256 1413 2318 mora
1433 2257 1508 2358 per
1532 2220 1696 2320 litteras
1722 2220 1930 2359 primurn,

484 2364 643 2462 deinde
676 2395 750 2503 per
786 2362 996 2461 nuntium
1023 2361 1306 2461 Ludovicum
1331 2361 1586 2483 Quixadam
1622 2359 1815 2464 familiae
1848 2400 1938 2463 suae

485 2500 783 2645 praefectum,
820 2512 1046 2641 Joannam
1083 2502 1258 2623 filiam,
1297 2540 1341 2604 et
1377 2503 1540 2606 summi
1575 2504 1803 2608 tribunalis
1835 2506 1939 2618 hac-

483 2650 716 2751 reticorum
752 2647 946 2748 vindices
992 2645 1246 2749 adhortatur
1298 2684 1575 2790 monetque,
1617 2687 1671 2751 ut
1719 2651 1771 2750 ad
1818 2687 1936 2749 sum-

457 2832 608 2895 mam
644 2792 919 2933 diligentiam
955 2790 1004 2890 in
1046 2831 1100 2891 eo
1137 2790 1322 2891 crimine
1358 2794 1654 2933 perquirendo
1679 2871 1696 2913 ,
1723 2830 1768 2893 et
1801 2792 1935 2934 primo

483 2976 669 3077 quoque
712 2971 910 3075 tempore
948 2934 1038 3034 sine
1079 2971 1362 3073 personarum
1398 2936 1566 3035 delectu
1612 2972 1657 3036 et
1704 2936 1939 3037 discrimine

390 3142 393 3146 Δ
485 3079 755 3179 vindicando
774 3076 884 3176 nihil
910 3075 996 3177 sibi
1017 3077 1234 3218 reliquum
1271 3072 1493 3197 facerent3
1515 3080 1593 3181 sed
1628 3119 1771 3199 cum,
1808 3079 1936 3180 multis

485 3221 640 3321 diebus
689 3221 953 3351 interjectis,
991 3222 1394 3343 animadverteret,
1432 3223 1495 3323 rei
1544 3225 1854 3365 magnitudine
1903 3256 1937 3320 et

486 3364 695 3506 gravitate
731 3360 1062 3465 festinationem
1112 3366 1350 3507 impediri,
1391 3402 1575 3508 urgente
1613 3365 1824 3489 morbo,
1862 3403 1937 3507 quo

483 3509 619 3648 paulo
656 3544 755 3650 post
791 3505 1014 3609 absumtus
1051 3543 1143 3633 est,
1176 3512 1231 3610 ad
1268 3546 1578 3612 testamentum
1613 3506 1784 3614 factum
1818 3510 1932 3613 codi-

487 3652 611 3751 cillos
646 3652 836 3784 adjecit,
871 3652 918 3752 in
953 3692 1147 3793 quorum
1182 3653 1312 3755 initio
1349 3654 1409 3754 sic
1444 3655 1656 3796 scriptum
1693 3694 1809 3758 erat:

547 3804 712 3895 XLIII.
793 3809 956 3915 „Cum
992 3799 1188 3937 primum
1224 3839 1277 3898 ex
1325 3797 1475 3898 litteris
1510 3804 1716 3935 Joannae
1755 3799 1867 3901 filiae
1899 3799 1942 3896 de

493 3940 838 4079 „quorumdam
890 3938 1210 4044 haereticorum
1258 3940 1612 4045 Lutheranorum
1661 3944 1852 4044 crimine
1897 3939 1944 4039 ad

491 4084 819 4203 „Valdolitum
874 4119 918 4182 et
954 4086 1056 4183 alias
1093 4088 1219 4188 urbes
1255 4086 1497 4229 Hispaniae
1552 4125 1836 4228 compertum
1867 4123 1947 4184 csse

366 4266 368 4269 ’
491 4227 734 4370 „cognovi
773 4262 858 4344 ‚et
894 4265 1050 4330 eorum
1087 4234 1302 4371 quosdam
1344 4231 1394 4331 in
1429 4233 1678 4334 custodiam
1717 4237 1875 4349 datos,
1907 4269 1947 4326 a·

494 4371 624 4493 „lios
681 4374 737 4473 ad
789 4409 981 4514 poenam
1032 4375 1239 4515 conquiri
1287 4375 1447 4477 certior
1498 4372 1635 4476 factus
1686 4417 1835 4500 sum,
1871 4405 1951 4474 sta·

492 4514 623 4632 „tim
652 4516 797 4617 eidem
848 4514 962 4618 filiae
1014 4520 1260 4661 rescripsi,
1296 4520 1728 4665 diligentissimeque
1779 4521 1951 4622 manda·

496 4733 527 4775 „
544 4656 592 4755 vi
640 4659 695 4756 de
741 4659 792 4758 iis
835 4737 849 4780 ‚
904 4701 1017 4801 quae
1070 4665 1126 4763 ad
1176 4664 1342 4765 crimen
1411 4666 1710 4768 coercendum
1767 4704 1812 4766 et
1866 4666 1953 4764 vin

496 4801 774 4945 „dicandum
832 4807 1046 4944 pertinere
1107 4807 1413 4919 videbanturr
1467 4810 1626 4909 deinde
1681 4809 1956 4912 Ludovicun

1808 5035 1841 5077 a>
1855 4950 1958 5076 Qui
