4110 5888
615 372 1116 450 SUMMARIUM.
1494 387 1571 456 XV,

128 494 319 614 Theologi
367 495 553 582 Catholici
601 497 839 613 totidemque
888 524 1045 605 monet,
1086 524 1246 610 caveat,
1272 531 1320 589 ne
1344 501 1462 593 fratris
1490 505 1598 595 falla-

129 615 335 703 Lutherani
362 616 578 749 deliguntur
597 617 691 732 ,qui
711 646 845 703 eoram
887 617 948 702 ciis
982 620 1234 734 opprimatur.
1275 620 1452 714 Alfonsus
1483 631 1599 741 Joan·

128 734 332 820 Granvella
375 758 414 820 et
450 733 610 821 Comite
669 734 840 821 PalatIno
887 763 1005 842 nem,
1033 737 1164 823 Buceri
1196 739 1518 830 dehortationibus
1535 748 1600 833 de-

130 854 346 968 disputent.
888 856 1084 962 territum,
1102 881 1140 941 et
1169 859 1362 944 consilium
1389 889 1601 950 mutantem

187 974 373 1057 XXXIV.
436 972 586 1066 Quibus
635 971 841 1108 Theologis
888 974 1057 1060 occidere
1090 975 1275 1061 decernit.
1317 982 1552 1067 Dolorem
1542 1008 1603 1068 rta-

131 1091 296 1205 quotidie
315 1090 626 1204 disceptantibus,
651 1093 843 1225 unusquis·
888 1118 964 1205 que
997 1092 1261 1198 dissimulans,
1293 1124 1425 1183 caveat
1454 1102 1502 1184 ab
1532 1101 1597 1184 Hi

129 1238 202 1343 que
243 1239 351 1294 suam
393 1207 580 1295 mordicus
625 1209 843 1325 opinionem
889 1210 1009 1324 spanis
1040 1211 1270 1316 Catholicis,
1306 1239 1345 1299 et
1375 1216 1426 1301 ad
1456 1245 1494 1301 se
1524 1215 1602 1303 fre-

129 1328 284 1411 retinet.
888 1353 1046 1441 quentes
1088 1328 1225 1414 litteras
1269 1330 1424 1439 mittat,
1452 1333 1601 1449 jamjam

187 1446 354 1528 XXXV.
424 1445 622 1529 Totum
612 1470 739 1560 itaque
772 1451 842 1532 Re·
891 1445 1111 1532 discessurus
1142 1472 1335 1562 precatur.
1644 1453 1645 1456 ‘

133 1560 272 1678 ligionis
310 1563 508 1697 negotium
547 1563 597 1648 ad
629 1563 843 1650 Concilium
951 1567 1135 1650 XXXIX.
1194 1566 1344 1654 Blandis
1376 1568 1498 1656 verbis
1516 1570 1603 1658 allo·

132 1680 337 1769 universale
353 1679 523 1792 rejicitur,
546 1682 655 1796 quod
671 1709 714 1767 ut
730 1712 840 1800 coga·
891 1707 1028 1787 cutus,
1056 1706 1096 1768 et
1125 1710 1259 1768 aureos
1300 1717 1477 1773 nummos
1509 1718 1604 1804 qua-

129 1823 213 1906 tur,
230 1828 309 1884 sese
334 1827 490 1913 operam
508 1801 686 1884 daturum
704 1805 844 1886 Caesar
892 1800 1104 1886 tuordecim
1135 1801 1220 1886 ad
1210 1803 1376 1916 inopiam
1409 1807 1603 1893 sublevan

130 1917 284 2033 recipit,
300 1942 340 2002 et
356 1917 590 2004 auxiliaribus
617 1918 731 2032 copiis
747 1920 844 2035 Regi
894 1918 984 2003 dam
1017 1912 1211 2022 tribuens,
1236 1925 1448 2036 Augustam
1489 1923 1604 2011 disce-

130 2036 385 2121 Fernandoa
426 2036 626 2121 Germanis
671 2037 722 2123 ad
767 2036 844 2121 bel·
894 2035 971 2120 dit.
1004 2040 1139 2121 Noctu
1170 2037 1402 2172 Nubutgum
1435 2067 1604 2129 reversus

129 2153 206 2240 Ium
232 2153 436 2240 Turcicum
452 2153 588 2261 missis,
609 2178 845 2242 conventum
893 2149 1045 2239 fratrem
1080 2180 1147 2268 per
1178 2153 1411 2260 ministrum,
1444 2186 1483 2243 se
1514 2158 1606 2245 litte

132 2273 306 2360 dinitt'rt.
894 2300 952 2357 ras
974 2276 1170 2389 Augustae
1185 2268 1320 2360 referre
1346 2273 1610 2383 simulantem,

203 2394 386 2477 XXXVI.
466 2388 633 2502 Joannes
695 2391 845 2477 Diazius
891 2390 1110 2476 obtruncat.

134 2510 285 2596 natione
313 2510 545 2623 Hispanus
536 2539 575 2594 ιιι
608 2509 845 2596 Lutheranos
953 2511 1035 2593 XL.
1097 2508 1361 2624 Oenspruchi‚
1392 2507 1492 2599 fama
1524 2540 1604 2599 caea

133 2656 270 2715 errores
301 2628 456 2742 lapsus,
483 2627 532 2710 ab
562 2628 771 2743 Argentina
799 2629 845 2713 ci
892 2625 947 2712 dis
970 2626 1054 2711 illuc
1083 2626 1252 2740 perlata,
1287 2627 1459 2742 capitur,
1475 2654 1515 2715 et
1541 2658 1604 2717 cu

132 2746 244 2833 vitate
275 2747 407 2833 Buceri
433 2745 547 2862 legati
579 2744 698 2831 socius
730 2771 846 2861 atque
891 2745 1035 2831 stodiae
1060 2743 1190 2829 datur.
1227 2750 1288 2830 De
1316 2661 1435 2831 fratris
1463 2747 1609 2860 parrici

133 2865 346 2973 administer
397 2864 544 2982 publice
598 2864 846 2951 Ratisbonam
891 2861 957 2948 dio
990 2862 1198 2976 postulatus
1240 2864 1495 2978 gravissimum
1540 2866 1606 2951 sibi

133 2983 311 3069 mittitur.
892 2980 1093 3084 accidisse,
1124 3004 1163 3065 et
1194 2975 1328 3066 fabo
1319 3010 1359 3066 ιιι
1393 3012 1432 3067 se
1460 2979 1607 3069 confer·

188 3101 392 3187 XXXVII.
453 3098 579 3212 Hujus
620 3095 731 3187 frater
756 3127 847 3235 ger·
893 3127 925 3182 rr
913 3039 1176 3213 resporidet.
1595 3163 1599 3165 Δ

135 3249 265 3306 manus
294 3215 473 3307 Alfonsus
501 3217 653 3305 Diazius
699 3218 848 3333 jurispe·
956 3219 1057 3303 XLI.
1116 3213 1274 3301 Carolus
1307 3219 1445 3302 Caesar
1474 3219 1608 3306 certior

135 3336 221 3424 tinas
243 3338 482 3457 ignominiosi
514 3334 603 3423 facti
628 3332 729 3421 fama
744 3365 849 3422 com·
895 3330 1015 3421 factus
1058 3334 1350 3449 Oenspruchum
1392 3335 1443 3421 ad
1482 3337 1610 3470 Magi-

134 3483 300 3564 motus,
339 3457 517 3543 Roma
507 3487 547 3541 ιιι
605 3456 849 3541 Germaniam
893 3475 1027 3539 stratus
1058 3452 1193 3539 iterum
1220 3477 1337 3568 atque
1368 3452 1502 3538 iterum
1528 3453 1609 3538 scri

135 3519 420 3689 proficiscitur,
466 3601 505 3662 et
554 3574 677 3689 ipsum
725 3573 849 3660 multis
893 3570 971 3676 bit,
992 3597 1035 3658 ut
1061 3566 1207 3656 Alfonsi
1242 3600 1392 3655 causam
1424 3572 1607 3657 adsere

136 3693 303 3811 lacrymis
331 3718 442 3800 orat,
467 3722 516 3779 ne
544 3693 848 3779 Lutheranorum
894 3686 1041 3792 ferant3
1060 3662 1238 3775 deiide
1229 3719 1369 3821 rpsamu
1375 3687 1425 3773 ad
1455 3687 1604 3801 Episco

139 3815 320 3900 enoribus
365 3843 404 3900 se
436 3810 680 3928 perditum
672 3839 725 3897 tre
769 3841 848 3926 per·
895 3838 988 3921 pum
1014 3806 1278 3892 Tridentinum
1309 3804 1447 3918 rejicit3
1464 3836 1544 3921 quo
1560 3804 1608 3889 fa·

136 3957 217 4046 gat.
251 3932 325 4019 Sed
337 3960 427 4016 cum
430 3931 531 4015 nihd
547 3927 765 4046 proficeret,
784 3926 849 4015 fra·
895 3949 1000 4014 ctum
1033 3949 1117 4029 est,
1150 3948 1193 4009 ut
1221 3928 1386 4008 Romam
1416 3922 1611 4008 incolumis
1734 3944 1736 3953 ’

135 4050 194 4134 tris
223 4050 380 4136 sanitate
413 4050 647 4166 desperata,
673 4075 713 4136 et
748 4077 848 4162 repe
896 4044 1135 4158 pervenitet,
1154 4067 1269 4158 atque
1302 4042 1427 4129 inde
1418 4071 1457 4125 m
1475 4040 1611 4157 Hispa·

135 4167 198 4255 tita
211 4169 261 4255 de
278 4167 483 4302 Religionis
503 4167 692 4286 dogmatis
728 4167 853 4281 dispu·
897 4162 1019 4249 niam.

133 4289 311 4394 tatione,
324 4315 362 4371 se
383 4287 523 4374 victum
540 4285 686 4373 simulat
706 4311 853 4401 ,atque
1115 4295 1233 4386 LIB
1277 4294 1391 4385 ΧΧ

133 4407 183 4491 ab
227 4437 278 4492 eo
311 4405 442 4520 petit,
477 4430 521 4491 ut
555 4435 594 4491 se
634 4405 673 4487 in
706 4344 854 4488 ltaliam

135 4525 359 4611 redeuntem
390 4523 441 4609 ad
472 4524 630 4611 serenda
666 4550 770 4609 nova
788 4522 852 4610 do
956 4522 986 4602 Ι.
1045 4478 1220 4599 thcrea
1260 4513 1470 4600 Carolus
1461 4545 1500 4598 ιιι
1542 4517 1612 4602 Hi·

136 4669 265 4758 gmata
298 4667 495 4757 sequatur.
898 4634 1065 4773 spaniam
1097 4631 1318 4735 rediturus,
1349 4632 1540 4767 Argeham
1569 4664 1615 4721 ex

198 4762 413 4848 XXXVIII.
473 4766 640 4850 bucerus
663 4755 909 4873 Joannem
899 4755 1029 4843 itinere
1064 4779 1286 4870 oppugnare
1312 4750 1534 4857 constituit,
1558 4780 1616 4836 ca·

1544 4888 1614 4980 put
