4042 5864
501 478 695 581 Famesium
710 389 846 557 Parinae
861 489 998 557 Ducem
1007 481 1078 577 jur'e
1093 505 1173 584 pet·
1201 512 1206 527 ³
1223 481 1391 558 Ixertit'aus
1412 488 1629 573 (Antonius)
1655 500 1780 556 auctor
1805 481 1852 558 fit
1869 490 1947 560 An-

501 608 607 686 petuo
627 584 827 658 confirmat.
853 591 899 657 11.
919 593 1002 679 406.
1030 587 1168 677 Injurias
1270 584 1386 655 dream
1409 586 1553 660 Doriam
1580 587 1615 658 in
1643 605 1756 684 partes
1789 589 1944 662 Caesare

1268 684 1487 758 traducendi.
1518 688 1547 756 Ι.
1583 691 1666 758 060.
1704 690 1862 784 Legatus
1898 687 1939 762 ad

1268 784 1495 884 Philippinnm
1508 784 1673 859 mittitur.
1694 788 1725 855 1.
1739 791 1830 857 261.
1850 790 1934 863 Cum

1265 882 1363 957 ‘hoste
1391 884 1625 985 congreditur.
1654 888 1683 955 I.
1720 908 1808 979 272.
1851 888 1937 959 Mu-

1266 990 1341 1054 tum
1379 988 1556 1084 magister.
1586 988 1615 1056 Ι.
1651 1009 1731 1080 077.
1768 987 1937 1087 Quoue

1266 1082 1452 1158 secedentes
1476 1088 1701 1160 revocat.1L
1728 1107 1764 1178 5.

500 689 562 761 sibi
595 687 638 759 ab
666 686 816 759 Henrico
854 685 1037 759 Gallorum
1071 692 1167 784 Rege

498 789 604 860 illatas
640 787 784 884 repellit.
818 791 863 858 Π.
898 806 980 880 409.
1017 789 1177 858 Octavio.

497 886 695 971 denuntiat,
713 909 755 956 ne
776 885 819 958 ab
850 884 966 961 officio
991 884 1161 970 discedat,

495 1007 529 1058 et
550 987 609 1058 nisi
631 1004 765 1082 pareat,
781 988 878 1059 sacris
901 985 1089 1059 interdicit.
1113 991 1163 1058 II.

492 1110 576 1181 410.
613 1085 764 1158 Consilio
790 1111 869 1159 curn
897 1092 1038 1161 Caesare
1063 1110 1178 1160 eom··v

493 1188 687 1271 municato,
702 1186 817 1257 statuit
840 1186 967 1260 facinus
992 1187 1026 1257 in
1049 1190 1162 1258 Octa·
1205 1180 1208 1186 ’

493 1288 549 1361 tio
566 1281 664 1359 armis
676 1285 860 1358 vindicare.
878 1294 923 1359 11.
939 1310 1024 1380 400.
1038 1290 1071 1358 Α
1094 1291 1162 1360 Ca·
1559 1246 1616 1372 L

492 1389 566 1477 rolo
588 1385 791 1458 ducatorum
808 1412 986 1460 aureorum
1011 1386 1061 1458 bis
1080 1410 1159 1458 cen·
1613 1413 1615 1417 ⁴

493 1510 568 1561 turn
590 1487 691 1557 millia
708 1506 901 1558 mutuatur.
923 1494 970 1560 II.
983 1508 1067 1578 400.
1091 1492 1161 1559 Co·
1212 1442 1446 1566 LAconum*
1467 1487 1504 1560 in
1539 1485 1767 1563 Cantabriam
1807 1487 1932 1564 emen-

492 1588 561 1688 pias
595 1586 716 1678 ]οαοποΙ
750 1588 916 1683 Baptistae
947 1586 1087 1661 Montio
1114 1583 1158 1657 ad

1262 1609 1334 1660 tus.
1361 1593 1390 1659 1.
1418 1612 1473 1660 00.
1544 1613 1549 1653 ;
1606 1618 1608 1629 ·

492 1684 758 1786 oppugnandam
789 1695 942 1758 Parmam
977 1684 1152 1758 attribuit.
1210 1687 1382 1763 Ladislaus
1403 1707 1407 1719 ·
1428 1687 1623 1787 Hungatiae
1685 1688 1934 1788 Bobemiaeque

325 1869 330 1879 .
451 1823 453 1826 ’
491 1791 540 1859 II.
568 1806 652 1876 400.
680 1804 714 1856 ct
737 1807 824 1877 411.
850 1784 1023 1859 Montium
1051 1785 1158 1858 aMi-

1260 1793 1356 1863 Rex.
1383 1787 1412 1856 1.
1440 1789 1520 1882 308.

490 1886 650 1959 raudulae
682 1883 855 1958 obsidione
894 1884 1092 1970 discedere,
1119 1903 1155 1956 et
1192 1885 1420 1961 'Laudavium
1444 1885 1628 1985 oppidum.
1653 1888 1699 1958 II.
1720 1910 1815 1985 433.

489 1994 644 2060 Parmam
677 2008 811 2057 movere
844 1985 954 2075 jubet.
985 1990 1031 2056 ΙΙ.
1063 2005 1149 2076 415.
1208 1986 1453 2060 Landtesinum
1492 1985 1679 2083 oppidum.
1702 1989 1751 2059 11.
1785 2009 1870 2081 205.
1897 1995 1930 2063 A

488 2084 618 2160 Petenti
640 2087 787 2156 Octavio
815 2084 962 2156 duontm
986 2109 1152 2156 annorum

1256 2089 1425 2184 Gouzaga
1449 2084 1630 2187 recipitur.
1655 2088 1703 2156 IL
1734 2095 1821 2182 246.

489 2184 638 2258 inducias
663 2183 841 2269 concedit,
866 2183 1053 2256 Henricum
1079 2191 1152 2261 Re-
1206 2187 1353 2276 Lanojus
1376 2186 1565 2274 (Carolus)
1603 2189 1771 2285 Neapolis
1806 2195 1926 2261 Proree

486 2310 564 2385 gem
588 2285 731 2358 maxime
755 2283 952 2380 respiciens,
975 2284 1153 2357 Pontificio

487 2407 520 2456 et
548 2390 705 2458 Romana
724 2384 895 2479 vectigalia
925 2381 1145 2455 deterentem.

486 2489 643 2574 11.415.
686 2483 875 2553 Viterbium
898 2506 1086 2582 progressus
1113 2484 1148 2555 in

487 2581 750 2682 pacificationem
782 2605 814 2651 se
836 2583 1042 2677 interponit,
1069 2583 1149 2655 illuc

484 2680 758 2756 convenientibus
780 2680 949 2754 Francisco
968 2682 1094 2753 Toleto
1113 2701 1148 2752 et

471 2781 673 2856 'Senensium
695 2780 827 2881 legatis.
851 2787 897 2852 Π.
921 2786 1005 2873 446.
1029 2780 1149 2853 Clien-

483 2884 566 2954 telae
585 2880 734 2978 diploma
754 2880 907 2979 Philippo
924 2881 1039 2959 Caroli
1059 2885 1148 2953 Cae·

483 2982 562 3054 satis
583 2981 655 3054 filio
670 2981 892 3075 Neapolitano
906 2981 994 3078 Regi
1021 2979 1146 3078 imper-

483 3081 588 3151 titur.
614 3082 662 3150 II.
685 3099 765 3168 502.
790 3080 863 3150 *Ad
886 3085 1043 3151 nuntium
1070 3104 1145 3152 ma·

483 3176 633 3250 trimonii
654 3178 795 3274 Philippi
810 3178 985 3253 consilium
1000 3178 1061 3250 init
1076 3180 1145 3251 Bri·

484 3278 635 3348 tanniam
660 3275 705 3347 ad
721 3277 930 3350 catholicam
947 3276 1061 3350 Fidem
1091 3302 1147 3350 ren

486 3377 646 3451 uocandi·
676 3382 722 3449 ΙΙ.
743 3400 822 3467 502.
851 3384 884 3449 Α
903 3379 972 3450 vita
987 3376 1145 3450 discedit.
1195 3389 1200 3473 ζ

352 3541 354 3544 ⁴
486 3480 533 3548 11.
548 3497 627 3566 510.
643 3476 842 3566 Jesnitarum
852 3478 1043 3549 institutum
1055 3501 1152 3549 com·

488 3575 628 3673 probat.
652 3579 699 3646 11.
724 3600 804 3667 511.
837 3577 972 3650 Clericis
993 3577 1147 3674 Hispanis
1191 3590 1199 3599 ’“

485 3675 571 3747 duas
604 3675 908 3750 Ecclesiasticorum
935 3676 1147 3775 vectigalium
1198 3768 1199 3771 Ἴ

487 3792 623 3869 quartas
644 3794 751 3871 partes
761 3776 893 3849 duobus
915 3777 1060 3848 trienniis
1076 3781 1143 3853 Re·

487 3876 523 3973 gi
556 3873 745 3971 pendendas
787 3877 953 3975 imperat.
982 3881 1029 3949 11.
1065 3897 1149 3968 514.

489 3995 523 4044 et
550 3995 629 4065 515.

426 4066 522 4167 ,iusti
550 4073 752 4146 coenobium
792 4100 862 4150 00000
890 4076 989 4174 longe
1004 4099 1039 4146 ,a
1072 4076 1153 4149 Pla·-

489 4175 794 4269 centia.11.523.
953 4241 955 4245 a

441 4272 642 4366 justinianus
668 4275 857 4370 (Baptista)
877 4274 928 4345 vir
946 4272 1066 4346 nobilis
1078 4275 1150 4345 Ge·

492 4375 652 4458 mucosis,
681 4373 773 4447 Flisci
796 4374 940 4448 Comitis
973 4373 1151 4448 consilium

491 4470 681 4645 ippprobpp,
698 4494 733 4544 et
759 4474 794 4547 in
820 4473 1016 4547 cubiculum
1041 4472 1152 4546 inclu-

530 4588 600 4637 000.
659 4624 669 4643 .
723 4598 776 4645 Γο.

444 4665 574 4767 Iustitia
604 4597 826 4765 Aragddensis
862 4675 978 4771 legum
1011 4668 1153 4745 vindex.

494 4773 541 4841 II·
571 4764 648 4857 178·
687 4771 767 4857 Ejus
797 4774 976 4849 auctoritas
1007 4791 1043 4847 ct
1075 4768 1156 4847 offi-

492 4865 788 4972 cium.11.179.

1255 2283 1460 2383 stipendium
1493 2285 1670 2386 apopulis
1698 2288 1827 2359 Italicis
1857 2287 1927 2358 exi·

1256 2384 1406 2485 gendum
1428 2404 1537 2458 censet
1559 2383 1604 2457 ad
1627 2387 1821 2459 exercitum
1844 2387 1925 2456 alen·

1255 2486 1360 2558 dum.
1380 2487 1410 2554 L
1435 2509 1515 2579 037.
1534 2483 1645 2574 Cujus
1668 2485 1836 2557 adventus
1847 2507 1920 2580 pro·

1255 2583 1388 2684 pcdiem
1411 2582 1455 2655 ad
1478 2583 1597 2655 urbem
1618 2585 1851 2657 Mediolanum
1860 2605 1913 2655 000·

1254 2682 1487 2783 spectabatur.
1514 2684 1543 2752 Ι.
1572 2704 1655 2778 043.
1693 2683 1912 2758 Mediolanum

1256 2782 1416 2883 pervenit.
1434 2785 1461 2852 Ι.
1485 2803 1562 2875 047.
1585 2785 1912 2880 NeapolitanosPro·

1255 2905 1343 2956 ceres
1379 2878 1422 2952 ad
1453 2882 1565 2982 Regni
1599 2881 1834 2959 defensionem
1867 2903 1920 2978 pet

1254 2984 1380 3055 litteras
1403 2979 1620 3053 cohortatur.
1644 2984 1674 3052 1.
1709 2988 1791 3075 156.
1823 2991 1919 3055 Petu-

1254 3082 1346 3154 niam
1367 3079 1410 3150 ad
1431 3079 1635 3177 stipendium
1657 3083 1842 3155 (3000000000
1860 3080 1917 3151 sul·

1254 3181 1403 3252 vendum
1425 3181 1560 3276 Papiam
1579 3179 1717 3253 inducit
1741 3205 1833 3254 novo
1844 3199 1917 3250 sua·

1253 3297 1440 3378 tagemate.
1462 3281 1491 3348 1.
1523 3303 1603 3371 157.
1634 3283 1805 3354 Duorum
1831 3280 1919 3373 equi·

1254 3399 1329 3451 tum
1362 3378 1625 3475 Hispanorum,
1656 3383 1722 3474 qui
1747 3381 1918 3454 Gallorum

1253 3483 1388 3578 Regem⁴
1402 3495 1581 3576 ceperant,
1593 3480 1859 3553 controversiam
1871 3475 1918 3546 di·

1254 3579 1363 3649 rimie.
1392 3577 1422 3644 l.
1456 3601 1533 3669 070.
1570 3579 1760 3651 Gallorum
1795 3584 1914 3675 Regem

1254 3678 1412 3750 Genuam
1426 3675 1586 3760 adducit,
1599 3696 1707 3772 atque
1724 3676 1805 3751 inde
1815 3678 1846 3747 in
1857 3674 1917 3746 ui-

1252 3776 1405 3948 ΞΞΕΕ
1422 3779 1916 3949 {indulserit

1253 3977 1290 4044 1.
1310 3977 1393 4046 206.
1424 3975 1547 4073 Copias
1578 3973 1614 4045 in
1639 3899 1917 4049 Clislurnoensiunt

1197 4090 1200 4091 ’
1254 4072 1336 4147 fines
1363 4096 1424 4170 pro
1454 4096 1571 4146 eorum
1595 4071 1791 4147 defensione
1824 4071 1917 4145 indu·

1176 4234 1179 4248 .
1253 4174 1321 4250 cit..
1345 4175 1373 4241 1.
1400 4194 1479 4264 007.
1507 4177 1542 4245 Α
1570 4176 1752 4247 Clemente
1783 4171 1915 4248 Pontifi·

1255 4294 1293 4344 ce
1320 4291 1355 4342 et
1377 4275 1514 4342 Caesare
1536 4274 1748 4347 ferramosca
1769 4280 1905 4350 Romam

1256 4390 1416 4443 vocatus.
1443 4373 1471 4441 1.
1505 4393 1583 4465 007.
1621 4377 1719 4445 Cum
1752 4377 1908 4445 Clemente

1255 4478 1355 4544 Pont.
1379 4489 1461 4541 octo
1496 4471 1662 4544 mensium
1688 4471 1830 4544 inducias
1854 4493 1914 4566 pe·

1255 4568 1407 4641 ciscitur.
1433 4574 1463 4639 I.
1489 4569 1569 4642 208.
1592 4578 1656 4644 Per
1671 4573 1797 4644 litteras
1810 4570 1916 4662 iubet,

1254 4693 1297 4740 ne
1319 4669 1480 4741 exercitus
1505 4670 1641 4743 ulterius
1666 4678 1823 4746 Romam
1844 4694 1916 4770 pro·

1255 4768 1445 4868 grediatur.
1468 4774 1497 4840 1.
1519 4791 1602 4861 214.
1630 4776 1787 4850 Romam
1812 4792 1916 4871 perte·

1256 4869 1326 4947 nit.
1355 4873 1385 4942 Ι.
1412 4889 1494 4961 225·
1526 4874 1644 4952 Roma
1673 4871 1827 4977 profugit
1849 4886 1917 5044 ,ἐξ
