4192 5858
490 311 578 426 ιιι
832 320 952 400 ou
995 317 1200 399 nunus
1248 315 1509 397 uastas

443 483 569 584 dictis
605 517 650 582 et
669 475 855 623 legibus
896 474 1216 578 movebantur.
1267 472 1449 573 Carolus
1485 474 1892 578 Germanorum
1847 516 1917 581 ιι

444 626 561 771 ginti
597 662 786 770 quatuor
824 622 961 723 millia
997 616 1283 738 confecerat,
1327 617 1487 760 quibus
1523 618 1775 722 Martinum
1812 635 1922 727 Ro

440 811 626 875 semrom
671 807 715 871 et
765 766 1060 870 Guiliermum
1103 763 1436 904 Frostebergum
1488 760 1783 905 praefecerat,
1819 770 1917 871 Hi

440 953 678 1057 spanorum
715 915 771 1016 ad
805 948 972 1054 septem
1008 911 1179 1031 millia,
1199 945 1243 1008 et
1268 909 1502 1050 Belgarum
1538 910 1765 1052 quinque,
1782 953 1917 1057 prae

437 1097 554 1163 terea
603 1061 804 1202 equitum
857 1094 1026 1218 septem
1079 1054 1271 1170 millia,
1308 1092 1503 1192 quorum
1554 1056 1742 1157 sexcenti
1790 1093 1915 1160 erant

437 1205 674 1347 Hispani,
711 1243 824 1346 quae
875 1237 1029 1339 copiae
1081 1200 1190 1299 dum
1242 1199 1549 1317 conveniunt,
1584 1237 1688 1301 cum
1735 1237 1914 1341 parte,

439 1389 552 1491 quae
588 1351 772 1460 aderat,
809 1345 1083 1446 Fernandum
1120 1355 1381 1481 Gonzagam
1420 1343 1704 1468 antecedere,
1736 1383 1784 1449 et
1817 1357 1916 1458 Res

435 1482 542 1636 vgios
578 1492 685 1593 fines
722 1491 961 1609 invadere,
998 1483 1207 1627 belloque
1243 1486 1442 1586 lacessere
1477 1484 1625 1617 jubet

494 1646 636 1740 XXII.
697 1648 769 1755 Is,
807 1634 948 1775 copiis
986 1630 1212 1744 inductis,
1245 1628 1644 1794 Luxembutgum,
1671 1635 1799 1778 quod
1835 1672 1926 1738 vau

441 1779 534 1882 lido
572 1780 791 1924 praesidio
826 1775 1141 1897 tenebatur,
1127 1814 1176 1876 ιιι
1231 1775 1508 1877 deditionem
1559 1812 1708 1880 tamen
1760 1782 1917 1884 venire

439 1927 622 2089 coegit3
647 1925 852 2068 Lignum
890 1919 1192 2085 expugpavit,
1232 1921 1553 2021 Landresinum
1604 1963 1788 2065 quoque
1840 1966 1915 2028 re

437 2074 592 2210 cepit,
627 2109 670 2171 et
706 2104 809 2171 tunc
845 2067 1132 2170 Sandesirium
1169 2063 1517 2167 munitissimum
1554 2068 1776 2234 oppidum
1822 2071 1911 2174 ob«

436 2213 639 2333 sidebat,
674 2254 779 2314 cum
811 2212 1000 2312 Carolus
1034 2219 1335 2312 Caesareum
1375 2211 1548 2352 reliquo
1604 2213 1798 2315 exercitu
1858 2246 1903 2317 et

439 2355 637 2498 equitatu
686 2358 746 2458 in
776 2396 827 2458 ea
875 2354 973 2455 loca
1009 2353 1245 2496 pervenit,
1281 2353 1553 2484 adjuncta
1541 2394 1588 2451 m
1639 2357 1798 2458 itinere
1849 2357 1905 2461 ad

437 2501 602 2602 Metim
638 2502 840 2602 Lorenae
868 2498 1124 2641 oppidum,
1157 2495 1237 2597 ubi
1273 2495 1361 2598 dics
1398 2495 1570 2637 aliquot
1605 2494 1669 2598 rei
1705 2491 1901 2603 frumen·

436 2645 570 2746 tariae
604 2681 964 2785 commeatusque
999 2681 1126 2743 causa
1160 2675 1455 2742 commoratus
1504 2675 1634 2761 erat,
1670 2632 1910 2786 Hispano

436 2827 538 2890 rum
575 2789 712 2889 trium
746 2789 938 2891 millium
985 2787 1151 2889 delecta
1200 2823 1369 2907 manu,
1406 2823 1545 2950 quam
1579 2796 1744 2891 Vascus
1782 2796 1908 2893 Acu

436 2971 526 3094 gna
563 2970 700 3072 nuper
754 2973 805 3033 ex
841 2932 1057 3073 Hispania
1092 2940 1342 3063 trajecerat.
1399 2930 1561 3031 Castris
1612 2931 1668 3032 ad
1702 2935 1908 3036 Sandesi

436 3078 556 3176 rium
590 3076 822 3238 separatim
858 3077 1023 3176 idoneo
1059 3074 1161 3175 loco
1202 3071 1396 3216 positis,
1436 3072 1611 3216 incepta
1665 3107 1965 3222 oppugna

436 3221 504 3321 tio
559 3259 696 3320 acrius
749 3221 1033 3390 pluribusque
1080 3218 1311 3319 tormentis
1363 3257 1584 3361 urgetur,
1619 3260 1754 3325 noctu
1808 3216 1963 3325 die

435 3405 524 3506 que
558 3363 846 3483 continuata,
884 3372 1006 3497 cujus
1055 3363 1423 3464 administrandae
1476 3367 1620 3507 gratia
1657 3370 1949 3469 Femandus

436 3521 683 3652 Gonzaga,
719 3545 763 3609 et
798 3521 991 3612 Remtus
1028 3507 1230 3650 Princeps
1265 3507 1458 3608 Uraniae
1510 3513 1565 3611 ad
1601 3548 1883 3655 apertoscu

436 3653 778 3814 niculos,1uxta
815 3691 925 3795 quos
964 3688 1085 3756 erant
1120 3688 1343 3754 tormenta
1377 3652 1617 3796 disposita,
1652 3697 1758 3760 cum
1780 3601 1937 3859 pro-pl

437 3796 686 3915 cessissent,
722 3800 931 3900 tormenti
965 3799 1104 3900 telum
1140 3838 1193 3898 ex
1229 3796 1400 3939 oppido
1455 3800 1696 3923 emissum,
1736 3838 1782 3901 et
1831 3801 1924 3900 ιιι-ι

437 3975 502 4040 ter
537 3975 776 4081 utrumque
814 3977 948 4044 terrae
986 3944 1228 4085 impactum
1279 3980 1383 4063 est,
1414 3984 1441 4043 a
1476 3982 1570 4085 quo
1621 3946 1729 4088 lapis
1782 3929 1916 4046 fortol

435 4093 669 4216 rejectus,
705 4085 915 4228 Principis
967 4085 1156 4188 humero
1219 4087 1392 4231 letalem
1481 4089 1573 4233 laga
1557 4131 1628 4191 sm
1691 4049 1906 4192 incussitl

436 4229 595 4344 Huic,
632 4232 742 4331 dum
784 4272 809 4330 a
861 4230 944 4332 suis
995 4233 1042 4333 in
1088 4230 1330 4334 tentorium
1339 4127 1652 4357 delirretur,
1688 4235 1895 4355 Carolusl

438 4372 520 4511 qui
556 4409 673 4473 non
694 4375 828 4516 longe
878 4376 1064 4497 aberat,
1104 4374 1290 4478 obviam
1339 4372 1511 4500 factus,
1546 4313 1747 4484 hunianis
1798 4364 1887 4491 eud

436 4552 481 4614 ct
511 4516 670 4616 amicis
705 4517 848 4618 verbis
882 4522 1141 4624 consolatus
1167 4552 1282 4631 est3
1302 4553 1393 4667 erat
1429 4523 1549 4625 enim
1587 4525 1671 4668 ipsi
1722 4497 1878 4669 propt'l

436 4693 708 4865 perspectam
745 4658 881 4768 fidem
917 4701 976 4768 et
998 4666 1271 4837 singularem
1294 4660 1520 4777 uirtutem
1539 4696 1688 4774 carus.
1793 4784 1795 4787 v
1850 4645 1868 4761 l

1816 4799 1858 4916 ι
