3998 5850
1357 162 1412 179 ’χι

453 395 734 499 “cauom
760 407 819 487 Vt
849 405 1178 497 maenum.
1357 470 1360 474 ,
1427 425 1514 517 499

97 609 245 676 vectus
283 604 347 670 est
378 605 592 709 ‚quern
608 564 741 707 multi
759 619 761 622 >
776 579 999 705 praetereat
1023 574 1209 665 suorum
1249 564 1333 671 viri
1386 566 1554 674 nobiles

95 713 266 860 scaphis
283 712 456 813 'itidem
492 707 708 813 subsecuti
745 742 875 809 sunt.
932 742 947 756 .„

96 936 100 942 -
173 863 386 961 ΧΧΧΙΙ.,
432 844 607 974 Quarto
641 889 740 993 post
782 852 858 953 die
890 848 1184 954 Unehestntm
1220 849 1409 991 pedibus
1444 893 1551 996 pro·
1676 970 1678 973 ,

97 1001 292 1146 greditut
318 1075 333 1117 ,
360 997 484 1140 quod
524 995 760 1136 oppidum
777 994 835 1097 ab
867 999 1048 1096 Antona
1086 994 1322 1126 sexdecim¹
1348 1035 1551 1136 passuum
1652 1127 1655 1134 1

100 1144 237 1248 millia
267 1140 443 1260 distat,
472 1139 691 1282 exiguum
713 1138 941 1281 quidem,
966 1140 1092 1240 'sedes
1127 1175 1274 1240 tamen
1311 1141 1550 1283 Episcopa-
1632 1138 1633 1141 Ὺ

97 1322 206 1402 tus,
244 1282 340 1391 ubi·
358 1283 530 1426 Regina
568 1295 776 1423 sponsum
808 1278 1083 1423 exspectabat
1115 1321 1128 1389 t
1172 1299 1459 1424 receptusque·
1489 1325 1552 1387 est

98 1468 202 1531 cum
257 1428 429 1568 ingenti
475 1424 785 1569 gratulatione.
839 1432 963 1526 Tum
1012 1424 1273 1567 Agamontis
1323 1426 1551 1530 Comitem

99 1570 456 1711 Rodericumque
491 1569 755 1671 Gomezinm
794 1569 848 1668 ad
897 1567 1115 1710 Reginam
1165 1567 1356 1688 mittit,
1395 1570 1475 1710 qui
1509 1571 1552 1671 ei

75 1715 183 1816 suis
222 1710 378 1814 verbis·
419 1712 598 1814 salutem
652 1709 997 1829 renuntiarent,
1043 1747 1086 1812 et
1118 1710 1331 1824 annulum
1372 1738 1552 1815 aureum

98 1855 367 1998 sponsalium
405 1853 578 1955 arrham
609 1849 853 1994 perferrent
887 1893 904 1962 a
941 1853 1118 1993 ipsaque
1153 1853 1325 1994 Regina
1361 1854 1552 1956 vicissim
1662 1953 1666 1960 ,

99 2037 176 2137 pet
214 2036 311 2097 suos
363 1997 545 2096 salutem
594 2031 638 2094 et
672 1994 881 2094 annulum
917 1995 1101 2095 alterum
1161 2033 1321 2136 sponso
1357 1995 1547 2099 remisit.

101 2151 310 2240 Ceterum
346 2174 475 2239 noete
510 2139 764 2277 insequente
796 2135 1025 2279 Philippus
1064 2137 1154 2278 ipse
1192 2177 1328 2278 parvo
1369 2138 1551 2252 comita·

99 2317 151 2380 tu
187 2281 439 2422 Reginam,
459 2316 508 2381 ut
546 2313 806 2380 convenerat
823 2356 837 2398 ,
854 2319 956 2378 eum
991 2281 1138 2420 paucis
1176 2280 1397 2383 seniorum
1424 2292 1550 2383 Con·

98 2420 363 2536 -siliariorum
403 2459 458 2534 ct·
482 2422 727 2522 domesticis
779 2421 989 2523 matronis
1042 2460 1085 2523 et
1122 2422 1366 2564 virginibus
1419 2465 1462 2523 se
1500 2464 1552 2523 o·
1697 2548 1698 2551 q

98 2564 343 2707 perientem
376 2565 578 2706 privatim
615 2565 706 2664 adit
741 2640 759 2683 2
789 2599 832 2662 et
868 2562 1049 2665 obviam
1085 2634 1100 2684 ‚
1136 2569 1208 2664 sed
1260 2565 1373 2664 intra
1425 2567 1549 2666 aedes

43 2828 46 2833 .
100 2745 370 2849 progressam
397 2707 581 2807 salutans
603 2704 850 2806 Britannico
884 2744 1007 2806 more
1038 2706 1250 2806 suaviavit
1269 2745 1283 2813 3
1304 2702 1548 2847 habitoque

99 2850 301 2990 longiore
335 2886 378 2949 er
411 2846 724 2980 jucundissimo
771 2846 996 2988 colloquio
1033 2925 1048 2967 ‚
1078 2845 1302 2990 Philippus
1331 2882 1548 2949 matronas

102 2992 236 3092 etiam
270 3024 313 3089 et
346 2990 504 3131 Regias
541 2990 733 3132 virgines
776 2990 996 3130 sigillatim
1030 2987 1184 3088 salutar
1223 2990 1543 3132 osculaturques

1 3134 15 3165 ⁹
100 3133 283 3233 comites
318 3158 465 3232 autern
484 3133 604 3263 ejus
623 3131 817 3272 Reginae
847 3131 1047 3243 dextram
1080 3132 1280 3273 Hispano
1318 3170 1444 3232 more
1475 3174 1548 3232 ex-

102 3275 371 3375 osculantur.
411 3273 585 3375 Deinde
622 3277 678 3373 ad
703 3282 887 3374 Nonum
912 3275 1208 3375 Kalendarum
1237 3276 1429 3414 Augusti
1465 3314 1545 3415 pa-

40 3506 49 3544 .⁴
101 3417 188 3515 lam
221 3453 263 3517 ct
288 3454 450 3557 magno
476 3416 690 3517 comitatu
719 3416 874 3517 iterum
908 3415 1127 3559 Reginam
1177 3415 1409 3517 salutatum
1440 3455 1548 3556 pro-

101 3558 249 3667 cedit3
288 3559 447 3699 quibus
480 3556 881 3698 colloquentibus,
920 3563 1116 3695 Joannes
1148 3558 1364 3698 ⁴Pigneroa
1398 3559 1549 3660 Caroli

102 3700 291 3802 Caesaris
323 3701 488 3843 legatus
517 3703 667 3820 adest,
704 3700 989 3841 diplomaque
1022 3694 1232 3841 profert,
1278 3740 1371 3841 quo
1411 3714 1548 3802 Caro-
1614 3766 1616 3769 ·

98 3843 167 3942 lus
216 3844 334 3942 idem
366 3842 621 3983 Philippum
668 3841 815 3945 lilium
845 3856 1032 3985 Regem
1054 3842 1399 3984 Neapolitanum
1437 3859 1570 3942 con-v

100 3981 304 4083 stituebat
333 4061 358 4105 ‚.
386 4024 429 4086 et
462 3985 509 4085 in
557 3993 668 4086 eum*
710 4019 968 4126 potestatem
1007 4024 1191 4085 omnem
1232 3986 1381 4128 Regni
1437 3986 1549 4084 illius
1660 4005 1664 4010 '

102 4120 384 4226 transferebat
416 4169 429 4235 3
465 4167 559 4266 quo
616 4128 854 4267 diplomate
891 4129 1071 4229 recitato
1111 4166 1301 4246 omnes,
1337 4125 1417 4267 qui
1469 4126 1550 4226 ad-

20 4374 22 4377 ,
102 4305 220 4370 erant
247 4344 262 4389 ‚
289 4269 434 4409 ipsum
471 4270 586 4371 laeto
624 4271 812 4389 clamore
849 4284 1023 4412 Regem
1054 4271 1401 4410 Neapolitanum
1439 4264 1550 4368 bene

103 4447 321 4650 precantes
356 4411 673 4516 salutaverunt.
707 4425 971 4554 insequente
1008 4413 1115 4531 die,
1136 4412 1215 4553 qui
1251 4413 1358 4513 Divi
1387 4409 1551 4548 Jacobi
1586 4427 1589 4434 ’

125 4588 234 4651 estus
267 4553 520 4695 agebatur,
561 4557 607 4654 in
644 4566 764 4690 eujus
802 4556 934 4656 tutela
966 4555 1194 4694 Hispania·
1221 4591 1284 4654 est
1304 4644 1306 4649 ,
1328 4554 1551 4694 Hispana-

102 4732 199 4834 que
229 4699 348 4798 natio
365 4774 400 4821 „‚
429 4728 492 4799 tes
539 4699 688 4801 diuina
712 4699 992 4842 -nuptiaeque
1030 4728 1055 4797 a
1084 4697 1290 4841 ‚quinque
1325 4695 1551 4838 Episcopis
1629 4832 1632 4840 Ι
1673 4746 1674 4749 ¹

1044 4852 1173 4942 Rrrz
1401 4932 1404 4939 ,
1480 4874 1551 4935 re-
