4102 5864
351 512 354 518 ,
497 458 584 546 344
833 442 943 522 ore
977 439 1182 521 ansus
1214 438 1434 521 easrrs

444 603 613 706 fectum
649 643 734 706 esse
779 596 1219 739 interpretabantur,
1259 584 1394 739 quam
1448 595 1519 696 ille
1571 616 1623 698 'ex
1674 594 1914 740 repudiata

441 750 538 890 lege
574 745 870 904 concepisset,
906 778 993 864 et,
1023 780 1076 839 ne
1112 742 1204 840 talis
1241 780 1367 840 casus
1402 743 1456 840 ad
1493 780 1536 839 se
1572 782 1623 840 ex
1658 740 1746 842 levi
1798 785 1914 845 cau·

440 931 487 992 sa
525 891 762 1006 recideret,
796 886 981 1026 quisque
1018 879 1268 1000 metuebat,
1307 884 1377 981 vel
1413 925 1465 982 ex
1518 924 1573 982 eo
1608 882 1738 1045 ipso,
1775 890 1908 1026 quod

441 1072 545 1133 cum
576 1032 663 1176 legi
700 965 1015 1167 refragantibus
1051 1026 1352 1125 consensisset
1390 1027 1470 1125 Sed
1507 1066 1561 1124 eo
1597 1027 1792 1126 maxime
1830 1032 1905 1130 die

441 1175 577 1273 timor
616 1118 945 1311 oppidanorum
980 1168 1151 1267 animos
1186 1168 1406 1285 incessit,
1441 1206 1546 1266 cum
1581 1165 1708 1268 falsus
1747 1209 1907 1272 rumor

441 1315 753 1433 increbuisset,
769 1348 981 1411 trecentos
1016 1310 1174 1409 milites
1210 1309 1516 1448 scloppetarios
1552 1348 1603 1408 ex
1639 1349 1733 1409 arce
1769 1317 1910 1450 prod·

381 1508 382 1512 ι
443 1458 610 1576 ivisse,
657 1494 707 1556 ut
743 1493 883 1555 certos
918 1454 1030 1553 cives
1062 1527 1077 1571 ‚
1112 1452 1190 1591 qui
1242 1451 1497 1582 rejiciendae
1533 1450 1635 1612 legis
1681 1453 1911 1594 principes

445 1637 491 1698 ct
526 1636 723 1715 auctores
759 1593 969 1713 fuissent,
1005 1590 1457 1731 comprehenderent,
1501 1627 1544 1691 et
1578 1594 1627 1692 in
1662 1633 1814 1696 arcem
1864 1640 1911 1697 a·

445 1741 794 1843 nimadvertendi
845 1776 971 1839 causa
1020 1736 1305 1835 deducerent.
1368 1741 1498 1834 Tunc
1547 1737 1667 1834 enim
1731 1776 1911 1879 magno

442 1878 620 1982 fremitu
671 1919 931 1981 concursum
967 1913 1096 1998 est,
1124 1912 1169 1975 et
1202 1915 1435 2039 campanae
1486 1873 1660 1977 bombo
1710 1881 1914 2019 populus

442 2026 499 2123 ad
534 2063 652 2124 arma
687 2059 899 2141 vocatus,
933 2057 1204 2159 ventumque
1239 2020 1287 2118 in
1321 2056 1425 2117 arcrs
1462 2055 1792 2158 prospectum,
1832 2060 1908 2123 at-

442 2207 531 2306 que
568 2165 736 2266 eminus
771 2162 1057 2264 tumultuario
1110 2162 1271 2302 praelio
1314 2160 1541 2260 tormentis
1579 2198 1622 2259 et
1656 2162 1903 2303 scloppetis

444 2309 732 2408 dimicatum.
774 2309 911 2426 Quod
946 2343 1047 2406 cum
1083 2303 1234 2421 fieret,
1268 2343 1318 2402 ac
1355 2302 1542 2441 Hispani
1578 2345 1630 2402 ex
1665 2343 1761 2404 arce
1805 2347 1907 2408 ma-

445 2488 532 2609 gna
566 2487 675 2548 voce
710 2455 942 2582 Hispaniam
977 2481 1021 2545 et
1049 2454 1258 2583 Imperium
1298 2444 1616 2546 conclamarent
1652 2450 1910 2600 ,oppida

443 2629 492 2688 nr
528 2631 707 2752 quoque
743 2595 973 2728 Hispaniam
1009 2624 1054 2687 et
1090 2597 1289 2720 Imperium
1324 2521 1720 2727 ingeminabant,
1729 2625 1782 2688 ut
1826 2595 1903 2692 do

443 2749 623 2850 terent,
657 2772 700 2832 se
737 2771 829 2830 non
864 2772 889 2831 a
924 2730 1087 2830 Carolo
1122 2740 1385 2870 Imperatore
1422 2764 1467 2827 et
1500 2729 1745 2868 Hispaniae
1786 2772 1904 2832 suo

442 2914 530 3013 que
565 2887 687 3014 Rege
723 2869 958 2981 defecisse,
994 2874 1068 2972 sed
1103 2911 1203 2972 suae
1238 2869 1431 2972 libertati
1467 2905 1511 2972 et
1546 2871 1672 2973 saluti
1732 2913 1908 2978 consu

444 3017 568 3135 lere,
606 3017 847 3154 Protegis
834 3017 996 3145 injuriis
1032 3014 1353 3154 propulsandis.

517 3167 659 3256 LXV.
734 3167 837 3255 Hoc
883 3196 986 3255 cum
1037 3158 1126 3255 dies
1173 3157 1351 3317 aliquot
1401 3156 1671 3258 continenter
1730 3154 1911 3262 factum

444 3333 580 3415 esset,
616 3299 797 3436 quidam
832 3339 883 3398 ex
919 3281 1085 3398 civibus
1123 3300 1371 3436 prrmariis‚
1366 3299 1567 3460 ‘quibus
1604 3311 1751 3400 Petrus
1792 3309 1907 3402 To-

445 3440 597 3541 letus
585 3477 675 3579 rpse
718 3437 961 3540 familiarius
1011 3439 1245 3560 utebatur,
1281 3482 1305 3540 a
1340 3441 1513 3540 civitate
1563 3443 1716 3559 missi,
1752 3441 1907 3545 indu-

445 3582 533 3680 cias
568 3581 624 3681 ab
661 3583 862 3682 eodem
852 3617 1226 3722 tmpetraverunt,
1263 3585 1370 3682 dum
1408 3583 1542 3683 missis
1578 3585 1789 3723 utrinque
1845 3591 1908 3689 ad

445 3725 655 3823 Carolum
690 3736 917 3825 Caesarem
970 3724 1155 3863 legatis,
1190 3724 1245 3821 de
1290 3725 1512 3824 voluntate
1564 3724 1737 3863 ipsius,
1774 3767 1912 3830 causa

445 3866 653 4026 cognita
659 3902 702 3964 et
750 3905 793 3968 re
842 3864 1107 3984 deliberata,
1144 3902 1508 4005 cognosceretur,
1549 3906 1574 3964 a
1610 3906 1697 4005 qua
1733 3871 1912 3971 volun·

447 4041 535 4107 tate
571 4007 739 4105 civitati
774 4044 939 4106 certum
975 4047 1062 4106 esse
1115 4044 1206 4105 non
1241 4008 1482 4106 discedere.
1542 4017 1692 4147 Itaque
1729 4047 1756 4105 a
1798 4019 1914 4111 Pro-

444 4185 550 4288 rege
585 4148 720 4249 Vallis
756 4148 1002 4264 Marchio,
1036 4148 1174 4264 arcis,
1213 4187 1321 4286 quae
1355 4154 1554 4248 Castellum
1594 4189 1730 4250 novum
1787 4152 1913 4252 dici-

448 4323 549 4408 tur,
588 4287 853 4430 praefectus,
890 4291 947 4390 ad
973 4290 1199 4390 Carolum
1234 4292 1397 4428 legatus
1447 4291 1678 4390 mittitur
1669 4356 1680 4397 ι
1715 4328 1739 4387 a
1780 4301 1915 4393 Nea

449 4431 652 4568 politanis
689 4435 816 4550 du0,
850 4431 1045 4531 Placidus
1080 4430 1278 4548 Sandus,
1312 4468 1354 4531 et
1390 4433 1466 4571 qui
1504 4433 1744 4570 principem
1786 4434 1914 4576 lega·

366 4676 368 4678 v
447 4572 583 4668 tronis
635 4573 781 4672 locum
830 4508 1307 4689 tenebat,Fernandi1s
1360 4574 1652 4673 Sanseverinus
1696 4573 1913 4735 Princeps

451 4711 638 4812 Salerni
696 4722 738 4813 A
775 4715 933 4853 quibus
983 4752 1156 4816 causam
1205 4715 1383 4812 edoctus
1418 4715 1632 4833 Carolus,
1677 4749 1719 4813 et
1755 4720 1913 4854 preci

1819 4857 1905 4959 bus
2045 4869 2047 4912 ³
