4124 5880
474 406 559 495 106.
855 406 941 488 DE
964 404 1164 485 REBUS
1211 401 1430 483 GESTIS

430 576 592 681 tissime
628 565 833 685 tractati,
868 601 973 663 curn
1008 561 1203 663 triduum
1239 557 1306 660 ibi'
1340 552 1659 690 jucundissime
1691 580 1901 666 consum-

433 724 618 838 sissent,
654 713 768 817 Galli
803 709 859 811 ad
891 722 1069 849 Regem
1106 738 1426 825 revertuntur,
1462 705 1648 807 Carolus
1682 745 1787 807 curn
1814 749 1902 810 so·-

433 905 528 968 rore
563 858 775 965 Bruxellas
811 853 1064 957 contendit.
1208 868 1211 874 ’
1289 869 1290 873 ‘
1767 861 1769 867 ’

448 1078 450 1080 -
504 1018 583 1110 ΧΙ.·
657 1013 762 1104 Hoc
805 1002 854 1102 in
896 1000 1052 1100 itinere
1095 996 1277 1099 Carolus
1325 992 1497 1096 obvios
1526 991 1684 1096 habuit
1731 997 1899 1142 legatos

433 1143 846 1254 aGandavensibus
890 1143 957 1244 sui
999 1141 1216 1286 purgandi
1251 1179 1379 1241 causa
1423 1137 1622 1260 missos,
1659 1181 1771 1282 quos
1814 1185 1901 1288 pa-

318 1346 320 1349 ·
433 1334 534 1399 rum
568 1295 724 1395 leniter
760 1324 992 1429 acceptos,
1028 1289 1217 1386 domurn
1254 1285 1431 1405 redire,
1467 1322 1600 1427 atque
1636 1284 1703 1388 ibi
1738 1329 1782 1389 se
1819 1294 1900 1392 exss·

435 1476 629 1582 spectare
673 1437 819 1569 jussit.
865 1431 1071 1534 Bruxellis
1113 1466 1205 1532 tam
1242 1430 1316 1531 diu
1360 1465 1663 1533 commoratus
1706 1467 1768 1533 est
1803 1448 1899 1538 Ca-

433 1585 553 1686 rolus
588 1661 603 1704 ,
640 1584 782 1682 donec
824 1583 1142 1680 Germanorum
1190 1577 1247 1676 ad
1296 1610 1488 1716 quatuor
1540 1575 1680 1677 millia
1729 1579 1900 1684 delecta

436 1769 588 1830 manus
622 1724 951 1841 convenissent,
988 1719 1149 1864 quibus
1186 1717 1576 1840 antecedentibus,
1613 1757 1658 1821 et
1694 1722 1817 1826 mille
1853 1768 1899 1830 e-

436 1868 632 2012 quitibus
668 1865 952 2010 cataphractis
970 1942 985 1992 ,
1006 1867 1085 2007 qui
1121 1864 1343 1993 flandriae
1369 1865 1736 2009 Burgundiaeque
1773 1909 1899 2010 prae-

436 2016 549 2115 sidio
594 2052 760 2132 erant,
802 2008 1203 2152 subsequentibus,
1241 2011 1504 2112 Gandavum
1549 2011 1690 2153 pridie
1732 2015 1898 2119 Iduum

433 2156 653 2260 Februarii
688 2157 967 2301 ingreditur,
1002 2153 1361 2257 Gandavensibus
1397 2197 1449 2256 ex
1485 2194 1645 2275 more,
1682 2158 1756 2257 sed
1792 2198 1898 2263 cum

435 2302 639 2445 supplicis
674 2303 812 2404 animi
846 2341 939 2401 non
975 2300 1187 2402 mediocri
1219 2297 1545 2443 significatione¹
1579 2297 1764 2401 obviam
1800 2343 1897 2444 pro

435 2447 634 2588 gressis,
677 2446 758 2587 qui
802 2484 1018 2591 magnum
1064 2482 1307 2588 egenorum
1344 2482 1583 2585 puerorum
1629 2484 1896 2567 numerum,
1924 2564 1933 2590 s

434 2631 547 2733 quos
593 2590 764 2731 publice
805 2587 977 2691 alebant
1013 2663 1029 2715 ,
1068 2591 1135 2699 ad.
1161 2625 1332 2732 portam
1369 2589 1716 2728 disposuerant,
1752 2598 1803 2691 ut
1846 2589 1895 2692 hi

320 2737 321 2746 ‘
432 2735 667 2839 miserabili
729 2735 920 2838 clamore
980 2735 1285 2878 praetereuntis
1344 2732 1494 2836 Caroli
1550 2732 1894 2837 misericordiam

432 2878 719 3021 implorarent
738 2954 750 2981 .

502 3033 597 3124 XII.
670 3023 972 3126 Gandavenses
1009 3019 1141 3124 initio
1177 3019 1432 3124 defectionis
1467 3018 1597 3124 annis
1632 3063 1676 3124 se
1710 3021 1895 3126 urbem·

433 3205 521 3307 que
558 3203 711 3284 suam,
733 3202 809 3287 et,
830 3205 966 3308 quam
1000 3166 1257 3300 jactabant,
1281 3165 1528 3291 libertatem
1563 3169 1766 3270 adversus
1801 3177 1896 3270 Ma·

431 3310 527 3410 riae
556 3308 797 3450 Carolique
842 3311 956 3412 vires
992 3305 1225 3413 defendere
1273 3352 1378 3413 cum
1412 3313 1699 3434 statuissent,
1734 3309 1894 3414 urbem

430 3452 515 3552 alta
550 3446 664 3553 fossa
700 3451 1021 3596 aggeribusque
1056 3456 1311 3577 cinxerant,
1347 3492 1391 3558 et
1425 3491 1607 3580 cetera,
1644 3497 1759 3598 quae
1793 3458 1894 3559 usui

429 3591 576 3695 forent
608 3674 624 3716 ,
659 3634 1015 3740 comparaverant
1049 3676 1065 3719 ,
1102 3601 1343 3743 omniaque
1388 3600 1572 3743 publico
1617 3601 1802 3703 consilio
1850 3636 1896 3702 et

430 3737 637 3840 omnium
688 3735 783 3843 fere
835 3739 1187 3885 conspirantibus
1247 3744 1402 3845 animis
1452 3743 1890 3848 administrabantur.

429 3892 639 3982 Ceterum
682 3886 911 4026 populares
947 3887 1173 4027 quidam,
1210 3888 1451 4029 cupiditate
1487 3925 1532 3989 er
1566 3889 1631 3988 rei
1665 3885 1895 3991 familiaris

426 4023 581 4168 inopia
625 4026 778 4128 stultos
829 4030 1000 4130 animos
1045 4030 1329 4174 instigante,
1364 4041 1519 4163 jactare
1555 4069 1787 4174 coeperant
1821 4028 1893 4134 fe·

424 4173 603 4271 rendam
637 4210 724 4274 esse
758 4172 904 4315 legem
945 4176 1187 4316 quamdam
1222 4177 1279 4276 ad
1315 4174 1542 4279 bonorum
1576 4179 1894 4321 aequationem

424 4313 752 4556 pertinentem
786 4317 847 4443 in
883 4357 1021 4461 quam
1063 4318 1320 4424 sententiam
1364 4361 1469 4423 cum
1513 4360 1755 4465 egenorum
1792 4359 1893 4424 tur·

456 4493 529 4554 am
562 4453 666 4558 ferri
700 4462 984 4603 praecipitem
1021 4462 1328 4602 locupletiores
1363 4468 1785 4581 animadverterent,
1821 4463 1893 4568 fa·

420 4634 542 4699 ctum
577 4636 682 4720 est,
718 4639 770 4703 ut
804 4608 947 4708 studia
982 4606 1170 4706 civitatis
1211 4607 1261 4706 in
1297 4609 1403 4706 duas
1447 4644 1588 4747 partes
1631 4607 1889 4712 scinderen-

419 4777 522 4865 tur,
557 4744 766 4851 divitibus
803 4749 947 4892 legem·
980 4748 1067 4852 sibi
1109 4749 1402 4894 perniciosam
1449 4748 1803 4876 detestantibus,
1840 4774 1887 4855 et

1823 4901 1885 5000 ad
