3998 5850
135 350 161 433 f
470 421 718 508 canoas
760 423 814 504 v.
856 410 982 506 arn
1006 410 1211 508 x'xvtr.
1435 400 1526 529 437

162 564 325 681 XLVI.
399 573 486 677 His
523 578 646 679 malis
670 577 718 678 in
751 575 842 679 dies
868 577 1227 722 augescentibus,
1247 564 1433 688 Carolus
1452 587 1567 731 ,qui

62 718 150 824 ''de
187 719 316 824 rebus
354 718 561 831 omnibus
597 720 757 824 certior
799 722 1007 864 quotidie
1043 723 1219 847 fiebat,
1252 765 1296 830 ct
1339 731 1567 862 Albanus,

91 904 373 1012 quamquam
410 904 457 993 te
491 861 650 969 infecta
686 866 910 968 discedere
947 866 1083 970 instat
1120 872 1273 973 mortis
1310 874 1563 1001 videbatur,

92 1017 244 1113 tamen
285 1010 528 1113 necessitati
574 1051 631 1123 ac
666 1003 872 1154 tempori
903 1014 1151 1116 cedendum
1194 1057 1281 1120 esse
1321 1020 1563 1152 constitue-

90 1191 192 1258 runt
203 1234 220 1278 ,
260 1197 315 1258 ne
355 1195 458 1295 non
484 1194 588 1258 curn
626 1155 804 1291 Gallis,
837 1156 912 1256 sed
948 1196 1053 1258 cunt
1088 1153 1330 1302 frigoribus
1365 1199 1408 1262 et
1442 1165 1566 1266 nivi-

11 1377 15 1383 ·
91 1297 203 1421 bus,
241 1300 299 1404 ad
339 1339 560 1402 summam
597 1339 702 1406 cum
738 1300 832 1440 ipsa
865 1333 1020 1402 natura
1057 1300 1223 1405 bellum
1259 1343 1409 1447 gerere
1435 1308 1564 1409 vide*

91 1482 266 1548 rentur.
313 1456 466 1588 Itaque
503 1445 709 1548 Kalendis
756 1444 980 1583 Januari'is
1018 1444 1198 1549 ineunte
1241 1487 1361 1550 anno
1394 1449 1564 1552 Christi

93 1589 332 1695 millesimo
385 1588 749 1733 quingentesimo
808 1588 1182 1732 quinquagesimo
1237 1592 1371 1731 tertio
1427 1630 1563 1699 castra
1593 1615 1829 1697 Ammaous·

93 1734 267 1836 moveti
303 1743 460 1864 jussa,
497 1771 600 1834 cum
634 1803 637 1809 =
647 1742 739 1866 jam
782 1728 1023 1834 hominurn
1059 1774 1193 1876 supra
1228 1736 1392 1877 viginti
1434 1738 1566 1880 quin·

91 1919 181 2022 que
218 1878 359 1980 millia
395 1873 557 1979 morbo
583 1910 629 1976 et
667 1876 878 2017 temporis
911 1876 1212 1979 incommodis
1248 1878 1459 1982 interiisse
1490 1883 1565 1986 ini·

95 2057 142 2123 ta
177 2021 347 2122 tatione
404 2055 688 2160 compertum
732 2051 865 2117 esset.
919 2024 1042 2118 Nam
1089 2016 1242 2121 hostili
1288 2017 1402 2125 ferro
1450 2024 1565 2127 levi-

93 2162 265 2307 busque
303 2163 473 2308 praeliis
489 2234 509 2282 κ,
549 2202 662 2304 quae
698 2160 829 2261 initio
867 2157 1111 2262 obsidionis
1148 2162 1282 2266 Gallis
1327 2198 1564 2307 erumpen-

93 2309 211 2411 tibus
247 2303 361 2421 facta
396 2302 607 2425 luerunt,
650 2295 726 2443 vix
762 2302 1076 2452 quadringenti
1109 2341 1360 2412 nostrorum
1395 2312 1565 2421 deside-¹

91 2452 180 2553 rati
217 2448 419 2555 fuerant.
810 2547 812 2552 ,
1198 2452 1203 2457 ’
1351 2447 1352 2450 i
1482 2492 1515 2539 ’-

114 2693 118 2704 ,
166 2604 381 2699 XLV-H.-
423 2598 531 2732 Jam
562 2619 676 2698 'vero
719 2594 902 2699 morbus
946 2632 991 2700 et
1032 2593 1172 2742 frigus
1213 2640 1266 2700 ex
1311 2598 1438 2700 omni
1479 2599 1566 2700 nu'-
1683 2726 1685 2729 Ι
1819 2589 1821 2591 μ

93 2761 218 2843 ‘meto
243 2740 388 2841 minus
423 2740 544 2842 mille
579 2740 749 2842 Italicos
777 2740 970 2881 reliqutss
1005 2736 1112 2842 fecit
1144 2782 1157 2849 3
1200 2742 1280 2884 qui
1308 2743 1412 2842 deni
1452 2741 1565 2841 duo·

94 2885 286 3026 denique
336 2884 428 2984 sine
480 2883 651 2985 ordine¹
689 2919 734 2984 et
785 2883 976 3025 imperio
1025 2885 1212 2985 domum
1262 2918 1600 2994 reverteruntr

95 3027 400 3168 Hispanorum
439 3049 534 3167 pars
557 3025 706 3127 tertia
744 3060 1010 3146 consumta,
1048 3060 1091 3126 et
1126 3028 1174 3127 in
1209 3022 1278 3126 his
1315 3027 1569 3128 Ludovicus

94 3169 327 3286 Tolerus,
364 3181 530 3310 Gaspat
569 3169 866 3313 Quignonius
902 3169 1094 3273 Comitis
1130 3179 1282 3270 Lunae
1317 3165 1485 3289 frater,
1520 3203 1566 3270 et

94 3314 308 3415 Emanuel
344 3313 532 3416 Ponzius
562 3321 655 3415 Leo
690 3312 857 3413 Baileni
893 3323 1089 3415 Comes.
1127 3320 1373 3415 Tormenta
1409 3311 1567 3414 bellica

94 3464 444 3591 jumentorum,
481 3497 593 3598 quae
623 3455 901 3599 'agminatim
945 3455 1242 3576 interierant,
1280 3454 1475 3595 inopia,
1520 3490 1565 3557 et

95 3603 222 3740 quod
257 3602 414 3703 itinera
447 3601 543 3702 luto
579 3636 703 3701 etant
730 3598 1092 3742 impeditissima,
1112 3603 1161 3702 in
1185 3599 1403 3701 naviculas
1422 3599 1564 3740 impo

95 3743 222 3863 sita,
256 3780 301 3845 et
336 3744 525 3879 Mosella
563 3745 799 3887 primum,
831 3745 989 3846 deinde
1026 3744 1190 3884 Rbeno
1236 3742 1436 3844 secundis
1478 3741 1564 3843 flu-

97 3884 294 3995 minibus
339 3888 386 3989 in
430 3888 673 3992 Flandriam
709 3889 925 3996 invectas
964 3887 1123 3991 milites
1168 3920 1326 3990 autem·
1357 3883 1565 3988 Germani
1686 3898 1688 3902 ⁴

98 4029 261 4172 partim
303 4032 491 4134 domum
528 4031 733 4153 dimissi,
773 4032 938 4175 partim
989 4032 1270 4133 Teunvillam
1327 4022 1564 4131 Treviros·-

97 4211 188 4314 que
217 4245 219 4248 .
245 4210 289 4274 et
331 4176 410 4276 alia
451 4211 705 4319 opportuna
745 4178 924 4318 'oppida
969 4174 1018 4278 in
1059 4176 1322 4318 praesidium
1358 4170 1562 4282 deductis

91 4317 289 4458 Hispani
331 4322 401 4418 ›in-
438 4322 672 4422 Ecclesiam
720 4322 972 4463 oppidum,
1013 4355 1057 4419 et
1107 4332 1394 4422 Cametacum
1454 4316 1563 4418 item

97 4461 302 4600 praesidii
346 4459 740 4606 ¹hybernorumque
776 4503 902 4564 causa
938 4463 1156 4566 discedere
1179 4457 1325 4595 jussi.
1379 4457 1562 4596 Carolus

96 4603 191 4747 ipse
226 4644 277 4707 ex
292 4608 545 4715 :Teumilla
580 4649 658 4753 per
692 4606 1051 4754 Lucernburgum
1086 4606 1298 4711 Bruxellas
1333 4605 1446 4709 circa
1480 4615 1559 4704 Fe·-

160 4828 162 4831 ,
1424 4748 1560 4852 brua-
