4192 5858
521 372 1002 460 canonum.
1041 378 1212 458 xxrv
1472 391 1548 478 301

133 571 267 653 rum,
308 571 390 695 qur
372 527 592 673 pabulo
629 567 885 651 caruerant,
922 529 1065 632 inedia
1102 526 1266 632 facturn
1303 571 1397 659 est,
1431 577 1485 638 ne
1521 537 1596 642 fu·
1709 578 1716 593 ι

134 680 305 821 gientes
342 677 673 817 insequeretur,
711 716 825 816 quae
861 711 1009 776 tamen
1061 669 1337 779 difficultates
1371 721 1464 783 non
1513 688 1598 789 ob-

132 823 371 941 stitissent,
410 820 653 963 quominus
687 820 868 949 Carolus
921 854 1054 920 castra
1103 819 1246 920 castris
1283 823 1600 948 insectaretu13

130 969 211 1068 sed
247 967 358 1067 tatio
396 999 727 1066 commeatuum
765 963 811 1062 in
849 1004 898 1062 ea
935 963 1031 1063 loca
1067 1001 1290 1125 penetrate
1327 1007 1420 1068 non
1457 973 1599 1108 patie-

134 1110 303 1230 batur,
337 1148 450 1249 quae
487 1109 695 1211 exercitus
732 1104 900 1206 hostilis
937 1108 1169 1246 superroris
1206 1111 1415 1250 temporis
1452 1114 1599 1215 vicini-

132 1287 223 1352 tate
248 1186 467 1355 eihausta
502 1288 652 1372 etant,
688 1288 731 1353 et
766 1250 870 1354 inde
906 1288 1117 1370 remota,
1152 1252 1267 1350 unde
1303 1253 1468 1359 cibaria
1512 1298 1600 1360 uo-

131 1396 226 1496 stris
262 1393 637 1539 suggerebantur.

205 1550 404 1641 XLVIII
478 1541 731 1642 Exercitum
767 1525 942 1683 igitur,
980 1577 1082 1640 cum
1124 1539 1565 1682 advesperasceret,
1552 1585 1600 1645 m

131 1718 271 1783 castra
319 1683 524 1803 reduxit,
564 1681 792 1846 biduoque
844 1722 1181 1803 commoratus,
1215 1681 1359 1786 hostes
1394 1685 1597 1847 biparti-

135 1862 206 1924 tos
261 1827 492 1929 discessisse
540 1829 796 1969 cognovit,
829 1864 872 1927 ct
924 1828 1083 1928 milites
1135 1760 1404 1968 qiridem
1367 1831 1600 1935 civitatum
1733 1935 1738 1962 ι

129 1969 313 2070 Ulmam
373 2006 417 2070 et
450 1976 700 2113 Augustam
755 2008 899 2072 versus
953 1972 1247 2135 contendere,
1280 1976 1597 2114 Lantgtavium

129 2151 284 2214 autem
321 2150 365 2214 et
400 2116 609 2217 Saxoniae
643 2128 816 2217 Ducem
853 2152 958 2214 cum
994 2116 1078 2215 suis
1113 2114 1162 2214 in
1192 2117 1526 2217 Franconiam
1515 2157 1598 2220 tter

135 2256 374 2365 direxisses
412 2298 523 2397 quae
559 2258 722 2399 regio,
758 2258 794 2359 si
830 2255 887 2359 ab
923 2254 1122 2359 hostibus
1158 2252 1305 2358 fixisset
1355 2298 1594 2403 occupata,

129 2438 340 2541 magnam
377 2400 436 2519 eis
490 2402 547 2500 ad
600 2401 766 2503 bellurn
822 2402 1065 2542 gerendum
1116 2399 1367 2505 facultatem
1416 2443 1597 2546 propter

130 2581 278 2645 rerum
314 2543 522 2645 omnium
558 2544 735 2684 copiam
772 2541 1019 2682 praebimra
1055 2539 1334 2646 videbatur·
1325 2611 1337 2653 s
1382 2550 1507 2687 quod
1542 2589 1600 2649 ne
1714 2663 1717 2668 ,

128 2687 382 2808 accideret,
416 2688 597 2788 Carolus
635 2684 720 2788 sibi
756 2682 882 2786 rebus
919 2685 1126 2788 omnibus
1162 2690 1416 2788 conandum
1439 2727 1507 2810 e,t
1543 2689 1600 2790 ab

128 2869 179 2930 ea
218 2867 341 2972 parte
377 2829 578 2933 hostibus
628 2831 948 2931 occurrendum
984 2871 1072 2931 esse
1108 2830 1360 2951 statuebat,
1393 2833 1474 2972 qui
1528 2872 1602 2974 per

120 2974 540 3136 Rotembutgum
529 3010 608 3075 rtet
645 2970 803 3075 facturi
841 3014 928 3074 esse
981 2971 1273 3075 videbantur.
1324 2976 1477 3075 Huc
1465 2975 1600 3120 igitur

116 3155 393 3280 properans,
426 3116 539 3219 binis
575 3117 720 3217 castris
744 3116 977 3281 Bolingam
1016 3157 1200 3259 parvum
1237 3118 1460 3219 castellum
1494 3158 1633 3261 pro.

120 3262 289 3380 cessit,
334 3263 470 3403 idque
507 3298 549 3364 et
585 3261 711 3360 Notl
701 3300 855 3423 rugam
891 3262 1088 3363 vicinum
1123 3261 1344 3402 oppidum
1381 3301 1471 3402 per
1512 3303 1598 3363 vo-

114 3401 367 3505 luntariam
404 3403 677 3507 deditionem
714 3405 909 3546 recepit3
943 3405 1207 3546 praesidium
1252 3439 1397 3504 autem
1448 3405 1596 3505 octin-

110 3586 417 3708 gentotum
427 3548 625 3648 militum
660 3547 909 3709 Norlingae
965 3544 1022 3647 ab
1059 3546 1317 3649 hostibus
1305 3548 1593 3687 impositum,

103 3728 176 3794 m
216 3730 429 3854 magnam
466 3728 510 3791 et
544 3729 841 3830 pertnunrtam
877 3730 1019 3792 arcem
1060 3691 1109 3790 in
1146 3691 1398 3832 propinquo
1435 3692 1596 3854 sitam,

105 3874 246 3974 quae
300 3835 486 3937 totidem
539 3836 732 3937 militum
784 3835 999 3978 praesidio
1051 3831 1314 3956 tenebatur,
1351 3836 1585 3936 concessit.

102 3978 216 4080 sed
261 3974 367 4078 haec
403 4019 586 4120 quoque
622 4021 740 4100 arx,
776 4018 911 4079 mrsso
964 4021 1069 4081 cum
1118 3979 1259 4079 milite
1293 3979 1472 4080 Comite
1506 3990 1597 4077 Bu-

100 4120 283 4240 lensi,
321 4123 593 4224 deditionem
628 4119 769 4243 fecit,
803 4124 1020 4264 permissis
1056 4122 1307 4241 militibus,
1337 4161 1430 4261 quo
1468 4116 1596 4223 ferret

103 4265 304 4366 animus
357 4267 612 4376 discederes
659 4269 735 4367 scd
786 4267 952 4367 traditis
989 4306 1178 4407 quatuor
1227 4198 1569 4365 militaribus
1539 4303 1594 4366 st-

109 4408 262 4550 gnis,
303 4448 419 4550 quae
453 4424 617 4512 Comes
653 4413 707 4511 ad
745 4410 956 4511 Carolum
993 4409 1256 4549 reportavit

199 4561 360 4654 XLIX.
440 4563 548 4691 Jam
598 4591 768 4695 tempus
823 4553 931 4654 anni
982 4587 1069 4655 etat
1120 4546 1483 4654 difficillimum:
1473 4550 1597 4653 ·nix

105 4694 329 4838 geluque
378 4701 549 4806 omnia
581 4697 904 4844 repleverat5
893 4695 1049 4801 itinera
1101 4734 1222 4866 erant
1257 4696 1354 4798 luto
1408 4732 1450 4799 et
1483 4736 1599 4904 aqua
