4102 5864
507 469 596 562 404
888 461 976 543 DE
1023 460 1228 543 REBUs
1277 457 1501 545 GESTIS

466 661 549 764 qur
533 615 655 722 fuit
674 614 841 719 Christi
859 616 1114 720 millesimus
1138 618 1529 784 quingentesimus
1546 617 1944 765 quinquagesimus

467 768 679 870 secundus
694 804 867 907 ,quem
888 766 943 865 ad
965 764 1085 864 diem
1106 765 1316 906 Episcopi
1343 766 1580 866 convenite
1608 766 1817 929 undique
1843 808 1939 873 coe-

468 948 655 1056 perunt,
678 913 915 1052 aderatque
935 910 1167 1011 Marcellus
1187 910 1441 1012 Creccntius
1460 909 1674 1013 Ecclesiae
1709 923 1940 1018 Romanae

468 1057 697 1194 Presbyter
734 1054 979 1158 Cardinalis
1000 1056 1054 1155 de
1080 1055 1219 1157 latere
1239 1062 1448 1198 Legatos,
1469 1094 1513 1157 et
1552 1054 1828 1160 Sebastianus
1867 1061 1944 1160 Pi-

470 1200 629 1347 ghinus
669 1200 1035 1344 Archiepiscopus
1071 1199 1365 1343 Sipontinus,
1382 1201 1679 1345 Aloysiusque
1714 1213 1942 1347 Lypoma·

467 1387 548 1450 nus
584 1347 824 1489 Episcopus
861 1344 1155 1467 Veronensis,
1182 1349 1427 1448 Nuntiatum
1462 1347 1648 1448 nomine
1684 1346 1743 1451 ab
1779 1353 1944 1455 eodetn

373 1568 375 1571 -
468 1494 599 1658 Julio
634 1491 890 1612 Pontificc,
926 1528 977 1594 ut
1013 1531 1094 1634 pto
1142 1533 1187 1592 se
1222 1492 1432 1594 Concilio
1471 1527 1743 1633 praeessent,
1785 1496 1937 1599 missi.

469 1636 599 1739 Sed
588 1636 702 1739 rnito
739 1570 948 1740 Concilio
986 1638 1129 1779 prima
1165 1636 1353 1737 sessione
1389 1633 1504 1737 nihil
1538 1637 1655 1739 aliud
1692 1674 1756 1740 cst
1775 1677 1944 1762 actum,

472 1822 612 1947 quam
646 1780 697 1884 ut
732 1781 987 1885 secundam
1023 1782 1238 1882 Kalendas
1272 1778 1539 1946 Septembris
1576 1781 1864 1917 rejiceretur,
1894 1820 1943 1886 ut

474 1967 668 2071 spattum
710 1927 1037 2047 intercederet,
1077 1966 1169 2069 quo
1207 1927 1342 2027 ceteri
1382 1926 1592 2070 Episcopi
1635 1929 1941 2072 pervenirent,

472 2072 724 2225 praesertim
761 2115 813 2175 ex
849 2070 1126 2197 Germania,
1164 2081 1288 2235 cujus
1325 2072 1609 2236 potissimum
1645 2112 1773 2176 causa
1817 2089 1938 2179 Con

471 2217 626 2320 cilium
664 2253 771 2320 esset
808 2254 1143 2326 convocatumt
1180 2216 1292 2357 quin
1330 2215 1464 2318 etiam
1500 2218 1687 2319 secunda
1724 2219 1941 2338 sessione,

419 2476 421 2479 ¹
473 2403 577 2463 cum
613 2373 704 2497 jam
738 2362 1036 2505 Moguntinus
1094 2397 1137 2462 et
1183 2363 1466 2464 Treverensis
1513 2350 1851 2505 Archiepiscopi
1892 2404 1940 2463 ex

474 2545 629 2610 eorum
667 2547 895 2627 numero,
933 2543 1127 2646 quotum
1173 2503 1377 2649 suffragio
1420 2517 1659 2649 Imperator
1709 2506 1940 2650 deligitur,

473 2654 780 2756 convenissent
763 2654 821 2820 Η(
832 2650 1109 2756 Coloniensis
1145 2652 1264 2754 enim
1294 2651 1498 2752 nondum
1513 2655 1840 2813 pervenerat)·‚
1859 2685 1938 2750 ter·

474 2798 537 2900 tia
572 2799 703 2901 sessio
762 2798 1031 2939 initiumque
1082 2794 1398 2898 deliberandi
1385 2834 1435 2895 ιιι
1480 2795 1602 2896 diem
1638 2791 1694 2894 ab
1731 2836 1789 2895 eo
1831 2834 1937 2938 qua·

477 2944 811 3085 dragesimum,
826 2945 874 3044 id
901 2979 993 3062 est,
1013 2943 1070 3044 ad
1096 2940 1218 3046 diem
1242 2939 1421 3106 tertium
1455 2940 1556 3042 Idus
1591 2937 1805 3045 Octobris
1840 2979 1935 3084 pro-

474 3124 684 3230 rogatur.

545 3234 708 3336 XCIV
780 3243 831 3334 In
873 3232 974 3336 hac
997 3231 1127 3336 tertia
1170 3229 1397 3356 sessione,
1435 3187 1730 3352 Lutheranis,
1773 3227 1856 3375 qui
1898 3268 1933 3330 se

474 3379 742 3479 Protestaates
778 3381 927 3480 vocari
963 3379 1201 3501 volebant,
1240 3377 1485 3524 petentibus
1522 3382 1621 3480 data
1658 3411 1721 3477 est
1758 3417 1785 3477 a
1819 3388 1934 3478 Con·

476 3522 581 3623 cilio
618 3521 726 3624 fides
764 3522 972 3666 publica,
1014 3565 1088 3626 eos
1125 3526 1215 3626 sine
1250 3524 1448 3665 periculo
1484 3524 1755 3626 Tridentum
1792 3554 1934 3625 ventu·

475 3704 546 3767 ros
582 3704 626 3767 et
662 3704 1044 3790 commoraturos,
1085 3704 1129 3769 et
1165 3669 1375 3810 impune,
1415 3708 1529 3811 quae
1565 3668 1757 3788 vellent,
1793 3663 1933 3771 libere·

477 3850 565 3953 que
599 3811 646 3913 in
686 3816 864 3916 Patrum
907 3850 1131 3915 conventu
1183 3812 1490 3956 propositutos
1533 3853 1578 3917 et
1599 3813 1933 3958 disputaturos,

476 3959 742 4100 cosdemque¹
780 3994 924 4079 tuto,
956 3997 1060 4061 curn
1088 3960 1287 4100 quisque
1321 3959 1497 4082 vellet,
1538 3960 1828 4062 discessuros
1876 3968 1933 4059 Ιιι

477 4097 718 4204 terfuemnt
754 4139 903 4203 autem
940 4101 1043 4203 huic
1087 4104 1294 4207 Concilio
1330 4144 1497 4248 praeter
1533 4104 1776 4209 Pontificis
1804 4100 1936 4205 Maxi·

476 4283 544 4346 ιιι-ι
592 4248 801 4389 legatos,
841 4284 884 4347 et
937 4246 1308 4413 Christophqrum
1356 4251 1667 4354 Madtuccium
1715 4263 1938 4356 Romanae

476 4391 691 4491 Ecclesiae
728 4392 1010 4494 Cardinaletn
1048 4429 1090 4493 et
1125 4394 1393 4559 Episcopum
1428 4396 1801 4516 Tridentinum,
1821 4392 1940 4559 Epi

475 4535 602 4676 scopi
645 4537 864 4680 sexagima
901 4540 1036 4657 duo,
1078 4578 1272 4679 quorum
1319 4540 1511 4684 Hispani
1560 4537 1739 4644 fuerunt
1786 4532 1941 4682 viginti

475 4681 715 4823 quinque,
757 4683 970 4784 Germani
1012 4719 1163 4809 octo,
1199 4684 1335 4786 Siculi
1377 4721 1612 4827 quatuor,
1664 4684 1787 4789 Satdi
1823 4686 1940 4800 duo,

472 4832 715 4974 Hungarus
750 4865 893 4950 unus,
911 4826 1071 4972 reliqui
1106 4854 1261 4932 omnes
1297 4829 1463 4936 Italici.
1501 4842 1567 4938 Ex
1603 4830 1745 4937 Gallia
1783 4837 1940 4934 Trana

1878 4970 1940 5074 al·
