4102 5864
366 433 451 526 372
742 425 826 507 DE
873 425 1087 507 REBUS.
1120 424 1341 509 GESTIS

321 591 560 690 adventum
592 582 852 701 tormentis,
876 578 1046 698 rubis,
1086 577 1334 719 tibiisque,
1371 587 1417 678 ¹et
1453 558 1668 723 ignibus⁰,
1706 581 1793 726 qui
1930 630 1935 641 ·

323 730 512 835 mirabili
548 727 733 827 artificio
778 724 969 824 tonitrua
1005 758 1048 822 et
1068 717 1268 863 'halgetra
1315 722 1638 845 imitabantur,
1674 730 1793 828 arcis

324 871 668 1018 oppugnationis
706 907 749 969 et
787 869 1048 1006 praeliorum
1086 867 1319 977 simulacris
1338 868 1562 989 edendis,
1588 869 1797 1010 praetem

325 1062 374 1119 ea
412 1018 548 1156 epulis
584 1052 626 1113 et
663 1009 820 1111 officiis
856 1007 1063 1110 omnibus
1099 1005 1333 1111 celebraret
1348 1022 1369 1111 .?
1476 1112 1478 1117 ,

396 1172 509 1260 XLI.
584 1157 799 1256 Tridento
837 1148 1055 1292 profectus
1090 1151 1314 1292 Philippus
1351 1154 1599 1256 Bolzanum.
1629 1160 1792 1276 venit,

326 1308 449 1445 quod
489 1299 707 1441 oppidum
751 1298 972 1399 Tridento
1016 1289 1220 1435 profectis
1270 1296 1467 1435 primum
1509 1301 1703 1399 occurrit
1742 1301 1795 1402 in

327 1449 484 1547 linibus
523 1440 839 1578 Tyrolensibus
856 1460 868 1541 .’
904 1443 994 1541 Hic
1030 1438 1174 1540 omnis
1199 1436 1417 1559 civitatis,
1435 1442 1480 1539 id
1502 1456 1592 1560 est',
1620 1445 1799 1544 Comi*

330 1629 439 1691 carus
478 1587 710 1706 nomine,
735 1585 887 1727 magni
924 1581 1128 1725 ponderis
1150 1578 1387 1723 'argenteus
1430 1621 1637 1685 nummus
1684 1586 1799 1686 Phi-

330 1737 454 1874 lippo
491 1730 663 1832 muneri
701 1730 840 1830 datus·
861 1762 952 1846 est,
990 1727 1134 1826 sicut
1177 1765 1306 1867 aegre
1343 1727 1519 1846 mulus,
1557 1728 1638 1868 qui
1686 1767 1798 1867 por-

331 1877 477 1996 tabat,
518 1868 930 1976 onerissufficerets
965 1910 1017 1970 ex
1053 1869 1185 1970 altera
1222 1904 1342 2013 parte
1384 1870 1585 2012 imagine¹
1618 1870 1798 2014 Philip·-

331 2021 406 2160 pi,
430 2063 479 2119 ex
517 2020 645 2118 altera
681 2050 779 2118 tum
815 2016 1038 2146 ejusdem,
1061 2027 1155 2111 tum
1191 2012 1379 2153 civitatis
1416 2009 1659 2156 insignibus
1700 2014 1798 2117 i‘m-

272 2273 276 2279 ‚
331 2165 507 2303 pressis.
536 2161 665 2260 'Hinc
703 2199 779 2301 per
813 2159 1072 2293 Tyrolcmes
1109 2153 1214 2256 lines
1258 2157 1599 2297 Oenspruchum
1636 2157 1799 2279 venit,

331 2306 411 2445 qui
446 2318 700 2406 Conventus
737 2337 799 2403 est
833 2300 1008 2435 Tytolis
1043 2299 1321 2417 Comitatus,
1347 2300 1428 2398 ubi
1465 2296 1696 2438 Philippus
1727 2341 1803 2402 so·

332 2487 445 2550 sores
482 2447 695 2585 patrueles
727 2444 1018 2551 libentissime
1043 2442 1192 2561 vidit,
1228 2439 1287 2539 'ab
1324 2442 1571 2583 eisdemque
1608 2442 1804 2549 laetissi-

234 2693 239 2706 ,
333 2591 416 2691 mis
467 2587 759 2692 amantissime
805 2623 848 2688 er
896 2581 1082 2691 fraterna
1122 2584 1395 2726 indulgentia
1444 2582 1654 2692 tractatus
1698 2622 1798 2690 est.

333 2744 439 2835 Huc
485 2732 685 2836 Albertus
727 2746 831 2835 Dux
874 2730 1077 2831 Bavatiae
1120 2766 1253 2871 gener
1297 2727 1523 2833 Fernandi
1546 2737 1805 2836 Romano·

334 2917 429 2979 rum
465 2875 599 3014 Regis
635 2874 757 2976 venit
787 2951 801 2992 ,
834 2911 883 2973 ut
921 2872 1171 3013 Philippum
1207 2871 1440 2990 salutaret,
1482 2909 1681 3010 eumque
1723 2911 1805 3012 per

335 3058 436 3118 suos
475 3015 578 3115 fines
614 3019 874 3117 deduceret.
910 3013 1055 3115 »Affuit
1093 3015 1225 3113 etiam
1260 3024 1462 3120 Emestus
1496 3011 1807 3157 salseburgen

339 3161 395 3260 sis'
430 3156 828 3300 Archiepiscopus,
868 3156 995 3287 hujus
1030 3157 1197 3259 Alberti
1234 3176 1432 3297 patruus.
1838 3246 1842 3263 .

264 3352 266 3356 ·
330 3397 334 3405 ,
359 3359 361 3363 ⁴
386 3318 388 3323 ’
411 3311 542 3401 XLII.
617 3311 680 3401 Ex
716 3298 1005 3440 Oensprucho
1043 3297 1265 3441 Philippus
1290 3299 1639 3442 Rotembergam
1653 3303 1722 3405 ad
1743 3299 1809 3404 ri.-

205 3571 213 3594 .
340 3482 445 3587 pam
482 3445 601 3544 Ocni
637 3442 828 3545 fluminis
865 3481 966 3542 cum
1004 3437 1311 3584 processisset,
1349 3445 1643 3562 naviculam,
1684 3487 1809 3586 quae

330 3624 495 3688 ornatu
533 3586 666 3729 regali
703 3621 848 3724 parata
886 3623 1011 3707 erat,
1047 3588 1338 3708 conscendit,
1378 3626 1569 3728 cumque
1605 3626 1666 3703 eo
1705 3596 1809 3689 Au·

331 3766 544 3873 ,gustanus
588 3767 632 3830 er
686 3727 971 3851 Tridentinus
1008 3729 1307 3847 Cardinalcs,
1354 3730 1598 3868 eodemque
1652 3736 1806 3835 modo

327 3873 470 3999 ceteri
519 3871 605 3977 ,viri
664 3872 894 4012 principes,
929 3908 1117 4013 paratas¹
1150 3872 1367 3979 naviculas
1423 3874 1830 3996 conscenderunt,
1948 3936 1951 4003 1

340 4028 575 4156 Oenoque
597 4018 785 4117 secundo
839 4014 1025 4125 biduum
1063 4017 1356 4156 navigarunt..
1400 4024 1573 4124 Peracta
1614 4018 1809 4161 naviga-

342 4160 500 4280 tione,
536 4161 583 4259 in
618 4157 887 4268 coenobium
924 4156 1181 4267 Abbatiam'
1205 4161 1259 4268 ad
1280 4157 1622 4301 'Ebetspergam'
1648 4161 1810 4262 diver·
1941 4224 1942 4228 κ

343 4304 433 4422 rit,
473 4344 566 4443 quo
597 4337 792 4412 ceterum
815 4340 998 4441 ,agmen
1042 4301 1341 4440 pedestri;,via
1371 4344 1443 4410 ,ext
1473 4302 1623 4420 uicis,
1663 4304 1810 4407 villis-
1938 4380 1939 4383 a

328 4461 460 4583 ique,
497 4445 574 4553 ubi
611 4449 666 4552 ad
691 4442 1354 4584 ,Qenapntlaumtconsederat-1,-
1382 4444 1814 4555 'contenimfsldin'c

324 4585 1812 4729 tuanauu.;pratasrt1;sappuminulcmmaunsetnsutea

324 4731 631 4853 .‘tum',.'sedem
651 4731 865 4851 <sataliae
888 4731 1810 4880 nunnaaquo-2accumbentium
1849 4732 1851 4735 ’

349 4894 354 4901 ’
810 4934 818 4941 ,
854 4930 860 4939 ,
914 4908 921 4923 t
1330 4881 1334 4887 ⁴
1672 4890 1784 4938 nm·
