4192 5858
392 448 395 453 .
519 358 606 451 266
1010 382 1019 392 ·’
1246 378 1249 384 ’
1532 378 1554 431 ἰ

461 547 481 556 ”
572 578 690 722 Jo
750 572 1126 726 canaan
1184 561 1819 706 sururvnolu
1916 605 1921 759 3

783 833 1234 943 ura-eureus
1281 814 1601 964 castrt*
1914 966 1918 971 ,

583 1069 1170 1231 onuotr
1256 1072 1918 1256 Qururr-

627 1366 1047 1465 rMPunArorrrs
1081 1366 1159 1445 rr
1185 1374 1357 1448 tauers
1391 1373 1746 1455 urseaurau

479 1732 489 1827 .·
562 1667 807 1772 traua
872 1590 1338 1772 urorsruus
1394 1663 1835 1796 Quantus
1907 1591 1915 1709 j

744 1875 747 1886 .
1257 1888 1259 1903 Ι
1905 1853 1913 1891 r

194 1991 459 2068 „mm
522 1954 583 2046 r.
658 1897 1068 2063 Insaourrur
1102 1978 1259 2062 anno,
1296 1936 1375 2078 qui
1417 1935 1503 2040 fitia
1536 1940 1698 2043 clenti
1734 1942 1914 2043 milesi-v

478 2127 574 2190 mus
611 2085 983 2227 quingentesimus
1032 2081 1384 2221 quadragesimus
1436 2118 1613 2204 sextus,
1646 2085 1829 2185 Carolus
1863 2124 1914 2186 ex

475 2229 632 2369 Belgio
675 2222 922 2367 profectus,
956 2216 1245 2326 Ratisbonam
1280 2219 1491 2324 Danubio
1539 2226 1795 2365 impositam
1842 2265 1913 2325 ut«

477 2370 613 2489 bern,
649 2408 742 2508 quo
774 2369 912 2468 totius
946 2374 1203 2466 Germaniae
1237 2365 1488 2467 Concilium
1521 2366 1777 2486 indixerat,
1813 2406 1913 2469 curn

478 2512 681 2653 equitum
717 2531 1038 2652 nongentorum
1071 2505 1288 2647 praesidio
1325 2507 1470 2647 Aprili
1504 2547 1651 2610 mense
1688 2509 1912 2648 pervenit.

476 2664 673 2794 Jamque
707 2652 798 2751 dies
840 2649 1139 2751 conveniendi
1176 2648 1374 2769 dictus,
1405 2651 1482 2786 qui
1529 2645 1624 2750 firit·
1649 2652 1796 2752 Nonis
1831 2656 1915 2786 Ju-

478 2798 574 2916 nii,
611 2795 917 2936 praeterierat,
953 2832 1034 2891 nee
1069 2789 1320 2929 Principes,
1356 2793 1502 2930 paucis
1537 2793 1723 2932 exceptis
1756 2869 1773 2911 ,
1804 2833 1914 2893 con-

477 2973 684 3038 venerant
711 2975 720 3032 :
744 2975 844 3032 nam
880 2972 983 3036 cum
1017 2932 1124 3050 alii',
1160 2942 1261 3034 tum
1295 2938 1490 3067 Joannes
1517 2934 1743 3037 federicus
1786 2949 1913 3045 Saxo

476 3077 575 3177 niae
611 3091 747 3193 Dux,
782 3113 826 3174 er
861 3075 1082 3214 Philippus
1117 3074 1295 3172 Hessiae
1329 3064 1659 3213 Lanrgravius',
1694 3079 1819 3214 quod
1855 3112 1917 3177 est

477 3257 642 3318 nomen
675 3217 970 3353 Principatus,
1005 3217 1112 3314 item
1145 3215 1367 3313 Federicus
1401 3226 1560 3314 Comes
1594 3216 1845 3335 Palatinus,
1874 3253 1920 3319 et
2079 3310 2082 3312 ,

475 3372 578 3461 Dux
614 3356 1025 3496 Vitemburgensis‚
1069 3355 1387 3494 conspiratione
1435 3356 1483 3454 in
1517 3358 1726 3458 Carolnm
1778 3355 1933 3479 facta,

475 3510 653 3639 ejusque
703 3499 890 3638 imperio
939 3497 1181 3637 neglecto,
1225 3501 1280 3595 ad
1327 3496 1580 3597 Concilium
1630 3500 1782 3598 venire
1832 3502 1929 3640 ipsi

478 3641 744 3748 noluerunt;
778 3650 962 3778 Legatos
1010 3640 1447 3755 tamervmiserunt,
1480 3677 1558 3778 per
1606 3678 1717 3780 quos
1770 3642 1918 3744 minus

478 3783 751 3922 impudenter
784 3817 938 3880 conata
972 3780 1119 3880 Caroli
1152 3780 1346 3878 Caesaris
1381 3780 1669 3918 impedirent.

534 3934 585 4024 11.
659 3923 742 4021 His
777 3920 1044 4059 principibus
1079 3919 1247 4018 animos
1283 3918 1468 4020 addebat
1501 3918 1652 4023 foedus
1686 3922 1910 4024 Smclchal·

477 4066 662 4183 dicum,
697 4071 818 4192 cujus
866 4058 1047 4161 foederis
1096 4056 1284 4160 faciendi
1332 4062 1468 4162 iidem
1515 4066 1836 4205 Lanrgravius,
1872 4105 1911 4167 et

477 4219 579 4306 Dux
630 4204 836 4306 Saxoniae
889 4204 1100 4340 principes
1137 4239 1180 4301 et
1214 4237 1407 4302 auctores
1459 4200 1653 4306 fuerant.
1711 4214 1828 4306 Nam
1866 4206 1915 4309 bi

476 4349 566 4446 duo
603 4386 654 4446 ex
689 4343 956 4483 principibus
992 4345 1182 4443 maxime
1216 4342 1453 4443 Lutherani
1501 4341 1659 4446 furoris
1694 4387 1737 4444 se
1782 4348 1914 4447 duces

475 4483 531 4585 ab
566 4487 696 4584 initio
732 4487 1048 4624 praebuerant,
1084 4524 1273 4623 eumque
1307 4487 1450 4584 modis
1486 4486 1688 4587 omnibus
1723 4485 1916 4607 alebant,

473 4625 585 4727 hanc
622 4626 707 4726 sibi
741 4627 1012 4728 occasionem
1046 4619 1138 4728 fore
1177 4626 1259 4726 rati
1294 4622 1425 4762 bona·
1444 4627 1737 4741 Ecclesiastica
1779 4668 1917 4729 occu·

541 4788 545 4797 ’
860 4778 908 4811 ”
1655 4790 1680 4873 [ἱ.
1745 4825 1747 4849 ;
1790 4796 1914 4911 ‘pm‘
