4102 5864
528 414 777 498 canour
818 416 871 497 ν.
919 417 1037 497 urs.
1078 419 1223 503 xxv.
1473 433 1558 522 315

142 574 213 678 vel
249 570 402 674 occisis
437 570 507 672 vel
535 572 589 672 di
642 610 740 671 essrs
776 609 898 672 metu
934 613 1020 673 sese
1055 573 1102 672 in
1153 574 1213 674 eis
1248 577 1597 700 occultaverant,-

144 712 437 836 confossis,
425 754 535 856 ipsas
571 570 871 817 abdulerunt
910 726 974 817 Ex
1010 713 1230 858 equitibus
1266 720 1395 820 etiam
1432 721 1601 861 Hispa-

108 863 207 975 nis
252 898 335 963 tres
389 860 545 960 eodem
596 894 853 1022 tcmpqre,
866 895 917 961 ut
963 896 1084 962 etant
1132 861 1322 981 armati,
1359 861 1486 1019 hujus
1536 864 1600 965 rei

72 1068 74 1071 v
141 1007 283 1147 gratia
317 1044 404 1105 sese
441 999 741 1103 indumen
729 1006 1007 1105 immiserunt
1042 1081 1059 1124 ,
1092 1043 1285 1145 quotum
1319 1013 1431 1108 unus
1483 1046 1600 1110 sunr

142 1185 306 1251 mersus
341 1146 535 1248 interiit.

209 1299 326 1393 VIII.
401 1302 524 1391 Dum
559 1323 706 1392 autem
740 1290 966 1392 naviculae
1007 1233 1211 1430 deinceps
1246 1291 1386 1434 longo
1440 1292 1597 1394 ordine

140 1431 486 1575 disponuntur,
522 1468 572 1534 ut
622 1434 787 1534 directa
838 1431 1018 1536 materia
1067 1433 1227 1566 injecta
1276 1472 1504 1537 contextae
1555 1472 1599 1537 et

139 1612 379 1679 constratae
429 1614 615 1718 pontem
666 1578 723 1677 ad
758 1578 1003 1740 peditatum
1053 1578 1358 1709 trajiciendum
1411 1578 1598 1684 confice

137 1756 268 1842 rent,
303 1721 485 1823 Carolus
537 1760 589 1818 ex
625 1722 855 1822 Germanis
907 1721 1105 1862 peditum
1142 1757 1331 1862 quatuor
1383 1723 1517 1824 millia
1552 1760 1597 1824 et

138 1865 308 2005 equites
356 1865 476 1966 mille
529 1897 769 1965 castrorum
820 1865 1328 2028 impedimentorumque
1377 1866 1596 2007 praesidio

137 2045 312 2110 manere
346 2007 505 2140 jubet,
542 2026 705 2135 ceteros
742 2006 907 2146 equites
943 2010 1061 2109 vado
1098 2008 1311 2118 transire3
1350 2043 1481 2111 etex
1529 2007 1597 2108 bis
1653 2020 1656 2025 ’

137 2185 238 2251 tum
272 2150 571 2269 Pannonicos,
607 2186 704 2250 turn
741 2190 814 2249 eos
833 2227 850 2270 ‚
869 2189 982 2291 quos
1017 2151 1216 2291 Princeps
1250 2145 1479 2255 Salmonae
1514 2152 1597 2252 du

139 2294 324 2413 ctabat,
358 2295 478 2456 qui
473 2295 627 2395 leviter
661 2289 781 2393 crant
815 2295 971 2395 armati
998 2296 1264 2458 ,singulos
1284 2294 1594 2456 scloppetarios
1709 2295 1711 2298 ’

136 2437 183 2540 in
220 2477 359 2680 equos
395 2436 585 2579 recipere
620 2472 664 2537 et
700 2471 989 2577 transportare
1025 2438 1261 2579 praecipit.
1301 2439 1386 2539 His
1422 2477 1595 2580 praece

137 2581 260 2682 denti
293 2622 375 2700 us,
403 2593 508 2683 Dux
542 2572 738 2680 Albanus
773 2619 876 2680 curn
912 2580 1135 2723 equitibus
1171 2581 1379 2723 Hispanis
1414 2624 1466 2682 ex
1501 2594 1595 2684 Re-

136 2762 230 2867 gno
265 2723 561 2865 Neapolitano
598 2724 828 2843 deductis,
863 2758 906 2826 et
941 2724 1183 2825 Mauricius
1219 2763 1323 2824 curn
1372 2724 1459 2823 suis
1508 2724 1595 2824 flu-

143 2905 246 2968 men
298 2868 633 3009 ingrediuntur3
668 2866 827 2967 deinde
862 2868 1043 2967 Carolus
1078 2868 1414 3029 Fernandusque
1465 2862 1597 2967 frater

137 3049 241 3110 cum
277 3012 449 3151 reliquo
484 3011 708 3150 equitatu.
745 3020 847 3110 Erat
882 3047 1031 3111 autern
1065 3011 1228 3110 vadum
1253 3007 1517 3151 inaequale,
1544 3050 1596 3110 ac

135 3150 420 3317 hujusmodi,
442 3189 493 3255 ut
529 3153 696 3294 equites
732 3191 847 3292 aqua
873 3154 946 3276 vix
981 3193 1007 3252 a
1042 3151 1228 3314 genibus
1263 3189 1502 3273 exstarent,
1523 3153 1596 3254 in-

136 3297 313 3400 terdurn
349 3298 483 3400 etiam
518 3296 626 3436 equi
660 3335 734 3436 per
770 3294 987 3397 brevia
951 3334 1088 3435 spana
1124 3329 1267 3397 natare
1313 3334 1591 3437 cogerentur.

136 3440 320 3543 Carolus
355 3444 512 3544 ducem
547 3440 649 3540 vadi
684 3438 895 3541 rusticum
930 3437 1200 3557 hominem,
1233 3477 1370 3579 quern
1405 3440 1596 3539 demon·

136 3584 402 3706 stravimus,
438 3581 750 3745 sequebatur,
770 3581 875 3700 cui,
910 3592 1095 3712 trajecto
1131 3579 1350 3701 flumine,
1384 3619 1595 3683 nummos

134 3765 288 3829 aureos
324 3764 503 3829 centum
538 3726 783 3846 numeran,
811 3763 855 3827 et
891 3727 1001 3828 duos
1036 3765 1173 3866 equos
1207 3762 1291 3866 pro
1327 3724 1596 3829 totidema

135 3870 277 3973 missis
313 3869 499 3972 tribui
484 3868 636 4005 Jussit.

195 4021 275 4114 IX.
351 4022 457 4152 Jam
492 4012 635 4115 hostes
669 4047 714 4113 er
748 4006 893 4152 ripam
928 4048 972 4113 et
1008 3950 1286 4173 Milbqrgum
1322 4010 1596 4132 descrentes,

134 4153 186 4259 in
222 4155 479 4258 interiorem
503 4156 768 4275 Saxoniam,
787 4193 838 4255 ut
873 4195 917 4255 se
951 4155 999 4255 in
1035 4193 1261 4256 mumtum
1296 4155 1476 4294 aliquod
1513 4193 1596 4295 op-

133 4298 296 4441 pidum
333 4300 605 4441 reciperent,
639 4295 1008 4414 contendebant,
1037 4298 1299 4398 Pannonicis
1335 4332 1379 4395 et
1417 4295 1595 4438 reliquis

136 4441 387 4583 equitibus,
408 4445 488 4586 qui
523 4443 860 4604 scloppetarios
866 4441 1146 4559 sustulerant,
1167 4475 1211 4541 er
1246 4438 1370 4542 ad
1337 4477 1481 4581 npam
1516 4480 1595 4541 ex-

137 4622 404 4725 posuerant,
437 4586 726 4731 urgentibus‚
762 4625 812 4687 ac
848 4585 931 4686 ircr
967 4581 1319 4706 remorantibus,
1337 4622 1448 4724 quos
1485 4622 1596 4724 pau-

136 4727 188 4830 lo
194 4766 324 4873 post
351 4744 465 4835 Dux
488 4730 684 4838 Albanus
720 4764 763 4832 et
797 4726 1035 4835 Mauricius
1070 4725 1294 4848 consecuti
1328 4761 1456 4841 sunt
1500 4736 1597 4826 Hos

1113 4882 1231 4976 Rra
1519 4905 1600 4966 au-
