4110 5888
529 437 772 522 canons
822 440 874 521 v.
924 443 1043 524 tm.
1086 445 1212 527 xvr.
1498 467 1550 557 19

115 595 235 700 nulla
269 591 390 702 navis
425 591 474 698 in
508 632 759 698 nostrorum
794 596 1056 738 potestatem
1094 603 1298 712 venitet3
1336 641 1490 709 omnes
1526 648 1585 714 ta·
1709 624 1711 627 ’

115 783 213 848 men
250 745 307 847 ad
345 778 588 844 extremum
623 776 806 884 captae,
846 739 1042 846 hostium
1080 745 1200 847 mille
1235 748 1408 853 circiter
1443 755 1579 895 quin-

113 889 237 1034 genti
273 888 421 996 caesi;
457 923 712 989 nostrorum
747 884 866 988 mille
900 889 1086 1031 amplius
1122 892 1358 1035 quingenti
1394 899 1463 1000 vel
1501 941 1577 1002 oc-

113 1028 357 1153 ciderunt,
395 1033 463 1134 vel
504 1032 681 1175 plagam
724 1068 982 1173 acceperunt
1014 1074 1026 1142 3
1061 1036 1108 1135 in
1151 1035 1314 1177 quibus
1355 1045 1575 1147 Antonius

110 1181 290 1301 Dona,
329 1182 439 1280 dum
475 1177 638 1280 strenui
674 1175 796 1278 ducis
831 1215 881 1277 ac
924 1175 1077 1277 militis
1118 1172 1350 1282 fortissimi
1392 1223 1574 1291 munere

107 1319 309 1468 fungitur
340 1400 355 1444 ,
390 1361 497 1424 arcu
533 1321 686 1423 emissa
722 1319 923 1463 sagitta,
959 1360 1053 1462 quo
1098 1363 1255 1467 genere
1289 1327 1365 1427 teli
1399 1335 1573 1435 Tutcae
1657 1380 1681 1423 ι

108 1472 302 1572 multum
346 1470 396 1570 in
440 1466 613 1610 praebia
649 1500 874 1586 utuntur,
912 1467 1155 1568 secundum
1202 1482 1322 1632 genu
1366 1476 1570 1578 transfixo

106 1652 228 1714 crure
264 1614 537 1716 vulneratur.
574 1622 676 1712 Hac
712 1611 831 1711 edita
866 1644 1042 1753 strage,
1078 1650 1334 1755 cunctisque
1370 1613 1569 1724 bostium

105 1757 353 1860 triremibus
389 1796 502 1899 expu
536 1755 677 1877 natis,
714 1793 814 1856 curn
853 1751 920 1855 his
957 1755 1165 1859 omnibus
1200 1796 1367 1900 praeter
1401 1801 1566 1886 unam,

105 1941 217 2044 quae
254 1904 453 2045 depressa
487 1796 665 2024 literat,
699 1900 898 2002 Andreas
933 1907 1225 2024 Messanam,
1260 1905 1377 2004 unde
1413 1901 1566 2047 profe⁶

102 2081 194 2148 ctus
230 2043 405 2167 fuerat,
439 2045 651 2152 revertits
691 2044 990 2185 navibusque
1006 2041 1210 2167 refectis,
1245 2083 1289 2147 et
1324 2085 1443 2148 nova
1478 2087 1563 2152 ma-

100 2229 159 2292 nu
204 2189 455 2294 desideratis
506 2187 752 2330 sauciisque
798 2185 1017 2290 militibus
1066 2183 1289 2311 suffecta,
1332 2194 1388 2292 ad
1437 2231 1563 2298 oram

102 2335 222 2478 Epiri
278 2335 546 2480 regreditur.
593 2333 678 2434 Sed
713 2370 817 2435 cum
852 2335 907 2434 ad
943 2344 1185 2473 Corcyram
1234 2335 1385 2477 navim
1428 2341 1562 2441 unam

101 2475 305 2583 hostilem
343 2479 588 2582 onerariam
624 2476 839 2620 cepisset,
870 2476 1054 2620 cognito
1090 2480 1145 2579 de
1178 2477 1447 2602 Charadini,
1479 2482 1561 2623 qui

101 2661 202 2728 cum
238 2625 368 2729 classe
419 2618 607 2744 aderat,
643 2623 879 2743 adventu,
914 2621 1231 2764 Cephaleniam
1266 2664 1411 2727 versus
1451 2663 1560 2766 pto·

100 2769 252 2890 cedit,
290 2807 423 2913 atque
456 2766 560 2869 inde
594 2772 844 2867 Messanam
878 2766 1020 2869 redit.

167 2923 293 3015 XIX.
366 2914 451 3014 His
494 2911 768 3014 detrimentis
803 2911 1026 3013 Aulonem
1070 2907 1319 3035 nuntiatis,
1354 2909 1558 3048 Solyma-

101 3093 178 3157 nus
216 3056 496 3158 vehementer
531 3090 596 3157 est
630 3090 923 3175 commotus,
958 3095 1052 3157 non
1087 3057 1233 3159 solum
1268 3092 1449 3197 propter
1482 3066 1601 3157 ac-'ss

103 3237 277 3342 ceptum
312 3203 627 3304 detrimentum
660 3201 911 3302 amissarum
945 3200 1162 3321 navium,
1198 3235 1241 3301 et
1275 3200 1472 3302 militum
1508 3241 1558 3301 e-
1599 3233 1600 3237 ‘

105 3347 277 3489 gregiae
315 3346 489 3449 virtutis
525 3346 704 3448 caedem
730 3385 743 3455 ε
771 3348 846 3446 sed
882 3345 1023 3446 multo
1057 3346 1191 3447 etiam
1225 3343 1404 3486 magis,
1440 3345 1557 3484 'quo-

104 3488 216 3592 niam
259 3501 535 3594 Venetorum
586 3489 909 3634 potissimum,
953 3529 979 3589 a
1020 3487 1180 3630 quibus
1230 3527 1314 3631 pro
1360 3487 1555 3588 amicitia

102 3632 204 3735 nibil
252 3638 544 3739 metuendum
579 3670 653 3736 aut
703 3634 960 3735 cavendum·
1003 3667 1276 3777 putaverat,
1311 3627 1461 3734 fraude
1504 3670 1554 3731 ac

101 3778 275 3914 perfidia
323 3781 371 3883 id
428 3778 514 3880 sibi
561 3778 733 3880 malum
784 3776 989 3879 accidisse
1045 3775 1298 3897 credebat,
1336 3773 1553 3877 clamante

100 3917 348 4024 Charadino
396 3921 643 4026 Barbaroxa
691 3921 832 4023 classis
868 3914 1130 4064 praefecto,
1167 3957 1302 4062 atque
1343 3954 1553 4062 negante,

102 4095 186 4166 tam
224 4060 404 4169 feliciter
438 4068 604 4171 Doriae
639 4099 797 4168 cuncta
831 4065 1027 4210 potuisse
1061 4066 1248 4186 cadere,
1285 4062 1369 4166 nisi
1405 4072 1554 4163 Vene-

104 4237 247 4311 tomm
292 4248 337 4311 et
377 4213 568 4314 amicitia
603 4208 738 4315 fretus
776 4285 793 4338 ,
833 4246 878 4313 et
930 4210 1099 4314 indicio
1150 4203 1298 4312 fuisset
1347 4207 1551 4339 adjutus.

103 4353 208 4496 Ergo
251 4355 381 4458 classe
424 4354 684 4500 bipartita,
723 4359 981 4492 Solymanus
1025 4353 1326 4457 Charadinum
1374 4352 1428 4451 ad
1471 4352 1553 4467 de,-

107 4502 363 4630 portandum
410 4503 621 4624 milites,
668 4500 749 4642 qui
780 4499 960 4600 'tardius
1006 4499 1061 4598 ad
1112 4533 1237 4597 oram
1286 4496 1554 4596 maritimam

106 4672 388 4765 convenerant
418 4727 433 4769 ,
463 4656 584 4749 ‘cum
624 4642 845 4789 sexaginta
878 4638 1122 4744 triremibus
1158 4640 1338 4761 mittit,
1370 4639 1458 4781 qui
1493 4640 1554 4739 si-

107 4785 185 4885 mul
222 4792 430 4894 adversus
466 4828 638 4894 nostrae
676 4792 813 4895 classis
853 4824 1035 4889 conatus
1072 4786 1289 4930 praesidio
1336 4784 1390 4886 sit
1426 4782 1557 4941 navia

1100 4945 1186 5033 C2
1480 4960 1561 5061 gllS
