4102 5864
538 445 826 526 CAROLI
867 444 918 521 V.
957 443 1075 520 LIB.
1111 444 1250 523 XXV.
1510 453 1594 543 345

167 593 270 700 bus
268 599 470 741 placatus
504 638 553 699 ac
577 633 806 716 exoratus,
830 597 1083 697 sententiam
1113 599 1168 696 de
1198 592 1373 700 ferenda
1403 600 1499 742 lege
1535 641 1626 704 mu·

165 743 312 861 tavit,
352 782 445 843 non
481 742 655 883 ignatus
691 741 771 873 (id
807 743 930 881 quod
981 777 1042 844 est
1076 781 1101 840 a
1136 751 1232 870 jure
1282 746 1626 917 prudentissimis

164 819 408 1021 tradititm)
444 885 550 1025 legis
586 884 751 985 nullam
787 924 875 983 esse
911 883 1054 1002 vim,
1091 924 1202 1023 quae
1239 922 1331 983 non
1384 882 1566 986 fuerit
1550 930 1623 1019 Ju-

161 1029 285 1127 dicio
336 1028 489 1167 populi
541 1063 739 1189 recepta.
804 1037 1012 1127 Ceterum
1063 1026 1215 1186 legatis
1281 1030 1506 1166 respondit
1577 1073 1619 1134 se

162 1170 233 1269 ad
239 1177 539 1329 Protegem,
576 1170 688 1310 qurd
725 1207 825 1268 suae
861 1159 1100 1268 voluntatis
1137 1202 1291 1286 essct,
1329 1171 1617 1310 scripturumr

163 1310 318 1410 civitas
360 1311 617 1412 tumultuari
666 1312 933 1430 desineret,
971 1344 1014 1410 et
1057 1314 1176 1409 arma
1227 1313 1346 1447 apud
1383 1321 1618 1456 Protegem

163 1452 446 1592 deponeret:
436 1453 527 1552 ·id
562 1493 665 1553 cum
699 1447 899 1571 fecisset,
933 1449 990 1551 ab
1026 1453 1183 1555 eodem
1219 1460 1408 1593 Prorege
1445 1457 1498 1554 de
1537 1498 1616 1558 vo

163 1593 390 1696 luntate
377 1594 509 1734 rpsius
545 1594 692 1697 Caroli
734 1594 1042 1694 sciscitaretur.
1101 1600 1252 1734 Atque
1309 1593 1397 1695 hoc
1434 1599 1616 1735 quidem

163 1775 417 1876 responsum
465 1734 521 1836 ab
572 1748 848 1896 Imperatore
885 1736 1020 1837 Vallis
1072 1736 1277 1845 Matclrio
1328 1773 1371 1836 et
1419 1740 1614 1839 Placidus

162 1882 322 1980 Sandus
358 1878 618 1979 retulerunt:
609 1917 748 1977 ·nam
783 1876 984 2018 Princeps
1020 1876 1218 1996 Salerni,
1253 1919 1330 2019 qur
1318 1876 1491 1978 rebus
1527 1921 1615 1981 no-

161 2021 229 2121 vis
263 2020 453 2123 maxime
489 2021 693 2122 omnium
728 2016 929 2120 studebat
946 2095 962 2138 ,
977 2057 1071 2117 non
1105 2055 1205 2118 ante
1240 2021 1289 2119 in
1312 2020 1481 2122 Italiam
1519 2025 1616 2121 red-

160 2161 245 2262 ivit
259 2203 447 2305 ,quam
481 2163 672 2263 Galliam
707 2163 878 2280 adiret,
912 2198 956 2260 et
991 2198 1094 2261 cum
1128 2162 1326 2261 Henrico
1363 2173 1488 2302 Rege
1523 2164 1615 2263 col-

162 2242 443 2445 loqtiereturr
466 2308 583 2406 unde
619 2343 811 2405 manasse
847 2338 1025 2461 putatur
1060 2305 1256 2434 ejusdem
1291 2304 1500 2443 Principis
1533 2307 1614 2405 de

161 2439 346 2567 fectio‚
383 2447 593 2588 quinon
629 2448 772 2547 multo
809 2479 909 2585 post
944 2463 1141 2583 tempore
1175 2448 1229 2545 ad
1265 2445 1411 2544 Gallos
1463 2443 1613 2584 perfir-

160 2588 258 2728 git.
293 2600 524 2730 Responso
558 2624 777 2730 accepto,
808 2586 1091 2726 Neapolitani
1126 2584 1431 2687 obedienter
1420 2625 1612 2724 tmpera

160 2763 206 2829 ta
242 2732 395 2831 Caroli
429 2727 672 2848 fecerunt,
698 2764 743 2829 et
776 2728 907 2828 armis
957 2730 1072 2868 apud
1109 2739 1340 2868 Proregem
1376 2728 1609 2866 depositis,

161 2910 214 2969 ex
265 2872 472 3012 rescripto
507 2871 780 3011 Imperatoris
830 2905 1069 2969 erratorum
1118 2869 1296 2970 veniam
1343 2866 1401 2968 ab
1451 2871 1611 2972 eodem

160 3051 211 3110 ac
246 3016 299 3113 de
337 3014 431 3155 lege
468 3013 735 3114 silentium
722 3047 1102 3151 rmpetraverunt,
1137 3012 1388 3111 dummodo
1423 3008 1610 3110 haereti·
1710 3032 1713 3037 ’

160 3192 317 3254 corum
366 3191 409 3254 et
444 3156 743 3317 ...impiorum
748 3155 949 3254 scelerata
1000 3153 1217 3252 temeritas
1267 3187 1311 3250 ct
1358 3152 1610 3291 arrogantia

159 3297 396 3395 communi
421 3295 542 3416 ritu,
578 3296 766 3438 cognitis
801 3295 982 3415 causis,
1016 3294 1314 3437 diligentius
1302 3331 1350 3395 m
1384 3330 1609 3432 posterum
1704 3296 1707 3297 ἢ

161 3453 458 3584 coerceretur
