4110 5888
443 359 508 431 tv.
870 361 1387 441 ,SUMMARIUM

425 485 687 601 occupandam
709 482 871 599 pedestri
896 485 1027 571 itinere
1046 512 1127 600 pro
1180 515 1265 571 tum
1328 486 1419 570 lines
1466 484 1682 592 inducens,
1715 492 1893 573 Sanctum

427 603 546 690 fectus
577 634 624 689 ex
668 603 807 687 insulae
838 604 993 719 regione
1020 603 1134 688 consi·
1182 601 1342 688 Paulum
1371 603 1587 718 oppidum,
1610 633 1809 720 arcemque
1838 634 1894 690 re-

430 724 525 823 det,
553 722 619 806 sed
647 719 777 834 oppidi
802 719 1049 838 oppugnandi
1073 716 1137 803 dil·
1185 719 1303 832 cipit,
1336 745 1375 805 et
1402 720 1656 806 Monsteriolo
1687 747 1773 807 ante
1802 751 1889 807 con·

430 837 597 924 ficultate
635 838 934 942 animadversa,
976 836 1137 921 domum
1188 834 1324 921 lectam
1350 839 1673 953 oppugnationem
1701 839 1866 954 potitur.

434 984 474 1041 re
501 953 636 1041 inlecta
668 955 842 1039 discedit.
870 955 1041 1040 Andreas
1056 961 1137 1039 Do
1248 960 1291 1039 u.
1350 957 1531 1040 Germani
1577 956 1761 1070 oppidum
1808 958 1893 1042 diri-

434 1073 488 1157 ria
514 1074 728 1186 Venerique
758 1101 841 1157 suas
868 1072 997 1155 classes
1022 1072 1061 1155 in
1088 1071 1139 1155 hi·
1189 1069 1296 1183 piunr
1342 1097 1381 1156 et
1411 1072 1634 1157 incendunt.
1672 1080 1774 1158 Tum
1819 1079 1890 1159 Te·

433 1189 550 1273 berna
582 1190 794 1274 deducunt.
1189 1216 1370 1274 rovenam
1412 1191 1636 1275 Caesarianis
1695 1191 1891 1275 obsidione

495 1309 636 1391 XXlll.
695 1311 765 1390 Per
797 1303 835 1388 id
868 1328 1015 1419 tempus
1043 1310 1139 1389 Tur·
1190 1306 1461 1417 prementibus,
1478 1306 1678 1391 Gallorum
1693 1312 1775 1390 Rex
1805 1338 1890 1421 sup·

435 1451 501 1507 cae
547 1422 702 1537 piraticis
759 1450 860 1505 mare
921 1422 1134 1528 Gallicum,
1190 1422 1316 1534 plendi
1348 1424 1513 1536 praesidii
1538 1424 1654 1538 gratia
1683 1424 1823 1537 pedites
1846 1457 1888 1508 u.

435 1539 552 1624 Gallis
581 1540 662 1653 ipsis
691 1536 933 1643 foventibus,
963 1535 1138 1624 infestan-
1189 1564 1229 1622 et
1262 1539 1403 1654 equites
1430 1575 1468 1624 n.
1499 1541 1700 1625 submittit.
1735 1540 1891 1654 equtes

435 1680 491 1741 tes
529 1681 612 1742 tum
649 1657 738 1741 alios
781 1657 953 1740 mortales
994 1685 1040 1740 ex
1070 1657 1139 1740 Νι·
1189 1687 1257 1738 un.
1273 1658 1339 1771 qui
1353 1657 1416 1741 illis
1438 1657 1555 1742 alteris
1571 1655 1750 1772 praesidio
1777 1658 1887 1770 prod-

436 1801 556 1858 caeno
601 1803 695 1889 agro
733 1834 746 1875 ,
794 1797 876 1856 tum
928 1773 966 1856 in
1015 1773 1137 1885 primis
1188 1771 1305 1858 ierant
1331 1835 1343 1876 ,
1373 1803 1504 1858 omnes
1542 1799 1608 1860 aut
1647 1773 1890 1879 occiduntur,

433 1890 652 1975 Monachos
684 1889 939 1975 Franciscanos
981 1889 1137 1975 abduce·
1189 1915 1255 1974 aut
1271 1891 1347 1978 vivi
1359 1892 1576 2003 capiuntur.
1602 1890 1787 1975 Henricus
1802 1892 1890 1976 Gal·

434 2034 476 2092 re
513 2008 739 2098 decernunt.
804 2011 894 2090 Hoc
947 2005 1139 2092 consilium
1189 2006 1314 2091 lorum
1358 2008 1469 2122 Regis
1514 2007 1606 2090 lilius
1648 2013 1889 2094 Terovcnam

433 2124 484 2209 ad
516 2128 712 2240 Vargam,
736 2122 889 2208 militum
924 2150 947 2204 a
981 2125 1139 2210 Caesare
1189 2152 1316 2209 versus
1360 2153 1447 2210 cum
1490 2123 1650 2208 exercitu
1697 2125 1888 2236 procedit.

431 2241 597 2326 Nicaeae
626 2241 808 2354 pracsidio
840 2239 1049 2324 relictorum
1076 2243 1138 2326 tri·
1189 2241 1363 2326 Induciae
1397 2267 1539 2325 novem
1575 2241 1754 2324 mensium
1795 2241 1890 2326 inter

432 2357 580 2442 bunum
607 2357 742 2443 indicio
770 2353 952 2441 defertur.
1002 2361 1035 2440 Is
1068 2358 1137 2442 du·
1188 2356 1290 2441 hunc
1349 2380 1389 2441 et
1445 2357 1636 2442 Comitem
1686 2361 1890 2442 burensem

433 2498 564 2559 centos
610 2474 871 2587 scloppe'tarios
918 2498 1137 2587 opportuno
1187 2471 1303 2559 fiunt.

432 2587 521 2677 loco
550 2591 681 2677 insidiis
709 2591 888 2675 collocat.
1246 2597 1306 2676 ΙΙΙ.
1364 2588 1559 2675 Cornelius
1577 2595 1752 2704 Sceperus
1773 2597 1891 2678 aCo·

493 2710 638 2794 XXIV.
695 2713 842 2792 Turcae
879 2730 1032 2792 centum
1071 2708 1135 2795 de·
1186 2705 1276 2794 mire
1299 2706 1453 2791 Burensi
1477 2709 1527 2792 ad
1551 2708 1732 2792 Carolum
1763 2709 1891 2796 missus

433 2820 550 2911 lectos
581 2825 750 2911 homines
789 2825 840 2910 ad
888 2850 968 2907 rem
1008 2853 1134 2944 geren·
1187 2852 1276 2909 eum
1306 2824 1501 2910 certiorem
1535 2820 1621 2908 facit
1650 2825 1697 2910 de
1736 2827 1890 2938 proclivi

332 2996 333 2999 κ
433 2943 523 3026 dam
567 2968 790 3058 exponunt,
822 2940 935 3026 seda
965 2944 1135 3054 quodam
1187 2942 1238 3026 ad
1275 2970 1406 3056 pacem
1436 2944 1547 3057 Regis
1578 2940 1720 3026 Galliae
1757 2944 1890 3028 volun-

433 3059 645 3146 Christiano
675 3059 830 3162 milite,
863 3081 908 3141 ut
930 3056 1136 3144 interdum
1186 3081 1283 3142 tate.
1332 3059 1478 3144 Annuit
1521 3062 1695 3162 Caesar,
1731 3087 1890 3146 etcum

310 3204 315 3211 ⁹
433 3177 594 3280 accidit,
621 3175 772 3261 nolente
804 3173 981 3286 scloppeti
1019 3175 1135 3260 telum
1187 3175 1298 3260 Velio
1337 3174 1464 3290 legato
1511 3174 1560 3258 de
1602 3175 1745 3260 ratione
1791 3176 1891 3262 illam

433 3293 611 3378 emittitur
641 3355 653 3399 ,
683 3322 764 3406 quo
800 3290 953 3405 strepitu
983 3289 1136 3378 detectis
1187 3292 1390 3377 stabiliendi
1432 3291 1532 3406 agit.
1581 3295 1641 3376 Eo
1684 3292 1890 3378 consilioa

416 3407 564 3496 *irtsidiis
606 3411 768 3495 celeriter
802 3415 949 3492 Turcae
980 3409 1030 3494 ad
1071 3439 1133 3494 na·
1186 3413 1290 3524 Rege
1326 3407 1523 3491 Gallorum
1568 3413 1716 3492 Lorena
1760 3411 1890 3496 Cardi-

430 3555 497 3611 ves
538 3529 656 3613 redire
691 3551 920 3642 properant3
949 3522 1051 3610 bona
1080 3551 1134 3612 ta·
1186 3527 1278 3609 nalis
1319 3549 1358 3609 et
1398 3524 1772 3609 Montimorensiacus
1803 3530 1889 3611 Co·

431 3671 520 3737 men
541 3675 672 3730 eorum
688 3675 770 3759 pars
784 3642 991 3728 conciditur
1008 3704 1020 3747 ,
1038 3671 1133 3739 non-
1185 3642 1376 3726 mesrabilis
1400 3703 1412 3745 ,
1437 3671 1460 3724 a
1490 3645 1647 3725 Caesare
1687 3642 1890 3728 Granvella

303 3772 307 3779 '
430 3759 522 3844 nttlli
568 3762 979 3875 comprehenduntur,
1023 3763 1134 3849 ceteri
1184 3787 1228 3842 ac
1243 3759 1450 3843 franciscus
1465 3762 1597 3844 Covus
1623 3756 1781 3873 delegari
1806 3788 1887 3872 pro

429 3878 480 3966 ad
510 3907 625 3966 naves
658 3881 840 3966 evadunt.
1187 3888 1236 3990 pe
1261 3877 1415 3961 Salsulas
1445 3875 1695 3960 conveniunt.

615 4036 619 4044 ·
1243 3998 1310 4079 IV.
1392 3990 1779 4106 Appropinquantibus
1816 3989 1885 4074 Ca·

612 4122 725 4212 LIB.
777 4120 946 4211 XVII,
1039 4198 1041 4202 ,
1184 4108 1268 4194 rolo
1310 4135 1349 4194 et
1381 4107 1600 4211 Francisco,
1632 4107 1721 4191 nihil
1758 4130 1887 4192 tamen

1183 4226 1383 4314 conveniri:
1424 4247 1547 4340 potest
1584 4222 1677 4309 inter
1697 4223 1881 4345 ..legatos3

483 4360 512 4438 I.
570 4314 755 4438 EOdem
793 4376 895 4434 anno
928 4344 1133 4435 Florentius
1183 4344 1429 4458 quamobrem
1481 4341 1637 4426 Carolus
1685 4332 1886 4444 Proceres,

425 4471 649 4588 Egmundus
681 4473 819 4553 Comes
858 4465 1027 4551 burensis
1069 4497 1132 4554 ex·
1182 4493 1280 4574 quos
1316 4462 1367 4545 ad
1399 4458 1629 4570 colloquium
1661 4484 1747 4539 cum
1779 4462 1885 4571 Rege

424 4591 578 4674 ercitum
614 4588 712 4699 iussu
737 4582 862 4668 Caroli
894 4583 1059 4672 Caesaris
1091 4587 1130 4668 in
1181 4580 1427 4660 barcinonem
1452 4596 1705 4679 evocaverat,
1727 4572 1886 4659 domum

423 4706 543 4792 Gallia
572 4703 717 4819 belgica
738 4724 911 4790 coactum
941 4700 1125 4786 iuGallo
1178 4696 1295 4780 redire
1321 4693 1498 4806 imperat.

1763 4768 1883 4889 n-
