4110 5888
569 370 820 456 CAROLI
862 373 917 454 V·
960 377 1077 456 LIB.
1109 378 1233 459 XVI.
1558 388 1588 478 7

242 539 339 634 VII.
413 540 612 656 Harum,
636 567 782 630 rerum
830 569 855 627 a
907 531 991 631 suis
1035 544 1131 634 Rex
1167 536 1313 636 Gallus
1356 534 1492 641 factus
1536 584 1631 644 cer-

158 676 292 799 tior,
314 712 365 776 ut
402 671 701 775 laborantibus
737 712 871 816 opem
906 668 1048 796 ferat,
1073 680 1310 780 exercitum
1346 724 1500 826 cogere
1538 730 1636 790 ma-

162 859 326 941 tutat,
360 861 415 922 ne
452 817 610 955 hyeme
646 828 737 951 jarn
774 854 1042 960 appetente,
1078 821 1248 962 Alpinis
1285 825 1459 931 nivibus
1503 868 1634 974 atque

163 964 414 1113 frigoribus
459 961 781 1066 excluderetur.
837 973 991 1102 ltaque
1034 1005 1182 1066 mense
1218 973 1471 1075 Novembri
1506 979 1641 1118 Alpi-·

168 1114 288 1234 bus,
326 1149 434 1252 quas
471 1102 585 1209 forte
622 1106 710 1205 hoc
746 1146 861 1206 anno
900 1107 1021 1222 nives
1065 1109 1192 1208 solito
1240 1116 1400 1215 tardius
1451 1158 1638 1262 occupa-

162 1294 307 1376 runt,
344 1249 589 1393 superatis,
625 1263 722 1352 Rex
758 1251 850 1393 ipse
904 1251 1051 1391 copias
1103 1254 1282 1397 triginta
1329 1258 1521 1365 millium
1573 1304 1639 1364 ar⁴

169 1438 398 1505 matorum
426 1394 659 1517 traduxit,
685 1433 728 1496 et
758 1394 868 1496 nihil
904 1437 930 1495 a
959 1397 1116 1497 nostris
1146 1399 1216 1500 vel
1254 1401 1529 1540 prohibitus,
1567 1407 1638 1509 vel

172 1550 403 1665 tardatus,
437 1540 672 1641 obsidione
709 1581 807 1641 suos
844 1537 1081 1662 liberavit,
1117 1584 1168 1642 ac
1203 1537 1402 1668 Salutiis,
1432 1586 1475 1649 er
1509 1552 1640 1691 quid-

169 1691 285 1832 quid
321 1698 412 1823 ejus
455 1685 614 1827 oppidi
660 1684 842 1785 ditionis
879 1721 1001 1806 etat,
1035 1687 1246 1831 receptis,
1284 1689 1347 1793 ibi
1389 1692 1639 1800 Gabrielem
1680 1814 1685 1822 ¹

170 1834 433 1976 Principum
468 1828 652 1932 fratrum
689 1829 928 1933 minimum
974 1869 1081 1932 natu
1116 1834 1426 1938 Marchionem
1468 1840 1638 1940 consti·-

169 1980 294 2089 tuit3
334 2017 440 2078 nam
471 2017 529 2076 ex
565 2015 754 2118 quatuor
801 2012 908 2077 natu
944 1979 1198 2098 maximus,
1233 1982 1378 2081 deleto
1422 1982 1477 2080 ad
1515 1992 1641 2082 Nea-

174 2124 321 2267 polim
357 2159 401 2223 et
426 2129 640 2224 Aversam
677 2120 904 2224 Gallorum
940 2122 1155 2241 exercitu,
1177 2123 1267 2265 ipse
1303 2165 1483 2266 quoque
1519 2165 1641 2227 mot-

105 2352 113 2358 .
171 2305 266 2371 tem
302 2267 599 2409 oppetiverat.
647 2265 768 2367 Huic
805 2276 1001 2405 Joannes
1036 2267 1228 2368 Aloisius
1282 2276 1378 2401 jure
1416 2269 1639 2409 proximus

179 2412 467 2520 succedebam
504 2453 558 2513 eo
595 2449 782 2530 tamen,
817 2412 923 2553 quia
961 2411 1120 2514 mentis
1156 2450 1244 2515 erat
1280 2452 1375 2512 non
1412 2412 1527 2515 bene
1576 2456 1642 2515 sa*

173 2598 288 2679 nae,
330 2593 373 2658 et
417 2555 654 2657 aGallicis
699 2594 851 2658 averso
900 2556 1052 2658 animo
1089 2559 1240 2660 Caroli
1275 2557 1468 2660 Caesaris
1514 2556 1644 2660 rebus

174 2702 370 2805 nimium
414 2704 585 2803 studere
627 2698 896 2822 videbatur,
931 2703 978 2801 in
1016 2702 1191 2803 vincula
1239 2712 1478 2835 conject0,
1514 2714 1643 2801 Fran-

174 2849 341 2949 ciscum
391 2848 567 2949 tertium
616 2842 790 2947 fratrem
841 2847 1011 2948 Salutiis
1064 2843 1353 2986 praefecerat.
1407 2836 1490 2947 Sed
1538 2885 1642 2948 curn

172 2993 413 3094 Franciscus
450 2995 506 3093 ad
542 2991 752 3094 Carolum
785 3069 802 3111 ,
835 3028 885 3092 ut
920 2993 1315 3094 demonstravimus
1353 3067 1370 3109 ,
1419 2991 1642 3091 transivis-

178 3173 276 3257 set,
315 3149 412 3241 Rex
448 3144 669 3274 Joannem
705 3136 928 3238 Aloisium
981 3135 1177 3239 solutum
1229 3135 1461 3253 vinculis,
1504 3170 1547 3234 et
1596 3136 1645 3235 in

72 3314 74 3317 ’
181 3280 413 3422 pristinam
450 3280 713 3425 dignitatem
750 3281 997 3383 restitutum
1035 3282 1229 3384 dimisit.
1267 3281 1341 3381 Ille
1376 3318 1483 3380 vero
1519 3317 1644 3381 vete-

177 3427 234 3528 ris
269 3427 458 3561 injuriae
504 3428 644 3572 magis
682 3465 817 3567 quam
867 3427 1049 3527 recentis
1101 3425 1300 3530 beneficii
1350 3461 1557 3542 memor,
1594 3425 1643 3523 in
1714 3542 1719 3553 ⁸

180 3608 319 3672 castra
355 3571 509 3672 Caroli
546 3571 778 3693 transivit,
820 3613 847 3672 a
882 3614 975 3714 quo
1011 3608 1111 3714 post
1147 3570 1418 3673 Franciscurn
1463 3563 1642 3670 fratrem

180 3717 238 3818 ad
274 3717 658 3860 Carmagnolam,
694 3753 744 3817 ut
791 3716 1014 3836 diximus,
1051 3712 1304 3836 sublatum,
1340 3713 1408 3812 in.
1439 3721 1530 3847 ejus
1573 3713 1645 3812 lo·
1783 3836 1785 3839 Ι

178 3899 288 3959 curn
337 3860 539 3962 suffectus
577 3937 591 3978 ,
626 3871 693 3993 jus
746 3894 790 3958 et
839 3858 1019 3960 titulum
1071 3861 1397 3961 Marchionatus
1449 3857 1638 3995 recepit.

177 4011 289 4104 Hoc
336 4004 468 4144 igitur
521 4005 684 4148 pulso,
719 4016 815 4108 Rex
866 4002 1118 4106 Gabrielem
1170 4001 1349 4107 fratrem
1398 4003 1446 4103 in
1498 4001 1648 4100 locum
1729 4086 1733 4094 .

182 4156 278 4285 ejus
316 4147 514 4250 suffecit.
640 4195 643 4201 ·

239 4303 356 4395 VIII.
435 4295 599 4397 Eadem
636 4328 834 4417 aestate,
867 4296 975 4398 dum
1011 4294 1118 4396 baec
1155 4297 1204 4397 in
1239 4291 1438 4396 citeriore
1473 4324 1515 4393 et
1540 4285 1648 4390 Sub

177 4436 330 4577 alpina
366 4438 507 4540 Gallia
535 4474 795 4584 -getuntut,
843 4440 1080 4538 Florentini
1118 4517 1132 4557 ,
1171 4441 1251 4579 qui
1286 4436 1356 4538 vel
1404 4477 1480 4536 sua
1516 4473 1655 4575 spon-

183 4616 229 4679 te
269 4582 547 4686 discesserant
591 4583 704 4703 ,vel
757 4583 895 4725 patria
947 4575 1118 4683 fuerant
1168 4584 1214 4684 in
1263 4581 1461 4682 exsilium
1498 4579 1659 4710 ejecti,

184 4725 466 4832 Mirandulae
516 4731 770 4871 circumque
825 4769 875 4828 ea
929 4726 1027 4828 loca
1076 4725 1266 4829 militem
1319 4723 1657 4837 conducebant,

1565 4863 1657 4964 bel-
