4192 5858
552 327 687 435 '22⁶
991 351 1075 436 m:
1122 347 1322 434 nauus
1374 278 1594 437 cnsrrs

557 553 662 618 vem
712 505 883 613 circiter
932 507 1106 630 millia,
1142 505 1306 650 partim
1355 550 1408 610 ex
1456 505 1715 653 indigenis,
1751 507 1914 656 partim
1963 551 2018 618 ex

558 652 893 762 Granatensibus
930 689 973 754 et
1007 653 1292 777 Valentinis,
1329 654 1409 797 qui
1445 655 1740 799 superioribus
1790 658 1918 762 annis
1965 660 2017 761 in

558 800 873 908 Mauritaniam
908 799 1241 943 migraverant,
1276 835 1320 900 et
1354 801 1512 903 Turcis
1548 803 1768 903 nonnullis
1804 846 1857 905 ex
1892 804 2015 908 navi-

559 946 641 1050 bus
691 948 925 1087 piratarum
975 944 1198 1047 evocatis.
1250 953 1464 1066 Comes,
1500 985 1602 1048 cum
1650 947 1891 1050 exercitum
1940 949 2013 1050 in·

558 1115 785 1211 strueret,
813 1091 860 1190 in
896 1085 1042 1189 fronte
1079 1089 1225 1190 media
1261 1089 1542 1231 equitatum,
1581 1100 1703 1224 cujus
1724 1116 1725 1119 ‘
1746 1128 1837 1193 erat
1881 1133 2015 1234 prae‹

557 1231 694 1337 fectus
732 1240 927 1372 Joannes
963 1231 1216 1354 Pachccus‚
1252 1233 1520 1357 collocavit,
1558 1234 1606 1334 in
1642 1269 1831 1378 utroque
1874 1275 2014 1339 cornu

558 1382 725 1524 pedites
762 1414 879 1480 extra
915 1377 1118 1481 ordinem
1154 1416 1393 1519 vagantes,
1433 1378 1480 1479 in
1516 1419 1710 1521 quorum
1746 1383 1901 1481 dextro
1937 1381 2017 1482 Al·

557 1522 735 1628 fonsum
764 1523 1075 1643 Villaroelcm,
1100 1522 1149 1624 in
1183 1522 1354 1624 sinistro
1390 1525 1609 1624 Mendum
1643 1527 1901 1627 Benavidem
1938 1565 2016 1624 cu·

556 1708 650 1772 rare
685 1669 840 1803 jussit,
874 1705 1113 1770 extremam
1155 1666 1297 1768 aciem
1351 1667 1596 1768 Franciscus
1646 1668 1861 1770 Corduba
1908 1708 2013 1769 cum

559 1813 769 1915 veteranis
820 1811 1174 1948 jaculatoribus,
1212 1853 1265 1912 ex
1315 1811 1459 1912 Orani
1515 1810 1733 1954 praesidio
1784 1813 2009 1929 deductis,

558 1960 754 2062 claudere
789 1999 815 2059 a
850 1995 969 2098 patre
1005 1955 1185 2059 Comite
1234 1966 1367 2089 jussus
1417 1989 1511 2076 est,
1544 1955 1624 2096 qui
1675 1955 1922 2096 plurimum
1970 1955 2011 2055 ei

559 2101 757 2212 fidebat;
792 2099 1015 2220 metuebat
1066 2101 1218 2220 enim,
1254 2099 1332 2232 (id
1369 2100 1494 2240 quod
1543 2099 1720 2237 evenit)
1755 2140 1810 2203 ne
1869 2099 2013 2202 hostes

559 2248 759 2349 conversi
792 2288 818 2348 a
852 2283 979 2386 tergo
1016 2280 1181 2345 nostros
1217 2242 1519 2344 adorirentur.

632 2399 787 2492 XLIII.
860 2400 980 2490 Cum
1015 2389 1063 2491 in
1098 2421 1381 2529 conspectum
1418 2385 1530 2489 intra
1564 2385 1729 2529 telique
1763 2397 1931 2520 jactum
1966 2428 2016 2487 a·

559 2530 645 2636 cies
682 2530 1018 2673 processissent,
1049 2570 1160 2632 unus
1197 2573 1249 2632 ex
1284 2527 1482 2631 hostibus
1518 2531 1827 2673 scloppetarius
1872 2532 2016 2632 natio·

560 2717 617 2780 ne
666 2683 859 2797 Tusca,
896 2675 1098 2817 longiore
1150 2674 1378 2776 intervallo
1426 2676 1573 2777 ceteris
1623 2712 1931 2818 antegressus,
1968 2676 2016 2776 in

560 2861 658 2925 cam
694 2856 896 2963 partem,
931 2818 1010 2920 ubi
1046 2815 1254 2922 Alfonsus
1288 2819 1497 2922 Villaroel
1538 2821 1817 2942 constiterat,
1854 2814 2017 2922 infesto

561 2966 652 3067 telo
688 3003 792 3064 cum
843 2965 1145 3103 processisset,
1182 2958 1387 3066 Alfonsus
1438 2963 1560 3065 idem
1610 2964 1747 3065 citato
1797 3003 1918 3105 equo
1970 2963 2019 3064 in

561 3109 705 3250 ipsum
741 3109 968 3227 advolat,
1013 3106 1216 3248 priusque
1253 3106 1372 3209 hasta
1407 3105 1608 3209 confodit
1666 3107 2018 3248 prosternitque,

560 3291 696 3395 quarn
732 3252 803 3352 ille
839 3288 984 3392 posset
1018 3250 1266 3392 igniculum
1301 3291 1402 3392 apte
1449 3255 1506 3353 ad
1540 3251 1821 3385 jaculandam
1870 3251 2025 3393 appli-
2061 3239 2076 3370 l

559 3435 689 3517 care,
724 3395 887 3497 timore
927 3391 1108 3496 fortasse
1158 3398 1408 3536 perterritus
1464 3395 1599 3497 hostis
1634 3432 1755 3497 tanta
1797 3395 2022 3498 celeritate
2051 3379 2067 3530 J

557 3538 982 3684 appropinquantis.
1036 3545 1200 3641 Comes
1250 3539 1399 3679 paucis
1440 3538 1587 3642 verbis
1638 3579 1737 3642 suos
1784 3538 2013 3660 hortatus,
2044 3533 2056 3676 l

558 3723 610 3787 ut
645 3685 816 3787 virtutis
853 3721 896 3784 et
933 3682 1113 3810 bellicae
1148 3684 1315 3827 gloriae
1351 3684 1657 3827 Hispanorum
1693 3724 1913 3787 memores
1951 3725 2014 3784 es·
2031 3677 2046 3835 p

559 3865 690 3950 sent,
727 3827 808 3969 qui
860 3867 984 3969 saepe
1036 3867 1170 3969 parva
1208 3867 1344 3929 manu
1391 3830 1589 3973 ingentes
1624 3835 1889 3930 Maurorum
1940 3836 2035 3948 co-gl

444 4046 446 4050 -
559 3977 686 4116 pias,
723 3970 902 4076 Christo
949 3969 1169 4092 favente,
1206 3967 1453 4092 fudissent,
1486 3975 1533 4074 in
1584 3971 1765 4094 hostes,
1801 3973 1882 4114 qui
1930 3951 2027 4103 jaml

559 4118 693 4261 signis
730 4113 895 4218 infestis
930 4114 1227 4238 accedebant,
1253 4155 1500 4259 procurrere
1535 4117 1688 4250 jubet.
1726 4127 1896 4259 Magna
1931 4116 2009 4257 igi,

559 4299 631 4363 tur
668 4262 714 4361 vi
763 4260 903 4363 nostri
955 4297 1221 4403 procurrunt
1257 4301 1270 4369 3
1306 4265 1381 4364 sed
1436 4299 1538 4366 ante
1574 4301 1749 4397 *omnes
1801 4259 1966 4361 Martio

559 4402 770 4506 Corduba
805 4439 848 4506 et
884 4402 1079 4542 jacobus
1115 4407 1350 4528 Pontius,
1386 4407 1528 4509 citatis
1564 4408 1726 4548 equis,
1760 4403 1809 4504 in
1846 4397 1961 4505 conf

559 4547 744 4648 tissimos
780 4551 1026 4671 advolant,
1060 4583 1102 4650 et
1138 4553 1247 4652 duos
1284 4547 1556 4693 signiferos,
1593 4553 1673 4694 qui
1709 4549 1860 4651 ceteris
1897 4576 1980 4646 an‘

556 4690 809 4814 cedebant,
844 4694 996 4836 primo
1029 4695 1203 4838 impetu
1238 4694 1540 4819 interficiunt,
1563 4736 1646 4799 nec
1683 4730 1832 4798 tamen
1868 4690 1934 4795 im

1931 5081 1949 5240 J

1926 5237 1938 5363 l

1916 5363 1930 5498 l

1906 5499 1920 5617 l
