4042 5864
557 464 560 471 1
679 425 769 500 STR

406 537 535 595 crinem
546 530 735 618 imperatoria
747 523 848 610 dicta,
860 543 894 597 et
909 525 1077 599 1111111111·

408 624 564 722 peratorii
588 624 745 713 Consilii.
771 631 816 696 ΙΙ.
851 632 927 721 776.
962 633 1075 698 Com-

408 744 558 796 meatum
570 725 753 822 grat'uitum
766 775 777 809 ‚
791 746 825 795 et
842 730 1003 823 poculum
1025 750 1075 796 ar·

408 843 567 922 genteum
598 844 676 894 cum
714 825 903 924 quingentis
941 825 1075 900 florenis

406 925 500 996 dono
539 921 693 1022 Philippo
726 927 888 999 Asturum
931 925 1074 1023 Principi

410 1023 493 1094 dat.
522 1028 568 1093 11.
591 1044 669 1118 777.

356 1123 467 1222 Spirae
496 1121 748 1195 Germanorum
769 1124 962 1199 Concilium
986 1124 1072 1197 cele-

409 1225 546 1294 bratur.
582 1223 628 1292 ΙΙ.
663 1247 745 1316 144.
776 1245 809 1295 11
846 1248 925 1318 177.
973 1229 1073 1316 Ejus-

408 1323 486 1394 dem
512 1324 665 1394 sacellum
706 1327 1001 1423 imperatorium,
1038 1326 1072 1395 in

407 1446 479 1518 quo
502 1424 724 1516 Imperatores
750 1446 830 1495 octo
854 1448 932 1498 cum
957 1424 1074 1498 uxori·

408 1525 471 1595 bus
486 1520 614 1592 conditi
635 1544 736 1595 sunt.
756 1530 803 1594 II.
824 1546 899 1617 777.
968 1592 970 1598 .

358 1628 489 1720 Squeva
505 1616 676 1692 conlluens
699 1621 744 1692 ad
757 1624 980 1695 Valdolitum.
998 1627 1026 1693 I.
1040 1640 1073 1711 5.

357 1728 514 1820 1411111111
546 1723 769 1792 onerariarum
804 1724 937 1794 navium
972 1746 1074 1819 genus

408 1847 427 1892 a
450 1819 571 1890 Turris
589 1821 633 1890 ita
653 1823 867 1918 appellatum.
880 1829 926 1893 11.
944 1843 1000 1910 17.

358 1919 550 2016 Squirozius
572 1921 681 1990 vicus.
707 1924 737 1990 I.
759 1943 836 2010 107.

361 2016 556 2093 Stoechades
585 2016 708 2090 insulae
730 2040 822 2090 nunc
845 2017 888 2090 ab
914 2017 989 2090 areis
1012 2040 1074 2088 co-

411 2117 644 2216 gnominatae.
667 2123 695 2187 I.
713 2124 796 2208 456.
816 2130 848 2190 V.
865 2115 1072 2189 Stoechades.

364 2216 539 2314 stephania
582 2215 683 2289 vidua
722 2216 858 2309 Joannis
903 2217 1074 2313 Zugnigae

413 2314 555 2410 Philippi
571 2322 733 2387 Asturum
759 2312 915 2411 Principis
942 2315 1074 2386 nutricii

1176 524 1281 597 ducta
1303 540 1484 632 exspectat.
1510 524 1558 595 Il.
1585 539 1679 615 449.
1704 522 1758 595 ils
1777 523 1843 599 ad·

1173 628 1294 718 junctis
1313 627 1407 694 Senas
1422 623 1526 694 redire
1547 624 1679 722 pergit,
1697 626 1792 696 donec
1805 625 1836 697 ei

1175 724 1359 824 Melignani
1381 721 1535 796 Marchio
1563 747 1648 795 cum
1674 728 1832 824 copiarum

1174 846 1268 925 parte
1296 823 1335 895 fit
1366 822 1526 894 obviarn.
1554 828 1603 892 Il.
1631 847 1722 915 470.
1757 825 1834 898 Binis

1174 925 1320 999 hostiurn
1343 924 1454 994 castris
1481 922 1634 994 obsessus
1650 932 1787 996 Arnum
1798 928 1840 994 in·

1174 1025 1315 1098 columis
1336 1023 1474 1111 trajicit.
1498 1029 1544 1093 II.
1573 1045 1663 1112 450.
1701 1030 1742 1094 In
1767 1025 1841 1095 fines

1171 1124 1378 1197 Florentinos
1399 1125 1510 1217 copias
1528 1122 1678 1206 inducit,
1695 1144 1730 1194 et
1750 1127 1839 1195 Mar-

1173 1225 1316 1297 chanum
1334 1222 1560 1314 Fajanumque
1579 1220 1713 1294 castella
1738 1225 1839 1320 capit.

1173 1331 1220 1396 Il.
1237 1346 1321 1415 471.
1346 1321 1586 1393 Animadversa
1598 1346 1742 1393 suorum
1755 1326 1839 1416 equi·

1173 1444 1249 1494 tum
1283 1422 1400 1518 fuga,
1433 1423 1538 1491 aciem
1570 1421 1773 1492 instructam
1809 1424 1839 1492 in

1175 1522 1388 1595 Caesarianos
1421 1519 1591 1589 convertit
1624 1570 1636 1602 ‚
1685 1522 1838 1615 brevique

1174 1622 1328 1694 oratione
1351 1641 1428 1689 suos
1444 1618 1666 1689 cohortatur.
1693 1626 1743 1690 II.
1761 1645 1837 1713 477.
1871 1638 1873 1641 ’

1175 1722 1308 1793 Amisso
1330 1719 1763 1802 1111111111,Μο111111111111111
1782 1744 1837 1792 sest

1174 1820 1255 1918 fuga
1272 1817 1409 1912 recipit.
1433 1822 1479 1887 ΙΙ.
1496 1839 1584 1908 474.

1124 1923 1258 1991 Strozus
1275 1918 1469 2012 (Philippus)
1480 1919 1684 1988 Florentiam
1698 1917 1732 1988 in
1744 1919 1839 1990 liber-

1174 2038 1277 2089 tatem
1299 2038 1434 2086 asserere
1467 2016 1588 2085 nititur
1606 2065 1618 2097 ,
1636 2020 1769 2088 sublato
1803 2017 1840 2088 de

1175 2116 1287 2189 medio
1311 2111 1504 2185 Alexandro
1530 2114 1688 2186 hledice.
1734 2124 1780 2188 ΙΙ.
1808 2119 1839 2185 8.

1176 2215 1351 2312 Capitur,
1375 2214 1546 2284 custodiae
1571 2213 1709 2300 datur,
1733 2237 1766 2286 et
1787 2216 1838 2287 sibi

1176 2334 1323 2388 mortem
1340 2312 1529 2382 consciscit.
1558 2317 1609 2382 Il.
1634 2338 1688 2406 17.

413 2410 570 2484 eumdem
594 2410 782 2510 Philippum
806 2416 990 2485 Barcinone
1011 2413 1075 2484 do·
1126 2418 1261 2488 Strozus
1276 2412 1496 2500 (Robcrtus)
1518 2412 1665 2510 Philippi
1680 2413 1766 2486 filius
1780 2410 1837 2482 mi·

416 2512 464 2583 mi
485 2511 630 2607 excipit.
647 2517 693 2583 II.
717 2533 796 2606 351.

1176 2516 1268 2585 litem
1286 2509 1469 2583 conducit.
1498 2516 1546 2580 ΙΙ.
1572 2536 1631 2581 11.

364 2614 476 2687 Stilico
501 2606 654 2681 adversus
677 2610 829 2683 Gotthos
856 2608 899 2682 ab
917 2605 1074 2682 Honorio
1126 2615 1259 2686 Stunica
1282 2611 1451 2701 (joannes)
1467 2612 1637 2680 Castellae
1659 2616 1835 2682 Commen-

414 2712 550 2781 missus.
579 2715 609 2778 Ι.
629 2714 685 2779 26.
705 2729 738 2780 et
757 2733 813 2802 27.

1176 2709 1322 2783 datarius
1339 2707 1462 2794 major.
1492 2712 1522 2775 Ι.
1544 2713 1632 2801 718.

365 2809 564 2885 Stocachuur
594 2809 767 2907 Hegoniae
798 2802 988 2906 oppidum.
1030 2808 1075 2878 11.
1128 2809 1262 2882 Stunica
1297 2805 1485 2894 Sotomajor
1517 2806 1779 2894 (Frontinus).
1805 2814 1835 2875 P.

416 2923 500 2999 419.

1179 2908 1353 2996 Bejaranus
1369 2908 1473 2975 Dux.

368 3002 565 3081 Stoechades
595 3001 739 3077 insulae.
768 3008 814 3076 11.
848 3026 902 3099 74.
930 3017 962 3077 V.
986 3004 1077 3074 Stae·
1128 3005 1323 3102 Subalpinus
1337 3005 1488 3101 Princeps
1505 3011 1520 3092 (
1535 3003 1780 3083 philibertus).
1795 3000 1834 3070 IL

417 3105 549 3176 chades.

1183 3108 1411 3199 379·et46s·

372 3207 504 3279 Strorus
527 3202 713 3288 (Petrus).
739 3202 785 3270 11.
809 3225 863 3272 11.
891 3206 924 3272 Α
945 3199 1080 3272 Franci·
1128 3208 1292 3276 Subsidium
1312 3226 1330 3271 a
1354 3200 1490 3273 Clericis
1510 3203 1643 3270 Carolo
1664 3193 1835 3269 contribui·

420 3326 478 3375 sco
494 3303 673 3372 Gallorum
691 3304 783 3397 Rege
799 3300 831 3370 in
851 3299 978 3369 Italiam
1000 3300 1081 3370 mit-

420 3402 528 3472 titur.
561 3405 607 3470 11.
640 3419 720 3488 214.
752 3395 942 3470 Mirandula
977 3396 1082 3493 profi-

421 3498 556 3571 ciscitur
571 3549 582 3583 ‚
597 3517 634 3567 ut
654 3496 763 3593 copias
775 3500 808 3566 in
828 3498 994 3566 Taurinos
1013 3517 1084 3591 per-

422 3599 539 3670 ductas
562 3621 640 3668 eum
669 3598 813 3667 exercitu
843 3596 975 3666 Gallico
999 3616 1084 3665 con*

1178 3324 1257 3373 tur.
1279 3305 1325 3370 11.
1345 3321 1425 3391 514.
1451 3297 1551 3369 Adeo
1569 3299 1606 3367 in
1630 3293 1837 3368 consuetudi-

1180 3425 1257 3472 nem
1275 3402 1389 3480 venit,
1404 3417 1441 3468 ut
1466 3398 1537 3467 vim
1557 3418 1740 3493 perpetuae
1772 3415 1838 3487 pos·

1179 3498 1323 3571 sessionis
1348 3500 1415 3586 jam
1434 3496 1560 3567 habere
1589 3495 1768 3567 videatur.
1797 3494 1837 3562 11·

1185 3618 1265 3688 514·

421 3699 563 3793 jungat.
601 3701 646 3764 II.
673 3717 755 3785 214.
787 3699 825 3764 ln
862 3694 977 3791 fugam
1007 3718 1083 3779 cum
1131 3693 1393 3770 Sucrofluvius.
1417 3698 1635 3784 Ι.7.1171.

423 3795 487 3866 suis
507 3789 694 3862 vertitura
729 3792 929 3865 Caesarianis
964 3792 1086 3864 insidiis
1131 3796 1340 3870 Sucronensis
1364 3792 1469 3862 sinus.
1499 3797 1528 3861 I.
1552 3816 1611 3884 17.

422 3893 615 3965 collocatis.
644 3894 690 3962 11.
711 3915 792 3981 215.
833 3895 1008 3986 Superatus
1029 3887 1086 3960 fu·
1132 3895 1271 3968 Suecia.
1298 3898 1325 3962 Ι.
1345 3914 1402 3983 17.

418 4013 465 4089 ga
488 3987 531 4060 ad
557 3989 694 4058 salutem
718 3987 903 4078 contendit.
930 3994 975 4057 ll·
1004 3991 1085 4057 216·
1132 4001 1290 4069 Suesanus
1310 3994 1392 4060 Dux
1420 3989 1635 4074 (Gonzalus
1661 3981 1839 4056 Femandus

423 4088 592 4163 Adversus
606 4092 767 4179 Joannem
784 4089 964 4182 Baptistam
982 4088 1086 4157 Mon-

422 4189 511 4260 tium
535 4189 645 4282 copias
666 4187 793 4257 inducit
809 4232 817 4254 .
835 4186 880 4255 II.
896 4208 981 4276 411.
1011 4189 1088 4254 Fer·

425 4282 530 4358 nandi
561 4290 745 4382 Gonzagae
769 4304 885 4355 castra
918 4282 1086 4355 adoritur.

424 4385 472 4458 11.
500 4406 585 4478 417.
617 4384 754 4454 1-11111111
777 4384 878 4480 Regis
913 4386 1088 4455 voluntate

420 4501 500 4582 post
539 4485 670 4555 Termis
711 4481 884 4554 discessum
931 4486 1088 4554 Senarum

427 4579 598 4656 custodiae
630 4577 774 4678 pracest‘.
812 4580 856 4650 ΙΙ.
886 4599 971 4672 449.
997 4587 1087 4653 Cum

430 4680 572 4755 m'ditum
606 4705 707 4752 manu
742 4681 822 4752 urbe
854 4678 1018 4752 discedens
1056 4683 1090 4752 in

415 4781 631 4855 ·Lucensibus
651 4780 773 4854 finibus
792 4779 987 4879 Grysonum
1001 4782 1094 4852 Cer·

428 4905 673 4976 manorumque
704 4899 852 4976 quatuor
878 4883 981 4957 millia
1005 4907 1092 4956 con-

1182 4090 1376 4168 Corduba)
1416 4105 1449 4155 et
1489 4087 1675 4156 Cabrensis
1708 4092 1840 4161 Comes,

1184 4193 1346 4262 Castellae
1369 4183 1524 4258 Concilio
1541 4188 1703 4255 interest.
1728 4189 1769 4253 ll.
1789 4187 1837 4266 67.

1184 4289 1331 4360 Gonzali
1357 4284 1465 4383 magni
1484 4308 1618 4378 nepos,
1647 4278 1841 4354 voluntarius

1185 4409 1217 4459 et
1241 4389 1413 4458 invocatus
1446 4382 1489 4453 ad
1513 4384 1709 4480 Argeliense
1728 4381 1842 4450 bellum
1945 4384 1946 4411 ³

1186 4489 1377 4559 concurrit.
1396 4487 1441 4553 Il.
1465 4505 1541 4573 140.
1566 4484 1723 4582 Argeliae
1737 4478 1843 4575 appel·

1185 4587 1234 4656 lit.
1262 4585 1308 4654 ΙΙ.
1332 4607 1410 4676 147.
1431 4584 1622 4679 Philippum
1651 4577 1844 4654 Maximilla·
1943 4662 1944 4665 ¹

1186 4709 1269 4756 uum
1301 4680 1345 4754 ad
1374 4681 1589 4772 Qemadam
1630 4685 1845 4753 salutaturum
1939 4760 1961 4771 -

1188 4785 1389 4855 comitatur.
1415 4784 1460 4852 ΙΙ.
1483 4803 1563 4876 749.
1593 4784 1787 4879 Philippum
1809 4771 1848 4845 ad
1931 4824 1933 4856 3

1186 4882 1371 5024 R‘hodopes
1418 4904 1558 4981 portum
1592 4884 1849 4984 proficiscentem
1929 4930 1954 5000 ,a

1797 5004 1850 5050 co-
