4102 5864
537 465 620 577 398
928 474 1009 555 nn
1056 472 1256 553 nunus
1304 469 1522 552 cosrts

490 631 567 731 sed
603 627 677 729 hic
713 628 821 729 dum
857 665 1022 770 magno
1059 629 1253 747 animo,
1290 664 1534 767 magnaque
1570 663 1669 726 cura
1705 622 1959 756 injunctum

488 772 571 874 sibi
608 813 767 872 munus
808 809 1104 910 exsequitur,
1139 705 1325 871 frustirlis
1374 765 1607 908 perfractae
1656 768 1809 869 hostili
1857 806 1954 870 tor-

484 950 637 1017 mento
666 914 869 1015 materiae
895 913 1089 1013 confixus
1118 913 1304 1055 graviter
1334 914 1610 1012 vulneratur.
1642 914 1950 1027 Quamobrem

484 1060 529 1159 in
564 1056 691 1188 hujus
728 1058 877 1157 locum
905 1056 1080 1156 Solisius
1120 1057 1319 1156 centurio
1367 1057 1471 1156 alter
1508 1052 1711 1154 suffectus
1747 1097 1774 1154 a
1825 1067 1948 1198 Vega

403 1335 405 1339 γ
485 1202 824 1339 summissnsque
862 1236 953 1298 tam
990 1234 1159 1300 strenue
1212 1240 1255 1315 se
1292 1199 1466 1340 gessit,
1518 1235 1568 1297 ut
1605 1237 1657 1298 eo
1693 1233 1870 1299 curante
1906 1237 1948 1298 et

485 1342 747 1443 adhortante
784 1342 903 1442 bona
940 1381 1035 1481 pars
1072 1341 1229 1460 muri,
1276 1378 1390 1441 certe
1426 1377 1642 1479 quantum
1678 1342 1803 1443 ad
1790 1377 1946 1441 rtrum-

484 1488 681 1625 pendum
718 1485 817 1584 satis
854 1521 993 1604 esset,
1031 1486 1190 1584 eodem
1225 1482 1297 1583 die
1334 1483 1620 1613 dejiceretur.

558 1635 801 1726 LXXXIII.
876 1561 1085 1726 Postiidie
1122 1664 1248 1725 mane
1285 1625 1486 1763 dispositi
1522 1626 1680 1725 milites
1718 1665 1796 1766 per
1828 1629 1944 1758 deje-

467 1803 554 1899 'cta
590 1808 822 1869 murorum
860 1767 996 1868 tribus
1034 1765 1279 1907 partibus,
1319 1802 1497 1906 accepto
1543 1811 1568 1869 a
1604 1780 1754 1909 Vega
1783 1770 1943 1909 signo,

414 2042 416 2045 ι
481 1910 772 2052 irrumpere,
810 1947 859 2010 ut
894 1913 994 2039 jussi
1046 1906 1263 2026 fuerant,
1303 1912 1548 2014 nituntur,
1587 1913 1661 2010 sed
1717 1911 1943 2011 duabusa

483 2089 598 2152 terra
635 2051 828 2195 partibus
866 2091 1055 2192 repertus
1093 2088 1155 2152 est
1189 1986 1329 2151 aditus
1381 2047 1663 2151 difficillimus
1700 2127 1717 2173 ,
1755 2093 1939 2193 quarum

483 2196 615 2296 altera
652 2198 893 2296 Fernandus
930 2197 1109 2297 Toletus
1162 2196 1357 2295 militum
1411 2196 1613 2294 tribunus
1667 2197 1778 2294 dum
1814 2233 1940 2296 trans

482 2339 667 2437 cendere
723 2374 957 2457 conatur,
996 2339 1142 2479 paucis
1192 2332 1472 2477 sequentibus
1515 2331 1753 2436 fortissime
1807 2338 1936 2437 dimi-

481 2518 583 2578 cans
621 2480 905 2585 occiditur3
894 2518 1041 2620 ltaque
1076 2521 1122 2580 ιιι
1146 2519 1241 2579 eam
1259 2519 1456 2619 ,quaea
1502 2518 1609 2579 marr
1596 2478 1838 2620 patebat,
1860 2521 1938 2580 un-

481 2621 619 2762 dique
653 2624 952 2723 concurritur.
1008 2634 1108 2722 Hac
1145 2624 1358 2734 milites,
1395 2662 1488 2721 non
1524 2658 1622 2723 toto
1677 2659 1857 2785 pectore
1889 2663 1937 2722 ex

480 2804 597 2904 aqua
646 2801 901 2889 exstantes,
936 2806 1040 2866 cum
1092 2767 1393 2867 invaderent·
1385 2831 1397 2870 ‚
1434 2767 1745 2866 tormentarius
1803 2766 1934 2924 pulvis

476 2945 637 3046 magna
689 2949 740 3007 ex
788 2944 910 3048 parte
962 2903 1221 3010 madefactus
1277 2910 1502 3048 scloppeta
1553 2907 1692 3009 multa
1754 2907 1936 3008 reddidit

479 3048 695 3147 inutilia·
688 3115 699 3154 ‚
750 3049 900 3190 itaque
936 3050 1064 3152 hastis
1103 3053 1381 3214 potissimum
1419 3051 1700 3211 gladiisque
1724 3089 1819 3151 rem
1856 3091 1934 3149 no-

479 3191 555 3288 stri
590 3228 818 3331 gerentes,
854 3191 1033 3313 hostes,
1071 3196 1150 3333 qui
1186 3196 1279 3295 acie
1314 3197 1518 3295 instructa
1557 3234 1645 3295 sese
1689 3195 1935 3334 irrumpen-

477 3276 619 3431 tibus
614 3332 899 3462 objecerant,
924 3338 1243 3476 propulerunt,
1269 3347 1438 3468 majore
1458 3339 1637 3437 illorum
1631 3374 1779 3498 ‘parte
1796 3414 1812 3460 ,
1832 3377 1939 3478 quae

481 3476 756 3615 pertinaciter
791 3476 1048 3599 resistebat,
1084 3482 1285 3587 concisa3
1328 3520 1408 3578 nec
1445 3517 1593 3580 tamen
1628 3482 1848 3621 impune,
1877 3515 1943 3579 aut

481 3657 576 3717 uno
612 3659 844 3761 congressu
881 3622 1068 3761 superati
1119 3657 1375 3741 cesserunt,
1413 3624 1487 3722 sed
1544 3624 1754 3723 multis
1743 3662 1792 3722 m
1843 3624 1944 3722 locis

478 3797 629 3922 pugna
663 3765 983 3906 redintegrata,
1017 3766 1125 3864 dum
1162 3807 1205 3865 se
1242 3767 1455 3926 quisque
1465 3801 1509 3863 et
1545 3806 1643 3865 suos
1679 3759 1937 3890 fortissime,

478 3938 531 4002 ut
577 3943 624 4003 ιιι
674 3942 864 4005 extrema
913 3909 1263 4046 desperatione,
1297 3947 1377 4046 pto
1415 3907 1505 4006 vita
1540 3942 1582 4006 et
1623 3903 1830 4006 libertate
1867 3948 1944 4048 pu-

480 4083 662 4185 gnantes
713 4043 977 4147 defendunt.
1046 4060 1197 4190 Itaque
1250 4091 1343 4150 non
1401 4052 1492 4150 sine
1545 4086 1798 4151 nostrorum
1855 4091 1950 4150 me·

479 4190 672 4291 diocri
657 4227 822 4323 jactura
857 4192 1077 4330 oppidum
1113 4195 1387 4353 direptum,
1409 4227 1468 4295 et
1504 4194 1704 4293 mortales
1759 4232 1950 4313 omnes,

481 4331 641 4470 quibus
678 4335 845 4474 gladius
884 4371 1181 4473 pepercerat,
1221 4374 1268 4435 m
1304 4336 1557 4435 servitutem
1595 4332 1827 4435 abstracti
1879 4337 1954 4436 Src

483 4470 849 4611 Aphrodisium
840 4517 886 4577 ιιι
918 4478 1220 4639 Hispanorum
1268 4515 1526 4617 potestatem
1565 4479 1763 4618 pervenit
1785 4516 1955 4620 quarto

197 4650 287 4716 Amr
313 4668 435 4717 unns.
486 4616 586 4714 Idus
622 4619 938 4755 Septembris,
969 4659 1048 4759 qur
1083 4616 1167 4723 fuit
1203 4660 1340 4757 annus
1389 4620 1642 4724 millesimus
1680 4623 1956 4766 quingente

489 4758 622 4914 simus
659 4760 1061 4903 quinquagesimus.

1863 4916 1955 5008 Ex-
