3998 5850
431 477 674 559 CAROLI
724 476 775 557 V.
810 478 929 557 LIB.
962 480 1154 561 XXVIII.
1369 484 1457 575 445

55 680 170 782 quae
206 644 309 740 cuni
347 633 509 734 diutius
559 671 875 753 morarentur,
922 634 1243 774 adversariique
1285 677 1517 802 urgerent,

56 785 230 926 magnis
267 776 598 882 difficultatibus
619 791 843 877 Francesus
881 773 1177 877 alliciebatur:
1169 819 1275 877 ·arx
1307 783 1426 880 enim
1451 784 1519 882 in-

55 929 217 1028 choata
253 965 343 1028 non
360 961 459 1022 erat
481 959 628 1020 tutum
653 915 936 1061 perfugium,
957 961 1069 1060 quae
1105 960 1187 1019 nec
1224 918 1388 1023 foribus
1408 928 1520 1026 clau

57 1114 133 1190 sa,
177 1109 257 1170 nec
293 1066 521 1169 tormentis
559 1102 603 1165 et
639 1064 812 1204 reliquo
849 1063 951 1163 belli
986 1104 1195 1205 apparatu
1233 1069 1421 1187 munita,
1441 1110 1523 1168 nec

60 1251 318 1314 commeatu
362 1213 567 1311 instructa
611 1245 745 1317 erati
790 1208 1058 1348 stipendium
1104 1210 1286 1308 nullum
1316 1220 1522 1375 suppete

57 1356 182 1476 bat,
230 1393 273 1455 et
308 1393 464 1456 cuncta
501 1389 623 1452 erant
657 1353 803 1491 inopia
840 1391 1126 1514 pecuniarum
1158 1352 1519 1491 imparatissima

64 1513 182 1601 Cum
220 1501 356 1642 igitur
392 1511 593 1598 Senenses
636 1493 722 1595 hoc
758 1534 898 1595 unum
933 1495 1063 1594 missa
1098 1495 1321 1634 legatione
1365 1536 1522 1639 postu-

58 1645 247 1766 lassent,
281 1680 332 1743 ut
368 1643 671 1803 Hispanorum
709 1639 970 1778 praesidium
1006 1637 1114 1738 urbe
1149 1641 1350 1759 cederet,
1373 1639 1518 1743 hoc
1487 1680 1523 1743 si

59 1782 248 1888 facerent
301 1786 415 1885 nulla
462 1823 586 1885 mora
628 1781 928 1945 interposita,
968 1823 1011 1881 se
1047 1782 1130 1881 illis
1165 1778 1276 1880 nihil
1313 1824 1399 1886 esse
1434 1828 1521 1886 no

61 1931 253 2048 cituros,
292 1928 527 2028 consilium
562 1965 666 2024 curn
703 1925 1036 2024 centurionibus
1073 1927 1412 2044 communicat
1433 1931 1522 2027 vi-·

62 2113 249 2211 sumque
292 2107 354 2171 est
390 2071 437 2173 in
482 2105 601 2169 tanta
651 2104 695 2167 et
736 2106 885 2169 reruni
929 2069 1161 2229 iniquitate
1210 2104 1253 2167 et
1305 2070 1523 2209 paucitate

59 2217 254 2316 militum
307 2226 450 2314 tantae
499 2210 692 2311 hostium
742 2211 1100 2312 multitudinis
1089 2249 1308 2373 impetum
1360 2214 1523 2314 diutius

59 2359 260 2458 sustineri
297 2395 388 2455 non
425 2394 577 2497 posses
613 2355 821 2494 placuit
808 2356 945 2496 igitur
982 2357 1170 2496 tempori
1229 2393 1272 2455 et
1323 2360 1526 2496 postula

60 2504 115 2601 tis
177 2500 428 2603 Senensium
473 2501 756 2616 concedere,
801 2537 874 2598 et
905 2495 1223 2638 quiescentibus
1274 2500 1521 2601 adversariis

17 2658 20 2667 '
62 2642 171 2744 urbe
209 2643 555 2744 discesserunt
526 2641 661 2781 signis
699 2640 948 2778 explicatis,
969 2641 1314 2780 Orbitelumque
1351 2644 1522 2742 mariti

61 2827 190 2892 mum
226 2789 420 2888 Senensis
457 2785 637 2886 ditionis
673 2785 895 2886 castellum
933 2825 1018 2882 sese
1060 2786 1338 2908 contulerunt
1374 2826 1519 2888 mense

60 2932 228 3067 Julio,
266 2932 347 3070 qui
381 2925 469 3028 fuit
502 2968 639 3028 annus
675 2925 820 3029 Chisti
854 2927 1109 3030 millesimus
1144 2930 1523 3072 quingentesimus
1540 2933 1609 3004 As.
1625 2954 1666 3006 rr.
1672 2954 1706 3003 ¹³·
1719 2951 1783 3003 ¹¹¹

63 3072 460 3235 quinquagesimus
499 3072 736 3172 secundus.

133 3225 250 3317 VIII.
327 3217 412 3316 His
449 3214 579 3316 rebus
625 3213 816 3358 cognitis
867 3217 1051 3316 Carolus
1100 3218 1372 3321 Franciscitm
1422 3227 1525 3321 To·

63 3356 250 3460 letum
241 3398 342 3459 cum
378 3360 533 3461 litteris
570 3396 614 3459 et
650 3359 911 3458 mandatis
900 3399 947 3459 in
982 3361 1148 3460 Italiam
1187 3401 1416 3502 properare
1451 3374 1525 3494 ju-

65 3499 178 3625 bet,
201 3538 271 3620 et,
296 3503 407 3643 quid
443 3502 535 3603 fieri
571 3503 705 3622 velit,
726 3503 933 3602 ostendit.
970 3514 1008 3602 Is
1031 3505 1289 3604 Florentiam
1326 3508 1527 3606 adeum

65 3577 178 3744 deni
209 3659 427 3748 Cosmum
463 3647 719 3763 Medicem,
740 3647 844 3745 inde
879 3648 1123 3809 Neapolim
1157 3649 1212 3745 ad
1247 3656 1421 3749 Petrum
1440 3659 1527 3750 To

64 3786 205 3888 letum
241 3797 478 3930 Protegem
515 3830 618 3889 cum
646 3791 929 3930 pervenisset,
950 3825 991 3886 et
1016 3790 1194 3930 utrique
1224 3793 1374 3891 Caroli
1396 3835 1526 3895 man

67 3932 172 4030 data
208 3935 508 4068 exposuisset·
500 4001 512 4042 ‚
548 3932 778 4035 communi
816 3933 1062 4050 sententia,
1102 3973 1215 4072 quae
1262 3936 1316 4033 ad
1361 3934 1529 4036 bellurn

65 4070 322 4175 Senensibus
359 4072 632 4178 inferendum
672 4075 972 4236 pertinerent,
1010 4077 1317 4197 constituunt,
1355 4116 1401 4178 et
1446 4120 1528 4178 co-

66 4218 168 4316 actis
206 4215 442 4335 manibus,
479 4217 692 4359 rebusque
743 4218 983 4321 necessariis
1035 4219 1340 4381 comparatis,
1367 4230 1530 4323 Petrus

67 4361 282 4479 Tolerus,
320 4361 633 4499 Hispanorum
657 4360 797 4462 tribus
834 4359 1074 4463 millibus
1063 4401 1109 4460 in
1147 4363 1358 4463 triremes
1377 4365 1527 4529 impo-

64 4502 189 4618 sitis,
229 4505 319 4642 ipse
357 4544 538 4664 quoque
575 4544 678 4604 cuni
714 4503 861 4604 inultis
898 4543 950 4602 eir
985 4503 1134 4665 Regni
1172 4506 1423 4644 proceribus
1454 4510 1527 4610 Li

65 4645 262 4745 butrium
339 4647 545 4787 Pisasque
596 4646 878 4786 navigavit,
933 4686 1227 4787 expositisque
1281 4651 1525 4770 militibus,

65 4825 172 4892 cuin
208 4785 274 4890 his
310 4790 574 4895 Florentiam
624 4789 959 4932 progreditur,
1016 4791 1191 4898 Garc'ias
1228 4830 1379 4897 autern
1422 4794 1536 4931 filius

1418 4975 1523 5037 cuni
