4042 5864
382 444 467 517 NIC

1121 434 1234 513 ΝΟΜ

61 548 284 646 Neapolitana
297 545 435 617 *civitas
480 543 633 643 Philippo
666 545 774 615 Astu-
825 540 992 616 Nicaenus
1008 561 1109 639 ager.
1137 541 1182 610 11.
1197 563 1255 635 23.

106 674 181 722 rum
204 648 346 743 Principi
362 666 507 741 tapetem
541 648 652 742 magni
677 642 773 748 pretii
826 644 985 717 Nicolaus
1010 639 1135 712 Siciliae
1163 639 1275 738 Regni
1301 638 1538 713 Thesautarius

107 751 266 822 Genuam
287 749 415 820 muneri
431 745 557 815 mittit.
573 748 619 813 ll.
642 745 722 836 358.

874 741 982 839 capite
1001 740 1182 837 plectitur.
1208 743 1237 809 1.
1254 763 1318 832 42.

58 847 272 945 Neapolitani
294 846 544 917 tumultuantur
573 845 621 915 ob
647 863 771 914 novam
825 840 1006 917 Nicolicius
1048 840 1237 912 Pannonius
1266 840 1408 913 Guinzii
1437 839 1538 937 oppi-

98 953 216 1045 .legem
239 944 281 1017 de
308 944 551 1017 haereticorum
580 940 773 1014 044414Ηί-

107 1070 213 1144 spano
240 1046 306 1116 ritu
326 1042 585 1143 cognoscendis.
613 1047 660 1112 11.
693 1063 773 1134 340.

110 1149 419 1244 Magno-consensu
441 1146 547 1240 legem
572 1141 771 1237 repudiant.

101 1248 157 1317 ΙΙ.
178 1266 258 1338 344.
285 1245 373 1314 Petri
395 1243 511 1313 Toleti
538 1240 774 1339 Proregiscru·

2 1412 8 1424 ,
99 1345 280 1416 delitatem
308 1342 352 1412 ab
378 1342 425 1412 ira
454 1338 638 1439 profectam
668 1358 774 1409 mter·

110 1443 311 1542 putantur,
334 1464 438 1536 quam
463 1441 516 1513 ille
547 1463 566 1510 e
600 1436 773 1534 repudiata

42 1547 44 1556 '
110 1545 183 1641 lege
213 1540 383 1636 concipit.
411 1542 457 1609 11.
491 1561 570 1635 343.
597 1535 773 1630 Quosdam

858 940 912 1013 ‹di
946 938 1129 1038 praefectus
1154 989 1165 1025 ‚
1192 958 1227 1011 et
1250 941 1294 1012 ad
1316 943 1536 1036 solymanum

876 1066 896 1111 a
914 1040 1087 1112 Femando
1102 1045 1198 1139 Rege
1226 1041 1373 1139 legatus.
1407 1046 1435 1110 Ι.
1457 1063 1537 1132 344.

877 1140 1061 1211 Abrahami
1084 1141 1196 1211 Bassae
1217 1139 1376 1238 legationi
1401 1163 1538 1235 respon·
1681 1191 1683 1196 -

877 1239 953 1310 de't.
980 1242 1014 1307 Ι.
1035 1262 1114 1333 344.
1141 1240 1181 1308 In
1213 1241 1404 1311 Tutcarum
1435 1257 1539 1311 castra

878 1338 967 1407 venit
985 1338 1028 1408 ab
1052 1339 1246 1431 Abrahamo
1262 1359 1408 1437 rogatus.
1425 1344 1540 1431 I.325.

877 1436 985 1507 Nullis
1027 1436 1277 1510 conditionibus
1323 1438 1542 1531 quantumvis

877 1534 1212 1607 honorificentissimis
1243 1535 1431 1609 Guinziutn
1467 1557 1539 1607 tra-

99 1643 197 1715 ‘cives
222 1640 394 1738 primarios
424 1638 468 1709 ad
491 1649 666 1735 Protegem
694 1637 774 1706 mit·
878 1634 954 1707 dere
980 1658 1013 1705 se
1040 1658 1132 1731 posse
1154 1635 1221 1704 ait.
1243 1640 1271 1704 1.
1292 1644 1371 1728 346.
1406 1635 1539 1733 Oppidi

111 1758 216 1824 tunt,
240 1759 275 1809 et
294 1737 443 1808 inducias
470 1738 514 1807 ab
535 1736 655 1807 codem
672 1736 775 1831 impe·
876 1735 977 1804 ctiam
1001 1752 1195 1831 perpetuam
1218 1734 1384 1806 ditionem.
1400 1754 1538 1821 recusat,

101 1858 202 1909 arant
225 1885 237 1921 ‚
286 1835 367 1907 dum
396 1835 496 1934 legati
529 1836 699 1927 utrimque
732 1831 776 1905 ad
879 1857 920 1902 ne
935 1831 1036 1904 fidem
1056 1833 1142 1930 Regi
1157 1833 1270 1903 datam
1286 1835 1400 1904 violet.
1419 1839 1534 1928 1.326.

111 1944 288 2008 Caesarem
305 1936 510 2005 mittuntur.
539 1936 585 2001 11.
602 1954 681 2026 344.
697 1935 775 2004 Pla·
828 1931 1008 2005 Nieblensis
1034 1937 1177 2002 Comes.
1216 1936 1263 2001 ΙΙ.
1294 1955 1375 2026 434.
1411 1934 1539 2030 Philip·

110 2035 227 2106 cidum
249 2033 397 2104 Sandum
422 2052 455 2101 et
491 2032 616 2101 Salerni
647 2030 775 2103 Princi·
877 2054 959 2127 pum
981 2030 1214 2100 Salmanticam
1237 2028 1282 2100 ad
1302 2055 1455 2128 sponsam
1479 2054 1539 2103 ve·

111 2157 190 2232 pem
213 2135 341 2231 legatos
358 2130 402 2201 ad
425 2131 588 2202 Carolum
613 2130 773 2200 mittunt.
877 2131 1022 2201 trientem
1044 2133 1247 2201 comitatur.
1275 2131 1320 2198 ll.
1340 2152 1422 2223 243.

112 2236 159 2304 11.
189 2253 267 2326 344.
301 2235 354 2304 Ex
381 2230 539 2326 rescripto
565 2228 776 2325 Imperatoris
827 2228 946 2301 Nietus
969 2229 1061 2299 miles
1089 2227 1229 2321 quidam
1263 2252 1305 2300 ex
1337 2229 1539 2325 Methymna

110 2350 298 2405 erratorum
319 2330 449 2398 veniam
460 2377 471 2411 ‚
483 2348 517 2399 et
533 2327 575 2397 de
590 2329 662 2428 lege
679 2327 776 2399 silen-
875 2329 1062 2423 Campestri
1081 2329 1206 2424 primus
1220 2327 1379 2400 Tonsillas
1391 2351 1450 2428 pet
1464 2353 1539 2400 mu·

111 2430 199 2502 tium
216 2430 417 2524 impetrant.
441 2432 487 2498 Il.
508 2450 587 2522 343.
877 2449 951 2496 rum
978 2428 1185 2526 ingreditur.
1212 2433 1241 2497 I.
1260 2429 1318 2521 83.

63 2528 277 2626 Neapolitani
296 2525 422 2598 nobiles
437 2527 568 2625 plebem
589 2530 773 2598 concitant.
825 2526 949 2618 Nietae
978 2530 1101 2598 Comes
1126 2526 1301 2618 (Jacobus
1322 2531 1437 2622 Lupus
1464 2530 1536 2598 Zu-

22 2631 26 2635 *
115 2631 161 2697 11.
182 2651 262 2723 344.
874 2625 997 2722 guiga)
1023 2624 1184 2696 castellae
1202 2625 1358 2696 Concilio
1380 2627 1536 2698 interest.

63 2725 238 2804 Nebaotus
276 2724 414 2796 Henrici
447 2724 574 2794 bellum
606 2723 775 2820 Perpinia-
876 2730 922 2795 11.
939 2725 998 2793 68.

113 2849 211 2897 nense
226 2822 482 2894 administrantis
496 2829 650 2919 Legatos,
663 2821 775 2916 proxi-
826 2823 950 2894 Nievae
970 2825 1092 2894 Comes
1119 2830 1135 2911 (
1155 2822 1298 2914 Jacobus
1330 2824 1486 2894 Velascus
1504 2824 1533 2905 1.

111 2945 276 3017 mumque
291 2919 497 2994 auctoritatis
518 2923 633 2992 locum
649 2939 775 2991 tenens.
875 2924 903 2991 I.
922 2942 1003 3014 494
1036 2923 1163 2995 Carolo
1185 2922 1314 2992 Caesari
1335 2922 1380 2993 ad
1410 2922 1535 2993 bellum

112 3025 160 3091 11.
194 3027 273 3112 165.
874 3023 1064 3093 Tunetense
1085 3021 1270 3093 Barcinone
1289 3020 1392 3092 adest.
1409 3026 1437 3091 1.
1455 3041 1535 3114 334.

63 3123 179 3198 Nellae
203 3119 356 3195 Marchio
380 3117 413 3187 in
440 3117 578 3190 Hesdini
602 3119 684 3190 arcis
714 3142 776 3191 ex·
824 3120 923 3193 Nuria
957 3121 1143 3217 oppidum,
1167 3120 1263 3214 quod
1291 3134 1400 3193 Santra
1436 3121 1538 3192 Maria
1570 3167 1572 3178 ›

112 3221 319 3319 pugnatione
343 3236 460 3314 captus
476 3216 680 3290 Gandavum
700 3219 776 3289 mit·
874 3243 1075 3317 praenomen
1100 3218 1224 3291 habet.
1253 3225 1281 3289 1.
1298 3223 1358 3289 64.

112 3320 218 3389 titur.
251 3319 298 3388 ΙΙ.
313 3322 395 3409 466.
538 3356 541 3363 ·
825 3320 951 3407 Noajus
971 3320 1086 3390 vicus.
1111 3324 1140 3388 I.
1164 3338 1240 3405 403.

63 3429 221 3494 umnam
256 3439 347 3487 nunc
373 3414 465 3512 Spita
496 3414 577 3486 urbs
599 3415 774 3511 appellata.
825 3419 934 3490 Nola.
964 3422 992 3488 I.
1010 3441 1092 3512 473.
1131 3416 1190 3487 Ab
1216 3414 1371 3512 Hispanis
1393 3411 1534 3510 nequid·

114 3519 161 3586 ΙΙ.
183 3518 260 3608 376.
308 3552 310 3557 ⁷
872 3540 976 3610 quant
991 3536 1140 3586 tentata.
1166 3517 1195 3583 1.
1218 3538 1298 3606 275.

64 3613 290 3712 Neubutgum
313 3637 334 3684 a
359 3615 488 3686 Carolo
519 3609 698 3710 recipitur.
727 3615 773 3683 11.
823 3616 993 3688 Nomades
1015 3615 1074 3709 qui
1099 3614 1182 3684 sint.
1212 3616 1239 3682 1.
1271 3617 1349 3707 361.
1375 3616 1415 3682 In
1433 3616 1534 3682 *Ara-

116 3713 198 3782 486.
874 3716 928 3786 bia
952 3734 985 3787 et
1018 3713 1180 3786 Numidia
1208 3713 1290 3783 olim
1320 3709 1415 3782 fuisse
1453 3733 1545 3781 con-x

64 3810 277 3885 Neusestinus
299 3809 568 3896 (Sebastianus)
597 3810 774 3909 Mogunti-
873 3833 959 3885 stat.
994 3816 1022 3881 I.
1052 3815 1130 3907 361.
1158 3810 1341 3883 Charadini
1366 3808 1537 3908 diligentia

113 3933 176 3980 nus
203 3908 478 4005 Archiepiscopus
499 3909 627 4004 Spiram
649 3910 774 4005 Philip-
804 3984 806 3991 ,
873 3933 906 3983 et
927 3935 980 3982 ma
1005 3936 1047 3982 na
1070 3909 1222 3981 mercede
1243 3911 1286 3981 ab
1316 3911 1457 3980 Hazeno
1482 3931 1539 3976 au-

61 4007 772 4201 411111111111111113411177·
865 3936 1536 4181 ’41411144414444·

63 4207 187 4278 Nicaea
226 4204 450 4302 Allobrogum
481 4204 525 4275 ad
555 4206 772 4300 colloquium
873 4209 943 4279 neti
963 4208 1257 4305 appropinquant.
1281 4130 1316 4274 II.)
1331 4210 1410 4297 364.
1438 4203 1536 4273 Binas

112 4304 201 4373 inter¹
225 4302 353 4373 Galliae
381 4325 414 4372 et
457 4305 634 4400 Hispaniae
668 4312 775 4405 Reges
872 4307 980 4378 hastas
994 4325 1146 4404 gestant.
1175 4311 1203 4376 Ι.
1230 4310 1306 4398 367.
1332 4309 1461 4375 Eorum
1487 4325 1537 4372 44·

110 4402 318 4495 Paulumque
344 4401 540 4475 Pontificem
569 4404 773 4476 constituta.
874 4430 929 4475 ma
958 4425 993 4474 et
1027 4403 1205 4501 praeliandi
1241 4427 1366 4501 genus.
1403 4406 1430 4470 Ι.
1456 4404 1535 4495 367.

109 4503 161 4566 Π·
182 4522 234 4590 30·
872 4507 927 4575 Ex
952 4507 1076 4600 praelio
1104 4503 1285 4572 Tunetensi
1309 4501 1465 4572 interiora
1490 4522 1537 4570 re·

62 4597 214 4672 Nicaeno
234 4598 389 4670 Concilio
423 4596 570 4672 interfuit
599 4600 773 4699 Theophi-

113 4697 182 4764 lus.
207 4696 235 4762 1.
253 4720 310 4784 43.
669 4740 670 4743 =
875 4726 951 4771 nrm
974 4725 1092 4800 agmen
1111 4699 1154 4771 ad
1174 4703 1341 4799 Argeliam
1362 4701 1535 4769 lacessunt.

874 4801 920 4869 11.
950 4822 1028 4893 443.
1067 4802 1207 4871 Versuta
1230 4801 1346 4882 natio,
1370 4800 1456 4870 inani
1483 4812 1537 4892 sp'e

873 4899 1066 4973 Alcaudetis
1081 4899 1210 4973 Comiti
1233 4899 1371 4991 injecta,
1386 4896 1467 4968 nihil
1483 4918 1539 4965 eo·

1454 5017 1544 5084 rum,

63 4795 251 4869 Nicaenum
290 4796 481 4867 Concilium
516 4822 587 4894 quo
621 4793 774 4901 tempore

114 4913 363 4966 convocatum.
386 4896 414 4964 1.
434 4918 490 4988 43.

140 5003 276 5066 144411.
919 5078 925 5083 ,
1009 5066 1011 5071 ,
1203 5011 1230 5071 0

866 4603 980 4701 'gionis
1013 4621 1155 4699 petunt.
1191 4607 1218 4670 Ι.
1246 4623 1331 4692 404.
1367 4601 1539 4696 Hispano·
1573 4619 1575 4623 ’
1696 4589 1700 4600 “
