4034 5858
506 428 594 517 ⁵14
883 415 970 498 nn
1009 412 1209 497 REBus
1256 414 1480 503 cusms
1573 456 1576 460 =

462 621 506 686 te
544 575 746 682 doctrina
781 611 824 674 et
860 572 1075 714 religione
1107 569 1360 737 Theologis
1385 573 1666 680 Valdolitum
1699 617 1926 684 convoca

465 727 550 847 tis,
589 723 668 824 hos
706 716 888 820 occultis
924 715 1158 880 colloquiis
1195 717 1414 860 disputate
1460 753 1509 823 et
1560 723 1830 826 constituere
1862 736 1923 860 ju
1922 748 1929 769 ”

466 871 587 991 bet,
623 902 733 968 num
780 862 900 1005 Regi
935 857 1061 963 fas
1033 898 1128 962 ιιι
1127 861 1428 1006 ,interposita
1473 865 1696 970 Pontificis
1741 870 1923 974 Maximi

463 1015 757 1131 auctoritate,
793 1049 913 1109 vrcos
947 1043 995 1109 et
1029 1008 1271 1149 municipia
1305 1006 1623 1111 Ecclesiasticae
1660 1012 1848 1116 ditionis
1874 1017 1926 1118 ad

468 1150 667 1303 publicos
703 1192 747 1255 et
783 1153 1041 1289 necessarios
1094 1151 1382 1396 Reipublicae
1432 1154 1669 1298 Regnique
1712 1185 1814 1260 usus
1859 1158 1925 1260 di-

469 1306 678 1407 vendere.
719 1312 822 1422 Qua
859 1300 913 1399 de
950 1336 996 1407 re
1032 1336 1136 1411 cum
1192 1333 1320 1398 uisset
1355 1333 1552 1400 accurate
1604 1339 1654 1401 ac
1700 1302 1923 1464 diligenter

470 1450 770 1590 disputatum,
792 1442 1126 1583 pronuntiatum
1163 1477 1223 1542 est
1258 1443 1314 1543 de
1332 1440 1528 1544 Concilii
1561 1445 1809 1568 sententia,
1830 1485 1925 1550 cunt

472 1628 735 1719 constet,a
712 1625 886 1689 auctore
923 1587 1091 1706 Paulo,
1130 1625 1310 1687 omnem
1350 1585 1573 1728 Apostolis
1622 1627 1674 1689 ac
1726 1629 1924 1691 successo

472 1734 592 1835 ribus
629 1767 890 1872 potestatem
926 1733 981 1831 ad
1001 1727 1211 1831 Ecclesiae
1235 1719 1586 1831 aedificationem
1622 1735 1779 1833 datam
1815 1775 1923 1834 esse
1910 1810 1926 1853 ‚

472 1878 639 1979 nullam
676 1878 746 1975 ad
768 1874 1135 1995 destructionem,
1175 1911 1266 1978 non
1303 1915 1389 2036 esse
1426 1873 1498 1975 id
1508 1873 1768 1978 Pontificiae
1806 1913 1923 2017 pote-

325 2042 327 2044 ’
473 2020 628 2140 statis,
669 2019 918 2161 praesertim
952 2018 1001 2120 in
1036 2057 1085 2118 ea
1121 2056 1267 2119 rerum
1302 2015 1535 2160 iniquitate
1570 2015 1801 2135 haereticis
1847 2018 1923 2121 ob*

474 2098 686 2269 trectaitdi
722 2162 973 2265 occasiones
1008 2160 1342 2300 arripientibus,
1362 2162 1489 2304 quod
1524 2199 1569 2262 et
1602 2163 1823 2265 Ecclesiae
1841 2202 1923 2306 ρει

475 2308 692 2412 niciosum
742 2341 786 2406 et
832 2301 950 2407 nefas
994 2344 1079 2405 esse
1115 2304 1361 2431 videretur,
1400 2342 1450 2422 ut
1485 2343 1621 2447 opes,
1655 2305 1821 2450 quibus
1854 2319 1924 2409 Ec

477 2451 603 2554 clesia
638 2446 841 2570 fulcitur,
882 2486 1082 2590 quaeque
1119 2482 1219 2549 sunt
1256 2450 1297 2552 ei
1332 2448 1542 2592 dignitati
1576 2486 1622 2551 et
1659 2489 1926 2571 ornamento,

468 2638 504 2723 a
539 2594 742 2758 Principe
779 2591 827 2693 in
871 2589 1077 2734 profanos
1112 2604 1212 2694 usus
1260 2628 1604 2697 convertantur:
1644 2594 1791 2737 itaque
1835 2594 1926 2695 sine

477 2738 670 2843 maxima
714 2772 757 2838 et
797 2737 1029 2840 necessaria
1071 2775 1245 2857 causa,
1288 2737 1427 2879 qualis
1470 2774 1575 2839 tunc
1620 2740 1741 2840 nulla
1789 2732 1924 2901 lpret,

478 2882 647 2986 nullum
698 2923 749 2983 ea
799 2880 847 2980 in
897 2922 943 2982 re
990 2881 1141 2983 locum
1190 2918 1278 2981 esse
1320 2880 1578 2982 Pontificiae
1624 2881 1926 3046 permissioni}

479 3065 571 3144 uon
608 3026 729 3124 enim
779 3021 1003 3163 publicam
1038 3023 1252 3144 salutem,
1290 3062 1366 3127 aut
1401 3024 1543 3166 ipsam
1578 3026 1849 3149 Ecclesiam,
1865 3061 1929 3128 cur

480 3170 604 3273 aliter
638 3166 807 3269 consuli
843 3201 1069 3310 nequeat,
1103 3170 1152 3271 iu
1186 3101 1418 3271 diictimen
1454 3169 1631 3270 vocari

510 3320 651 3414 ..Vll
733 3323 840 3434 Quo
877 3347 1069 3454 accepto
1119 3348 1328 3452 responso
1369 3315 1554 3415 Carolus
1594 3304 1724 3416 facile
1778 3307 1928 3416 destitit

482 3453 692 3597 incepto,
726 3459 893 3558 subsidio
929 3455 1204 3559 Clericorum
1238 3492 1501 3579 contentus,
1521 3460 1645 3601 quod
1679 3498 1824 3601 usque
1859 3455 1930 3557 ad·

482 3640 538 3702 eo
574 3600 1019 3714 inconsuetudinem
1055 3636 1286 3723 venerat,
1318 3639 1370 3702 ut
1421 3597 1517 3703 vim
1559 3640 1795 3747 perpetuae
1836 3640 1930 3744 pos·

484 3742 681 3844 sessionis
716 3755 807 3876 jam
841 3741 1000 3846 habere
1037 3743 1279 3848 videretur.
1322 3757 1431 3867 Quo
1467 3742 1634 3846 facturn
1670 3783 1767 3869 est,
1795 3782 1845 3847 ut
1878 3781 1931 3845 et·

483 3885 573 3989 iam
609 3887 773 4019 injussu
819 3887 1005 3992 viventis
1056 3888 1280 3990 Pontificis
1315 3890 1364 3989 id
1409 3890 1582 4032 exigere
1617 3890 1809 3993 ministri
1852 3899 1931 4020 ejus

485 4041 746 4152 tentarent,
783 4068 833 4131 ut
868 4033 1046 4143 ineunte
1080 4033 1202 4134 Pauli
1238 4045 1315 4137 IV.
1356 4033 1656 4155 Pontificatu‚
1691 4036 1776 4177 qui
1810 4031 1930 4135 seli·

465 4171 668 4275 bertatis
704 4163 1023 4278 Ecclesiasticae
1069 4211 1113 4277 et
1156 4176 1379 4342 dignitatis
1421 4180 1681 4281 acerrimum
1740 4174 1933 4280 defenso⁴

362 4363 363 4367 ι
481 4354 579 4435 rem
606 4313 709 4418 fore
741 4303 1059 4461 profitebaturt
1094 4316 1151 4423 ab
1186 4319 1273 4424 hoc
1309 4321 1429 4425 enim
1465 4325 1519 4435 de
1566 4327 1754 4424 subsidio
1797 4316 1935 4421 Cleri

483 4459 545 4558 cis
579 4462 887 4623 imperando
874 4465 1113 4606 tmpetrari
1133 4474 1258 4607 posse
1294 4461 1445 4567 diffisi
1457 4448 1615 4590 Caroli
1651 4465 1865 4587 ministri,
1898 4496 1937 4563 et

481 4604 754 4769 superiorum
789 4646 1007 4711 annorum
1041 4612 1358 4713 consuetudine
1393 4586 1493 4713 freti
1510 4689 1525 4732 ‚
1545 4609 1659 4749 Julii
1679 4623 1750 4713 111
1771 4615 1937 4715 decreto

480 4748 551 4850 uti
583 4749 865 4891 cogitaturus
903 4754 1047 4893 Julius
1082 4755 1206 4860 enim
1236 4755 1414 4859 Clericis
1447 4755 1606 4871 nostris
1644 4757 1754 4860 duas
1797 4754 1938 4859 Eccle

483 4943 486 4948 ·
1868 4898 1942 5000 sia·
