4124 5880
555 422 635 511 104
919 402 1024 482 ,DE
1057 399 1265 482 REBUS
1299 397 1527 488 GESTIS

506 566 727 684 diuntur‚
765 565 875 704 quae
926 553 1031 656 urbs
1067 555 1233 656 Galliae
1288 556 1425 658 totius
1475 551 1742 697 amplissima
1777 589 1820 658 et
1857 598 1976 667 sum-

505 750 603 813 mae
638 702 909 809 auctoritatis
944 696 1164 822 habetur,
1204 735 1585 844 perveneruntque
1621 701 1725 841 ipsis
1761 705 1976 811 Kalendis

110 912 115 922 ·
209 878 290 943 Aru
307 895 463 944 ‚noxa
506 853 751 992 Januarii,
787 848 869 992 qui
920 840 1006 948 fuit
1058 884 1196 946 annus
1246 888 1273 946 a
1323 845 1502 949 Christo
1557 882 1664 948 nato
1704 847 1974 956 ¹millesimus

505 993 881 1142 quingentesimus
919 991 1308 1134 quadragesimum
1345 1031 1439 1133 quo
1477 989 1586 1115 die,
1622 1030 1678 1093 ne
1729 988 1964 1121 officium,

497 1145 552 1245 ad
591 1142 714 1285 quod
752 1137 905 1240 omnia
938 1146 1033 1270 jam
1068 1136 1242 1277 pridem
1278 1136 1596 1237 accuratissime
1638 1139 1966 1280 comparaban-

497 1325 606 1407 tur,
641 1284 727 1428 ipsi
763 1321 947 1424 quoque
982 1279 1144 1421 Regi,
1177 1282 1251 1381 sed
1287 1280 1370 1380 soli
1405 1281 1568 1383 Carolo
1604 1284 1810 1422 praestari
1845 1287 1967 1390 vide-

496 1469 647 1552 retur,
682 1441 779 1532 Rex
814 1428 936 1531 idem
983 1463 1115 1524 mane
1166 1462 1270 1524 cum
1321 1423 1406 1524 suis
1458 1424 1784 1567 proficiscitur,
1821 1439 1970 1532 Caro-

495 1577 590 1676 lum
628 1573 747 1675 mille
799 1570 972 1672 circiter
1023 1607 1229 1709 passuum
1266 1609 1292 1670 a
1326 1573 1505 1672 Lutetia
1540 1570 1771 1674 intervallo
1814 1575 1872 1675 ad
1915 1576 1970 1679 li-

496 1758 664 1863 gneum
698 1714 1064 1834 tabernaculum,
1101 1712 1229 1848 hujus
1278 1714 1504 1818 dumtaxat
1537 1717 1602 1817 rei
1637 1716 1779 1862 gratia
1831 1754 1877 1820 et
1913 1719 1967 1823 in

492 1902 597 1965 e-um
631 1863 753 1964 diem
794 1859 966 1962 ibidem
1000 1857 1328 1981 aedificatum,
1366 1860 1647 2002 relinquens.
1700 1873 1850 2002 Itaque
1887 1902 1967 1966 ve-

492 2005 607 2149 speri
641 2007 690 2110 in
725 2003 884 2107 urbem
920 2004 1146 2105 accedenti
1180 2005 1347 2104 Carolo
1372 2084 1387 2126 ,
1408 2005 1555 2119 omnis
1591 2002 1742 2109 civitas
1777 2006 1967 2110 obviam

491 2152 730 2293 processit,
767 2188 959 2291 utroque
993 2147 1129 2291 Regis
1164 2147 1293 2274 filio,
1330 2184 1408 2270 et,
1443 2149 1524 2291 qui
1559 2150 1739 2252 aderant
1768 2227 1784 2271 ,
1816 2153 1967 2252 Eccle-

491 2295 577 2396 siae
612 2304 843 2399 Romanae
891 2290 1198 2395 Cardinalibus
1247 2289 1635 2396 antecedentibus.
1694 2299 1832 2430 Juxta
1886 2293 1971 2396 hos

491 2439 626 2580 Regii
676 2437 932 2540 Consiliarii
967 2514 982 2558 ,
1017 2436 1098 2578 qui
1147 2434 1339 2578 Regiam
1392 2436 1558 2541 Aulam
1606 2435 1960 2562 assectabantur,

488 2579 821 2724 procedebant.
860 2587 986 2682 Tum
1021 2589 1113 2713 ejus
1149 2580 1375 2702 Consilii,
1412 2584 1538 2723 quod
1575 2581 1742 2684 Gallica
1776 2621 1964 2685 consue-

490 2728 600 2828 tudo
636 2728 928 2826 l'arlamentum
963 2723 1202 2846 nominat,
1236 2738 1497 2828 Senatores:
1539 2725 1717 2870 reliquis
1751 2726 1963 2871 deinceps

490 2872 802 2991 Sacerdotum,
838 2867 1204 2991 Monachotum,
1240 2871 1514 2993 doctorum,
1546 2869 1967 3014 honoratorumque

489 3015 662 3116 civium
697 3013 924 3116 ordinibus
976 3052 1081 3116 cum
1130 3015 1215 3115 suis
1257 3014 1505 3158 insignibus
1557 3015 1962 3158 consequentibus.

489 3167 712 3260 Praeterea
747 3159 1033 3300 popularium
1067 3158 1297 3261 innumera
1330 3157 1461 3262 turba
1496 3199 1833 3304 quoquoversus
1877 3160 1964 3261 cit-

490 3297 722 3414 cumlusa3
759 3305 844 3404 sed.
878 3305 1105 3445 proximus
1140 3303 1305 3405 Carolo
1346 3302 1506 3408 urbem
1551 3305 1823 3448 ingredienti
1858 3316 1964 3406 Co-

492 3444 730 3557 mestabilis
767 3481 918 3549 manu*
939 3447 1182 3549 districtum
1217 3448 1418 3593 gladium
1469 3486 1691 3552 ostentans
1733 3449 1968 3551 antecede⁴

493 3588 569 3693 bat
603 3632 616 3701 3
653 3627 751 3695 tum
785 3590 1111 3714 librariorum,
1147 3633 1260 3734 quos
1310 3602 1543 3698 Secretuior
1584 3630 1748 3698 vocant
1781 3675 1796 3717 ,
1832 3602 1968 3696 Prae-

491 3729 630 3869 fectus
655 3773 668 3844 3
695 3747 908 3879 juxtaque
943 3735 1062 3840 hunc
1099 3737 1242 3841 scricis
1279 3773 1323 3842 et
1358 3738 1649 3880 conchyliatis
1678 3739 1968 3883 peristroma-

394 3917 397 3923 ’
491 3878 548 3978 tis
585 3917 740 3983 ornata
775 3884 930 4004 mula,
966 3923 1055 4024 qua
1091 3886 1286 4029 Regium
1323 3884 1517 4029 sigillum
1552 3880 1815 4005 ferebatur,
1851 3884 1968 3987 latus

489 4032 581 4155 ejus
617 4065 690 4127 sex
726 4023 937 4128 ambactis
975 4028 1111 4132 serico
1147 4031 1259 4134 item
1294 4029 1531 4132 concolore
1565 4029 1729 4131 indutis
1758 4029 1967 4130 clauden-

489 4168 641 4279 tibuss
677 4170 837 4312 quibus
875 4172 1037 4293 rebus,
1079 4175 1264 4319 gladio,
1292 4173 1461 4316 sigillo,
1480 4211 1524 4275 et
1559 4174 1827 4304 administris
1862 4183 1965 4274 Rex

490 4313 631 4415 videri
667 4315 846 4419 volebat
882 4361 907 4419 a
943 4361 985 4420 se
1023 4317 1071 4418 in
1108 4361 1187 4421 suo
1224 4330 1386 4463 Regno
1424 4320 1616 4422 delatam
1652 4361 1738 4425 esse
1774 4320 1827 4419 ad
1867 4329 1967 4417 Ca-

490 4455 669 4578 rolum,
705 4495 803 4561 tum
851 4462 968 4566 vitae
1022 4501 1071 4562 ac
1108 4466 1260 4585 necis,
1297 4502 1394 4566 tum
1445 4465 1592 4565 civiles
1644 4462 1967 4563 controversias

492 4601 727 4703 dirimendi
769 4640 1072 4745 potestatem,
1107 4643 1150 4710 et
1185 4619 1279 4745 jure
1313 4606 1462 4750 Regio
1507 4605 1724 4749 quidquid
1768 4603 1965 4746 placuis-

491 4782 556 4848 set
593 4748 915 4852 constituendi.

1883 4891 1965 4997 ‘Ad
