<?xml version="1.0" encoding="UTF-8"?>
<!DOCTYPE html PUBLIC "-//W3C//DTD XHTML 1.0 Transitional//EN"
    "http://www.w3.org/TR/xhtml1/DTD/xhtml1-transitional.dtd">
<html xmlns="http://www.w3.org/1999/xhtml" xml:lang="en" lang="en">
 <head>
  <title>
</title>
<meta http-equiv="Content-Type" content="text/html;charset=utf-8" />
  <meta name='ocr-system' content='tesseract 3.04.00' />
  <meta name='ocr-capabilities' content='ocr_page ocr_carea ocr_par ocr_line ocrx_word'/>
</head>
<body>
  <div class='ocr_page' id='page_1' title='image "./joannisgenesiis00sepgoog_0054.png"; bbox 0 0 4110 5888; ppageno 0'>
   <div class='ocr_carea' id='block_1_1' title="bbox 412 366 2025 4736">
    <p class='ocr_par' dir='ltr' id='par_1_1' title="bbox 445 366 1450 461">
     <span class='ocr_line' id='line_1_1' title="bbox 445 366 1450 461; baseline -0.009 -13"><span class='ocrx_word' id='word_1_1' title='bbox 445 376 612 461; x_wconf 70' lang='lat' dir='ltr'>·-rq1u</span> <span class='ocrx_word' id='word_1_2' title='bbox 942 366 1025 442; x_wconf 84' lang='lat' dir='ltr'>su</span> <span class='ocrx_word' id='word_1_3' title='bbox 1049 369 1088 444; x_wconf 84' lang='lat' dir='ltr'>ur</span> <span class='ocrx_word' id='word_1_4' title='bbox 1114 369 1154 442; x_wconf 85' lang='lat' dir='ltr'>M</span> <span class='ocrx_word' id='word_1_5' title='bbox 1181 373 1214 442; x_wconf 79' lang='lat' dir='ltr'>A</span> <span class='ocrx_word' id='word_1_6' title='bbox 1238 374 1275 446; x_wconf 82' lang='lat' dir='ltr'>rt</span> <span class='ocrx_word' id='word_1_7' title='bbox 1298 375 1315 439; x_wconf 93' lang='lat'><em>1</em></span> <span class='ocrx_word' id='word_1_8' title='bbox 1340 370 1450 441; x_wconf 80' lang='lat' dir='ltr'>um.</span> 
     </span>
    </p>

    <p class='ocr_par' dir='ltr' id='par_1_2' title="bbox 471 484 1931 1416">
     <span class='ocr_line' id='line_1_2' title="bbox 540 484 1930 611; baseline -0.003 -23"><span class='ocrx_word' id='word_1_9' title='bbox 540 499 702 588; x_wconf 90' lang='lat' dir='ltr'><strong>XXXII.</strong></span> <span class='ocrx_word' id='word_1_10' title='bbox 750 500 925 584; x_wconf 86' lang='lat' dir='ltr'>¹Senatus</span> <span class='ocrx_word' id='word_1_11' title='bbox 963 491 1167 611; x_wconf 84' lang='lat' dir='ltr'>populique</span> <span class='ocrx_word' id='word_1_12' title='bbox 1225 488 1301 610; x_wconf 91' lang='lat' dir='ltr'>que</span> <span class='ocrx_word' id='word_1_13' title='bbox 1349 521 1412 580; x_wconf 88' lang='lat' dir='ltr'>eo·</span> <span class='ocrx_word' id='word_1_14' title='bbox 1441 491 1553 610; x_wconf 86' lang='lat' dir='ltr'>legati</span> <span class='ocrx_word' id='word_1_15' title='bbox 1603 484 1930 609; x_wconf 81' lang='lat' dir='ltr'>Omspruchenses</span> 
     </span>
     <span class='ocr_line' id='line_1_3' title="bbox 471 607 1931 726; baseline -0.005 -19"><span class='ocrx_word' id='word_1_16' title='bbox 471 616 760 708; x_wconf 85' lang='lat' dir='ltr'>Mcdiohnensis</span> <span class='ocrx_word' id='word_1_17' title='bbox 808 645 963 701; x_wconf 90' lang='lat' dir='ltr'>munus.</span> <span class='ocrx_word' id='word_1_18' title='bbox 998 607 1169 700; x_wconf 77' lang='lat' dir='ltr'>(Allonsi</span> <span class='ocrx_word' id='word_1_19' title='bbox 1228 611 1379 698; x_wconf 85' lang='lat' dir='ltr'>obviam</span> <span class='ocrx_word' id='word_1_20' title='bbox 1409 612 1642 726; x_wconf 88' lang='lat' dir='ltr'>procedunt.</span> <span class='ocrx_word' id='word_1_21' title='bbox 1672 614 1736 699; x_wconf 87' lang='lat' dir='ltr'>Ad</span> <span class='ocrx_word' id='word_1_22' title='bbox 1765 615 1931 721; x_wconf 88' lang='lat' dir='ltr'>Halam,·</span> 
     </span>
     <span class='ocr_line' id='line_1_4' title="bbox 473 729 1927 856; baseline -0.006 -29"><span class='ocrx_word' id='word_1_23' title='bbox 473 737 650 856; x_wconf 82' lang='lat' dir='ltr'>Aguilarii</span> <span class='ocrx_word' id='word_1_24' title='bbox 696 768 720 821; x_wconf 83' lang='lat' dir='ltr'>a</span> <span class='ocrx_word' id='word_1_25' title='bbox 759 733 899 820; x_wconf 85' lang='lat' dir='ltr'>Carolo</span> <span class='ocrx_word' id='word_1_26' title='bbox 936 729 1176 819; x_wconf 73' lang='lat' dir='ltr'>Caesarem.</span> <span class='ocrx_word' id='word_1_27' title='bbox 1226 753 1267 816; x_wconf 85' lang='lat' dir='ltr'>et</span> <span class='ocrx_word' id='word_1_28' title='bbox 1314 729 1449 817; x_wconf 89' lang='lat' dir='ltr'>deinde</span> <span class='ocrx_word' id='word_1_29' title='bbox 1495 730 1546 819; x_wconf 93' lang='lat' dir='ltr'>ad</span> <span class='ocrx_word' id='word_1_30' title='bbox 1589 729 1778 818; x_wconf 86' lang='lat' dir='ltr'>Roberam</span> <span class='ocrx_word' id='word_1_31' title='bbox 1823 733 1927 852; x_wconf 88' lang='lat' dir='ltr'>oppi-</span> 
     </span>
     <span class='ocr_line' id='line_1_5' title="bbox 473 848 1476 976; baseline -0.012 -31"><span class='ocrx_word' id='word_1_32' title='bbox 473 856 648 944; x_wconf 79' lang='lat' dir='ltr'>Bruxellis</span> <span class='ocrx_word' id='word_1_33' title='bbox 659 853 866 976; x_wconf 87' lang='lat' dir='ltr'>Philippum</span> <span class='ocrx_word' id='word_1_34' title='bbox 887 849 1068 938; x_wconf 88' lang='lat' dir='ltr'>salutandi</span> <span class='ocrx_word' id='word_1_35' title='bbox 1088 876 1173 966; x_wconf 59' lang='lat' dir='ltr'>gra«</span> <span class='ocrx_word' id='word_1_36' title='bbox 1226 848 1322 937; x_wconf 92' lang='lat' dir='ltr'>dum</span> <span class='ocrx_word' id='word_1_37' title='bbox 1352 848 1476 937; x_wconf 90' lang='lat' dir='ltr'>venit.</span> 
     </span>
     <span class='ocr_line' id='line_1_6' title="bbox 475 968 1929 1073; baseline -0.003 -11"><span class='ocrx_word' id='word_1_38' title='bbox 475 973 527 1062; x_wconf 87' lang='lat' dir='ltr'>tia</span> <span class='ocrx_word' id='word_1_39' title='bbox 553 974 647 1060; x_wconf 89' lang='lat' dir='ltr'>missi</span> <span class='ocrx_word' id='word_1_40' title='bbox 677 972 894 1073; x_wconf 83' lang='lat' dir='ltr'>adventus,</span> <span class='ocrx_word' id='word_1_41' title='bbox 924 968 1041 1055; x_wconf 88' lang='lat' dir='ltr'>etad</span> <span class='ocrx_word' id='word_1_42' title='bbox 1070 969 1175 1052; x_wconf 83' lang='lat' dir='ltr'>Cae·-</span> <span class='ocrx_word' id='word_1_43' title='bbox 1287 970 1470 1054; x_wconf 91' lang='lat' dir='ltr'><strong>XXXIX.</strong></span> <span class='ocrx_word' id='word_1_44' title='bbox 1528 968 1698 1055; x_wconf 91' lang='lat' dir='ltr'>Tridenti</span> <span class='ocrx_word' id='word_1_45' title='bbox 1727 968 1825 1055; x_wconf 82' lang='lat' dir='ltr'>urhis</span> <span class='ocrx_word' id='word_1_46' title='bbox 1845 968 1929 1057; x_wconf 87' lang='lat' dir='ltr'>bre·</span> 
     </span>
     <span class='ocr_line' id='line_1_7' title="bbox 475 1083 1931 1201; baseline -0.002 -23"><span class='ocrx_word' id='word_1_47' title='bbox 475 1119 594 1179; x_wconf 82' lang='lat' dir='ltr'>sarem</span> <span class='ocrx_word' id='word_1_48' title='bbox 640 1089 812 1184; x_wconf 80' lang='lat' dir='ltr'>reclinus..</span> <span class='ocrx_word' id='word_1_49' title='bbox 832 1086 1046 1173; x_wconf 79' lang='lat' dir='ltr'>Madmccii</span> <span class='ocrx_word' id='word_1_50' title='bbox 1091 1109 1179 1189; x_wconf 39' lang='lat' dir='ltr'>tan}</span> <span class='ocrx_word' id='word_1_51' title='bbox 1227 1085 1288 1193; x_wconf 11' lang='lat' dir='ltr'>&#39;vis</span> <span class='ocrx_word' id='word_1_52' title='bbox 1327 1083 1582 1172; x_wconf 82' lang='lat' dir='ltr'>adumbratio.</span> <span class='ocrx_word' id='word_1_53' title='bbox 1630 1085 1800 1201; x_wconf 89' lang='lat' dir='ltr'>Philippo</span> <span class='ocrx_word' id='word_1_54' title='bbox 1844 1087 1931 1175; x_wconf 87' lang='lat' dir='ltr'>illuc</span> 
     </span>
     <span class='ocr_line' id='line_1_8' title="bbox 476 1202 1931 1416; baseline 0.001 -121"><span class='ocrx_word' id='word_1_55' title='bbox 476 1207 793 1416; x_wconf 58' lang='lat' dir='ltr'>pleecqrcardinalis</span> <span class='ocrx_word' id='word_1_56' title='bbox 823 1205 1047 1297; x_wconf 83' lang='lat' dir='ltr'>Tridentum</span> <span class='ocrx_word' id='word_1_57' title='bbox 1087 1230 1181 1324; x_wconf 55' lang='lat' dir='ltr'>pro*</span> <span class='ocrx_word' id='word_1_58' title='bbox 1232 1202 1440 1408; x_wconf 60' lang='lat' dir='ltr'>inqressuro</span> <span class='ocrx_word' id='word_1_59' title='bbox 1474 1203 1741 1320; x_wconf 84' lang='lat' dir='ltr'>prodeuntium</span> <span class='ocrx_word' id='word_1_60' title='bbox 1777 1205 1931 1297; x_wconf 82' lang='lat' dir='ltr'>obviam</span> 
     </span>
    </p>

    <p class='ocr_par' dir='ltr' id='par_1_3' title="bbox 562 1349 1347 1411">
     <span class='ocr_line' id='line_1_9' title="bbox 562 1349 1347 1411; baseline -0.003 0"><span class='ocrx_word' id='word_1_61' title='bbox 562 1349 609 1411; x_wconf 87' lang='lat' dir='ltr'>o.</span> <span class='ocrx_word' id='word_1_62' title='bbox 911 1389 916 1395; x_wconf 84' lang='lat'><em>-</em></span> <span class='ocrx_word' id='word_1_63' title='bbox 1233 1349 1347 1410; x_wconf 92' lang='lat' dir='ltr'>oro.</span> 
     </span>
    </p>

    <p class='ocr_par' dir='ltr' id='par_1_4' title="bbox 412 1439 1984 2034">
     <span class='ocr_line' id='line_1_10' title="bbox 412 1439 1935 1559; baseline -0.001 -29"><span class='ocrx_word' id='word_1_64' title='bbox 412 1462 417 1468; x_wconf 82' lang='grc'><strong>’</strong></span> <span class='ocrx_word' id='word_1_65' title='bbox 536 1445 713 1531; x_wconf 88' lang='lat' dir='ltr'><strong>XXXIII.</strong></span> <span class='ocrx_word' id='word_1_66' title='bbox 773 1449 833 1530; x_wconf 89' lang='lat' dir='ltr'>Ex</span> <span class='ocrx_word' id='word_1_67' title='bbox 861 1439 1084 1528; x_wconf 76' lang='lat' dir='ltr'>Mediolano</span> <span class='ocrx_word' id='word_1_68' title='bbox 1110 1441 1181 1526; x_wconf 77' lang='lat' dir='ltr'>dis-</span> <span class='ocrx_word' id='word_1_69' title='bbox 1259 1441 1375 1525; x_wconf 75' lang='lat' dir='ltr'>vXL.</span> <span class='ocrx_word' id='word_1_70' title='bbox 1440 1439 1642 1545; x_wconf 88' lang='lat' dir='ltr'>Cardinalis</span> <span class='ocrx_word' id='word_1_71' title='bbox 1670 1443 1935 1559; x_wconf 82' lang='lat' dir='ltr'>Augustanus,</span> 
     </span>
     <span class='ocr_line' id='line_1_11' title="bbox 477 1556 1933 1676; baseline -0.003 -26"><span class='ocrx_word' id='word_1_72' title='bbox 477 1562 614 1661; x_wconf 80' lang='lat' dir='ltr'>dedens</span> <span class='ocrx_word' id='word_1_73' title='bbox 655 1561 772 1675; x_wconf 89' lang='lat' dir='ltr'>Philip</span> <span class='ocrx_word' id='word_1_74' title='bbox 797 1590 843 1645; x_wconf 92' lang='lat' dir='ltr'>us</span> <span class='ocrx_word' id='word_1_75' title='bbox 890 1564 1034 1645; x_wconf 80' lang='lat' dir='ltr'>Canem</span> <span class='ocrx_word' id='word_1_76' title='bbox 1074 1558 1182 1645; x_wconf 86' lang='lat' dir='ltr'>venir</span> <span class='ocrx_word' id='word_1_77' title='bbox 1235 1556 1511 1674; x_wconf 86' lang='lat' dir='ltr'>Mauriciusque</span> <span class='ocrx_word' id='word_1_78' title='bbox 1540 1565 1630 1645; x_wconf 84' lang='lat' dir='ltr'>Dux</span> <span class='ocrx_word' id='word_1_79' title='bbox 1657 1562 1754 1645; x_wconf 85' lang='lat' dir='ltr'>Saxo</span> <span class='ocrx_word' id='word_1_80' title='bbox 1798 1560 1933 1676; x_wconf 89' lang='lat' dir='ltr'>Philip·</span> 
     </span>
     <span class='ocr_line' id='line_1_12' title="bbox 479 1593 1932 1796; baseline -0.001 -29"><span class='ocrx_word' id='word_1_81' title='bbox 479 1679 663 1796; x_wconf 90' lang='lat' dir='ltr'>oppidum</span> <span class='ocrx_word' id='word_1_82' title='bbox 699 1680 738 1764; x_wconf 94' lang='lat' dir='ltr'>in</span> <span class='ocrx_word' id='word_1_83' title='bbox 767 1593 900 1765; x_wconf 68' lang='lat' dir='ltr'>hoibus</span> <span class='ocrx_word' id='word_1_84' title='bbox 941 1677 1178 1763; x_wconf 85' lang='lat' dir='ltr'>Mantuanis.</span> <span class='ocrx_word' id='word_1_85' title='bbox 1235 1705 1328 1791; x_wconf 90' lang='lat' dir='ltr'>pum</span> <span class='ocrx_word' id='word_1_86' title='bbox 1349 1676 1539 1783; x_wconf 86' lang='lat' dir='ltr'>salutant,</span> <span class='ocrx_word' id='word_1_87' title='bbox 1557 1701 1596 1763; x_wconf 92' lang='lat' dir='ltr'>et</span> <span class='ocrx_word' id='word_1_88' title='bbox 1622 1676 1673 1762; x_wconf 89' lang='lat' dir='ltr'>ad</span> <span class='ocrx_word' id='word_1_89' title='bbox 1704 1676 1818 1762; x_wconf 84' lang='lat' dir='ltr'>latera</span> <span class='ocrx_word' id='word_1_90' title='bbox 1842 1680 1932 1765; x_wconf 88' lang='lat' dir='ltr'>reci-</span> 
     </span>
     <span class='ocr_line' id='line_1_13' title="bbox 478 1787 1984 1913; baseline 0 -27"><span class='ocrx_word' id='word_1_91' title='bbox 478 1793 571 1886; x_wconf 85' lang='lat' dir='ltr'>Hue</span> <span class='ocrx_word' id='word_1_92' title='bbox 611 1797 763 1886; x_wconf 88' lang='lat' dir='ltr'>obviam</span> <span class='ocrx_word' id='word_1_93' title='bbox 792 1794 961 1912; x_wconf 84' lang='lat' dir='ltr'>procedit</span> <span class='ocrx_word' id='word_1_94' title='bbox 987 1794 1185 1884; x_wconf 68' lang='lat' dir='ltr'>ueruto</span> <span class='ocrx_word' id='word_1_95' title='bbox 1235 1793 1405 1908; x_wconf 90' lang='lat' dir='ltr'>piuntur.</span> <span class='ocrx_word' id='word_1_96' title='bbox 1439 1800 1472 1881; x_wconf 87' lang='lat' dir='ltr'>Is</span> <span class='ocrx_word' id='word_1_97' title='bbox 1503 1793 1554 1881; x_wconf 87' lang='lat' dir='ltr'>ad</span> <span class='ocrx_word' id='word_1_98' title='bbox 1580 1793 1762 1908; x_wconf 90' lang='lat' dir='ltr'>templum</span> <span class='ocrx_word' id='word_1_99' title='bbox 1791 1794 1933 1913; x_wconf 86' lang='lat' dir='ltr'>ingenti</span> <span class='ocrx_word' id='word_1_100' title='bbox 1981 1787 1984 1794; x_wconf 40' lang='lat'>¹</span> 
     </span>
     <span class='ocr_line' id='line_1_14' title="bbox 478 1911 1934 2034; baseline -0.001 -33"><span class='ocrx_word' id='word_1_101' title='bbox 478 1921 666 2034; x_wconf 82' lang='lat' dir='ltr'>Gonzagn</span> <span class='ocrx_word' id='word_1_102' title='bbox 695 1914 919 2001; x_wconf 86' lang='lat' dir='ltr'>Cardinalis.</span> <span class='ocrx_word' id='word_1_103' title='bbox 1236 1939 1326 1996; x_wconf 89' lang='lat' dir='ltr'>cum</span> <span class='ocrx_word' id='word_1_104' title='bbox 1359 1912 1634 2031; x_wconf 86' lang='lat' dir='ltr'>gramlatione,</span> <span class='ocrx_word' id='word_1_105' title='bbox 1651 1911 1787 1998; x_wconf 89' lang='lat' dir='ltr'>deinde</span> <span class='ocrx_word' id='word_1_106' title='bbox 1812 1913 1852 1997; x_wconf 90' lang='lat' dir='ltr'>in</span> <span class='ocrx_word' id='word_1_107' title='bbox 1874 1943 1934 2000; x_wconf 87' lang='lat' dir='ltr'>ar·</span> 
     </span>
    </p>

    <p class='ocr_par' dir='ltr' id='par_1_5' title="bbox 478 2030 2025 3651">
     <span class='ocr_line' id='line_1_15' title="bbox 550 2030 1935 2122; baseline 0.001 -2"><span class='ocrx_word' id='word_1_108' title='bbox 550 2035 737 2120; x_wconf 88' lang='lat' dir='ltr'><strong>XXXIV.</strong></span> <span class='ocrx_word' id='word_1_109' title='bbox 805 2030 1033 2118; x_wconf 84' lang='lat' dir='ltr'>Ferrariensis</span> <span class='ocrx_word' id='word_1_110' title='bbox 1091 2035 1182 2118; x_wconf 84' lang='lat' dir='ltr'>Dux</span> <span class='ocrx_word' id='word_1_111' title='bbox 1235 2057 1319 2116; x_wconf 90' lang='lat' dir='ltr'>cem</span> <span class='ocrx_word' id='word_1_112' title='bbox 1365 2030 1581 2119; x_wconf 88' lang='lat' dir='ltr'>deducitur.</span> <span class='ocrx_word' id='word_1_113' title='bbox 1625 2030 1935 2122; x_wconf 84' lang='lat' dir='ltr'>Tridentinorum</span> 
     </span>
     <span class='ocr_line' id='line_1_16' title="bbox 478 2146 1934 2266; baseline 0.001 -30"><span class='ocrx_word' id='word_1_114' title='bbox 478 2149 650 2266; x_wconf 81' lang='lat' dir='ltr'>Philippo</span> <span class='ocrx_word' id='word_1_115' title='bbox 664 2155 867 2236; x_wconf 84' lang='lat' dir='ltr'>Mannum</span> <span class='ocrx_word' id='word_1_116' title='bbox 898 2146 1088 2234; x_wconf 83' lang='lat' dir='ltr'>accedenti</span> <span class='ocrx_word' id='word_1_117' title='bbox 1117 2175 1182 2234; x_wconf 81' lang='lat' dir='ltr'>oc·</span> <span class='ocrx_word' id='word_1_118' title='bbox 1236 2149 1469 2265; x_wconf 85' lang='lat' dir='ltr'>maximeque</span> <span class='ocrx_word' id='word_1_119' title='bbox 1492 2149 1699 2235; x_wconf 87' lang='lat' dir='ltr'>Madruccii</span> <span class='ocrx_word' id='word_1_120' title='bbox 1731 2148 1934 2237; x_wconf 80' lang='lat' dir='ltr'>Cardinalis</span> 
     </span>
     <span class='ocr_line' id='line_1_17' title="bbox 478 2264 1933 2384; baseline 0.003 -32"><span class='ocrx_word' id='word_1_121' title='bbox 478 2270 622 2372; x_wconf 89' lang='lat' dir='ltr'>currit,</span> <span class='ocrx_word' id='word_1_122' title='bbox 651 2294 690 2354; x_wconf 90' lang='lat' dir='ltr'>er</span> <span class='ocrx_word' id='word_1_123' title='bbox 736 2268 788 2353; x_wconf 87' lang='lat' dir='ltr'>ad</span> <span class='ocrx_word' id='word_1_124' title='bbox 814 2267 933 2384; x_wconf 88' lang='lat' dir='ltr'>pedes</span> <span class='ocrx_word' id='word_1_125' title='bbox 963 2266 1184 2369; x_wconf 70' lang='lat' dir='ltr'>ulutannus</span> <span class='ocrx_word' id='word_1_126' title='bbox 1235 2264 1472 2356; x_wconf 90' lang='lat' dir='ltr'>inadventu</span> <span class='ocrx_word' id='word_1_127' title='bbox 1510 2267 1664 2382; x_wconf 81' lang='lat' dir='ltr'>Phihppi</span> <span class='ocrx_word' id='word_1_128' title='bbox 1709 2265 1933 2357; x_wconf 86' lang='lat' dir='ltr'>celebrando</span> 
     </span>
     <span class='ocr_line' id='line_1_18' title="bbox 480 2382 1755 2500; baseline -0.002 -29"><span class='ocrx_word' id='word_1_129' title='bbox 480 2385 692 2472; x_wconf 85' lang='lat' dir='ltr'>descendit.</span> <span class='ocrx_word' id='word_1_130' title='bbox 730 2384 969 2499; x_wconf 86' lang='lat' dir='ltr'>Philippusa</span> <span class='ocrx_word' id='word_1_131' title='bbox 1002 2384 1183 2467; x_wconf 77' lang='lat' dir='ltr'>Mannu-</span> <span class='ocrx_word' id='word_1_132' title='bbox 1237 2382 1451 2500; x_wconf 87' lang='lat' dir='ltr'>diligentia,</span> <span class='ocrx_word' id='word_1_133' title='bbox 1479 2410 1517 2471; x_wconf 93' lang='lat' dir='ltr'>et</span> <span class='ocrx_word' id='word_1_134' title='bbox 1544 2382 1755 2470; x_wconf 82' lang='lat' dir='ltr'>liberalitas.</span> 
     </span>
     <span class='ocr_line' id='line_1_19' title="bbox 480 2498 1932 2619; baseline 0 -29"><span class='ocrx_word' id='word_1_135' title='bbox 480 2527 536 2590; x_wconf 83' lang='lat' dir='ltr'>no</span> <span class='ocrx_word' id='word_1_136' title='bbox 550 2509 659 2589; x_wconf 87' lang='lat' dir='ltr'>Duce</span> <span class='ocrx_word' id='word_1_137' title='bbox 686 2529 736 2586; x_wconf 85' lang='lat' dir='ltr'>ac</span> <span class='ocrx_word' id='word_1_138' title='bbox 759 2499 1077 2589; x_wconf 82' lang='lat' dir='ltr'>civitateobviam</span> <span class='ocrx_word' id='word_1_139' title='bbox 1099 2528 1180 2619; x_wconf 86' lang='lat' dir='ltr'>pro</span> <span class='ocrx_word' id='word_1_140' title='bbox 1278 2503 1376 2587; x_wconf 88' lang='lat' dir='ltr'><strong>XLI.</strong></span> <span class='ocrx_word' id='word_1_141' title='bbox 1425 2500 1608 2589; x_wconf 87' lang='lat' dir='ltr'>Tridento</span> <span class='ocrx_word' id='word_1_142' title='bbox 1636 2498 1821 2618; x_wconf 84' lang='lat' dir='ltr'>profectus</span> <span class='ocrx_word' id='word_1_143' title='bbox 1846 2502 1932 2590; x_wconf 85' lang='lat' dir='ltr'>Phi·</span> 
     </span>
     <span class='ocr_line' id='line_1_20' title="bbox 479 2616 1936 2825; baseline -0.001 -1"><span class='ocrx_word' id='word_1_144' title='bbox 479 2620 909 2824; x_wconf 43' lang='lat' dir='ltr'>deni‘ipll...</span> <span class='ocrx_word' id='word_1_145' title='bbox 936 2737 1068 2823; x_wconf 66' lang='lat' dir='ltr'>n...</span> <span class='ocrx_word' id='word_1_146' title='bbox 1096 2764 1186 2822; x_wconf 83' lang='lat'>....</span> <span class='ocrx_word' id='word_1_147' title='bbox 1237 2616 1850 2825; x_wconf 49' lang='lat' dir='ltr'>hllrffloffilfflsi</span> <span class='ocrx_word' id='word_1_148' title='bbox 1869 2621 1936 2823; x_wconf 76' lang='lat' dir='ltr'>l:</span> 
     </span>
     <span class='ocr_line' id='line_1_21' title="bbox 483 2853 1935 2994; baseline -0.001 -52"><span class='ocrx_word' id='word_1_149' title='bbox 483 2884 622 2991; x_wconf 73' lang='lat' dir='ltr'>magna</span> <span class='ocrx_word' id='word_1_150' title='bbox 665 2884 806 2974; x_wconf 78' lang='lat' dir='ltr'>pompa</span> <span class='ocrx_word' id='word_1_151' title='bbox 857 2880 899 2943; x_wconf 91' lang='lat' dir='ltr'>et·</span> <span class='ocrx_word' id='word_1_152' title='bbox 938 2853 1187 2980; x_wconf 73' lang='lat' dir='ltr'>grandadom</span> <span class='ocrx_word' id='word_1_153' title='bbox 1237 2857 1372 2994; x_wconf 42' lang='lat' dir='ltr'>gentis·</span> <span class='ocrx_word' id='word_1_154' title='bbox 1395 2857 1571 2973; x_wconf 85' lang='lat' dir='ltr'>ponderis</span> <span class='ocrx_word' id='word_1_155' title='bbox 1595 2879 1792 2974; x_wconf 84' lang='lat' dir='ltr'>argenteus</span> <span class='ocrx_word' id='word_1_156' title='bbox 1829 2885 1935 2941; x_wconf 87' lang='lat' dir='ltr'>num·</span> 
     </span>
     <span class='ocr_line' id='line_1_22' title="bbox 481 2972 1939 3210; baseline 0.001 -35"><span class='ocrx_word' id='word_1_157' title='bbox 481 3001 737 3177; x_wconf 65' lang='lat' dir='ltr'>mgiliiiiir.</span> <span class='ocrx_word' id='word_1_158' title='bbox 762 3149 764 3151; x_wconf 21' lang='lat' dir='ltr'><em>J</em></span> <span class='ocrx_word' id='word_1_159' title='bbox 785 3106 787 3113; x_wconf 50' lang='grc'><em>’</em></span> <span class='ocrx_word' id='word_1_160' title='bbox 810 3086 1058 3177; x_wconf 74' lang='lat' dir='ltr'>noficuoenr</span> <span class='ocrx_word' id='word_1_161' title='bbox 1101 3089 1187 3179; x_wconf 76' lang='lat' dir='ltr'>nn·</span> <span class='ocrx_word' id='word_1_162' title='bbox 1236 2975 1619 3210; x_wconf 50' lang='lat' dir='ltr'>mid...</span> <span class='ocrx_word' id='word_1_163' title='bbox 1647 2972 1939 3205; x_wconf 40' lang='lat' dir='ltr'><strong>{XXXX</strong></span> 
     </span>
     <span class='ocr_line' id='line_1_23' title="bbox 484 3205 1938 3324; baseline 0 -32"><span class='ocrx_word' id='word_1_164' title='bbox 484 3205 587 3321; x_wconf 90' lang='lat' dir='ltr'>lippo</span> <span class='ocrx_word' id='word_1_165' title='bbox 629 3208 786 3324; x_wconf 88' lang='lat' dir='ltr'>epulum</span> <span class='ocrx_word' id='word_1_166' title='bbox 814 3238 839 3292; x_wconf 88' lang='lat' dir='ltr'>a</span> <span class='ocrx_word' id='word_1_167' title='bbox 870 3208 1037 3295; x_wconf 85' lang='lat' dir='ltr'>Ducibus</span> <span class='ocrx_word' id='word_1_168' title='bbox 1074 3210 1188 3294; x_wconf 89' lang='lat' dir='ltr'>Man·</span> <span class='ocrx_word' id='word_1_169' title='bbox 1237 3211 1444 3297; x_wconf 73' lang='lat' dir='ltr'>beatissime</span> <span class='ocrx_word' id='word_1_170' title='bbox 1471 3211 1592 3298; x_wconf 87' lang='lat' dir='ltr'>videt.</span> <span class='ocrx_word' id='word_1_171' title='bbox 1633 3209 1815 3295; x_wconf 84' lang='lat' dir='ltr'>Bavariae</span> <span class='ocrx_word' id='word_1_172' title='bbox 1853 3212 1938 3292; x_wconf 91' lang='lat' dir='ltr'>Du·</span> 
     </span>
     <span class='ocr_line' id='line_1_24' title="bbox 485 3322 1939 3445; baseline 0.001 -35"><span class='ocrx_word' id='word_1_173' title='bbox 485 3324 609 3410; x_wconf 88' lang='lat' dir='ltr'>ruanis</span> <span class='ocrx_word' id='word_1_174' title='bbox 653 3325 706 3443; x_wconf 82' lang='lat' dir='ltr'>ad</span> <span class='ocrx_word' id='word_1_175' title='bbox 748 3327 986 3439; x_wconf 74' lang='lat' dir='ltr'>praetorium:</span> <span class='ocrx_word' id='word_1_176' title='bbox 1021 3327 1188 3444; x_wconf 72' lang='lat' dir='ltr'>regaliter</span> <span class='ocrx_word' id='word_1_177' title='bbox 1247 3327 1335 3433; x_wconf 86' lang='lat' dir='ltr'>cis,</span> <span class='ocrx_word' id='word_1_178' title='bbox 1351 3330 1502 3445; x_wconf 79' lang='lat' dir='ltr'>ejusque</span> <span class='ocrx_word' id='word_1_179' title='bbox 1514 3325 1636 3444; x_wconf 92' lang='lat' dir='ltr'>patrui</span> <span class='ocrx_word' id='word_1_180' title='bbox 1649 3322 1939 3442; x_wconf 78' lang='lat' dir='ltr'>salseburgensis</span> 
     </span>
     <span class='ocr_line' id='line_1_25' title="bbox 484 3431 2025 3646; baseline -0.016 -89"><span class='ocrx_word' id='word_1_181' title='bbox 484 3467 712 3646; x_wconf 50' lang='grc' dir='ltr'>ἏΡΡἯἝΗἏ,</span> <span class='ocrx_word' id='word_1_182' title='bbox 729 3439 893 3562; x_wconf 84' lang='lat' dir='ltr'>eumque</span> <span class='ocrx_word' id='word_1_183' title='bbox 920 3444 970 3535; x_wconf 88' lang='lat' dir='ltr'>ad</span> <span class='ocrx_word' id='word_1_184' title='bbox 1001 3442 1094 3531; x_wconf 83' lang='lat' dir='ltr'>fines</span> <span class='ocrx_word' id='word_1_185' title='bbox 1107 3431 1195 3573; x_wconf 54' lang='lat' dir='ltr'>Vel</span> <span class='ocrx_word' id='word_1_186' title='bbox 1237 3445 1510 3566; x_wconf 84' lang='lat' dir='ltr'>Archiepiscopi</span> <span class='ocrx_word' id='word_1_187' title='bbox 1546 3445 1599 3532; x_wconf 85' lang='lat' dir='ltr'>ad</span> <span class='ocrx_word' id='word_1_188' title='bbox 1628 3443 1838 3561; x_wconf 85' lang='lat' dir='ltr'>Philippum</span> <span class='ocrx_word' id='word_1_189' title='bbox 1870 3443 1937 3532; x_wconf 85' lang='lat' dir='ltr'>ad·</span> <span class='ocrx_word' id='word_1_190' title='bbox 2019 3473 2025 3482; x_wconf 69' lang='grc'>’</span> 
     </span>
     <span class='ocr_line' id='line_1_26' title="bbox 483 3582 1393 3651; baseline 0 -3"><span class='ocrx_word' id='word_1_191' title='bbox 483 3584 601 3648; x_wconf 84' lang='lat' dir='ltr'>netos-</span> <span class='ocrx_word' id='word_1_192' title='bbox 653 3582 841 3647; x_wconf 86' lang='lat' dir='ltr'>eucunt.</span> <span class='ocrx_word' id='word_1_193' title='bbox 1236 3590 1393 3651; x_wconf 82' lang='lat' dir='ltr'>ventus.</span> 
     </span>
    </p>

    <p class='ocr_par' dir='ltr' id='par_1_6' title="bbox 477 3678 1947 4736">
     <span class='ocr_line' id='line_1_27' title="bbox 510 3678 1938 3800; baseline 0.004 -40"><span class='ocrx_word' id='word_1_194' title='bbox 510 3790 512 3793; x_wconf 41' lang='lat'>.</span> <span class='ocrx_word' id='word_1_195' title='bbox 576 3680 774 3763; x_wconf 86' lang='lat' dir='ltr'><strong>XXXVII.</strong></span> <span class='ocrx_word' id='word_1_196' title='bbox 849 3682 1006 3766; x_wconf 85' lang='lat' dir='ltr'>Senatus</span> <span class='ocrx_word' id='word_1_197' title='bbox 1049 3681 1187 3768; x_wconf 88' lang='lat' dir='ltr'>Veneti</span> <span class='ocrx_word' id='word_1_198' title='bbox 1303 3685 1422 3772; x_wconf 77' lang='lat' dir='ltr'>xm.</span> <span class='ocrx_word' id='word_1_199' title='bbox 1493 3681 1680 3800; x_wconf 82' lang='lat' dir='ltr'>Phihppus</span> <span class='ocrx_word' id='word_1_200' title='bbox 1703 3678 1938 3767; x_wconf 70' lang='lat' dir='ltr'>..uorembeo</span> 
     </span>
     <span class='ocr_line' id='line_1_28' title="bbox 481 3790 1939 3918; baseline 0.015 -39"><span class='ocrx_word' id='word_1_201' title='bbox 481 3790 698 3908; x_wconf 78' lang='lat' dir='ltr'>legatorum</span> <span class='ocrx_word' id='word_1_202' title='bbox 725 3791 871 3902; x_wconf 84' lang='lat' dir='ltr'>officia,</span> <span class='ocrx_word' id='word_1_203' title='bbox 888 3824 1041 3882; x_wconf 87' lang='lat' dir='ltr'>munera</span> <span class='ocrx_word' id='word_1_204' title='bbox 1061 3823 1186 3916; x_wconf 67' lang='lat' dir='ltr'>etgra-</span> <span class='ocrx_word' id='word_1_205' title='bbox 1238 3828 1326 3918; x_wconf 82' lang='lat' dir='ltr'>gnm</span> <span class='ocrx_word' id='word_1_206' title='bbox 1370 3800 1423 3887; x_wconf 89' lang='lat' dir='ltr'>ad</span> <span class='ocrx_word' id='word_1_207' title='bbox 1467 3799 1585 3915; x_wconf 85' lang='lat' dir='ltr'>ripam</span> <span class='ocrx_word' id='word_1_208' title='bbox 1637 3797 1737 3884; x_wconf 85' lang='lat' dir='ltr'>Ocni</span> <span class='ocrx_word' id='word_1_209' title='bbox 1777 3796 1939 3900; x_wconf 56' lang='lat' dir='ltr'>fluminis</span> 
     </span>
     <span class='ocr_line' id='line_1_29' title="bbox 488 3909 1947 4032; baseline 0.004 -38"><span class='ocrx_word' id='word_1_210' title='bbox 488 3909 709 3999; x_wconf 78' lang='lat' dir='ltr'>mistiones.</span> <span class='ocrx_word' id='word_1_211' title='bbox 755 3913 903 4000; x_wconf 86' lang='lat' dir='ltr'>Octavii</span> <span class='ocrx_word' id='word_1_212' title='bbox 932 3916 1101 4001; x_wconf 57' lang='lat' dir='ltr'>Farnes&#39;ii‘</span> <span class='ocrx_word' id='word_1_213' title='bbox 1116 3917 1187 4002; x_wconf 89' lang='lat' dir='ltr'>ad·</span> <span class='ocrx_word' id='word_1_214' title='bbox 1238 3919 1477 4032; x_wconf 72' lang='lat' dir='ltr'>procedens,</span> <span class='ocrx_word' id='word_1_215' title='bbox 1507 3921 1623 4003; x_wconf 90' lang='lat' dir='ltr'>Oeno</span> <span class='ocrx_word' id='word_1_216' title='bbox 1673 3916 1839 4001; x_wconf 85' lang='lat' dir='ltr'>secundo</span> <span class='ocrx_word' id='word_1_217' title='bbox 1883 3915 1947 4000; x_wconf 91' lang='lat' dir='ltr'>bi·-</span> 
     </span>
     <span class='ocr_line' id='line_1_30' title="bbox 489 4029 1938 4152; baseline 0.004 -38"><span class='ocrx_word' id='word_1_218' title='bbox 489 4053 645 4117; x_wconf 82' lang='lat' dir='ltr'>ventus.</span> <span class='ocrx_word' id='word_1_219' title='bbox 691 4029 882 4146; x_wconf 79' lang='lat' dir='ltr'>Philippus</span> <span class='ocrx_word' id='word_1_220' title='bbox 907 4033 1082 4123; x_wconf 91' lang='lat' dir='ltr'>Dolrium</span> <span class='ocrx_word' id='word_1_221' title='bbox 1106 4064 1187 4149; x_wconf 74' lang='lat' dir='ltr'>per-</span> <span class='ocrx_word' id='word_1_222' title='bbox 1238 4037 1358 4122; x_wconf 91' lang='lat' dir='ltr'>duum</span> <span class='ocrx_word' id='word_1_223' title='bbox 1381 4035 1534 4152; x_wconf 75' lang='lat' dir='ltr'>navigat</span> <span class='ocrx_word' id='word_1_224' title='bbox 1549 4096 1562 4141; x_wconf 87' lang='lat'>‚</span> <span class='ocrx_word' id='word_1_225' title='bbox 1580 4057 1620 4120; x_wconf 91' lang='lat' dir='ltr'>et</span> <span class='ocrx_word' id='word_1_226' title='bbox 1644 4034 1938 4150; x_wconf 55' lang='lat' dir='ltr'>Eberspergamq</span> 
     </span>
     <span class='ocr_line' id='line_1_31' title="bbox 486 4146 1939 4267; baseline 0.003 -35"><span class='ocrx_word' id='word_1_227' title='bbox 486 4146 638 4233; x_wconf 79' lang='lat' dir='ltr'>veniens</span> <span class='ocrx_word' id='word_1_228' title='bbox 671 4149 839 4235; x_wconf 88' lang='lat' dir='ltr'>Venetos</span> <span class='ocrx_word' id='word_1_229' title='bbox 869 4148 1012 4267; x_wconf 86' lang='lat' dir='ltr'>legatos</span> <span class='ocrx_word' id='word_1_230' title='bbox 1056 4182 1187 4239; x_wconf 82' lang='lat' dir='ltr'>mune-</span> <span class='ocrx_word' id='word_1_231' title='bbox 1239 4153 1374 4239; x_wconf 86' lang='lat' dir='ltr'>deinde</span> <span class='ocrx_word' id='word_1_232' title='bbox 1406 4151 1629 4237; x_wconf 84' lang='lat' dir='ltr'>Municham</span> <span class='ocrx_word' id='word_1_233' title='bbox 1675 4150 1843 4267; x_wconf 86' lang='lat' dir='ltr'>pervenit</span> <span class='ocrx_word' id='word_1_234' title='bbox 1856 4150 1939 4259; x_wconf 67' lang='lat' dir='ltr'>„in</span> 
     </span>
     <span class='ocr_line' id='line_1_32' title="bbox 478 4263 1736 4388; baseline 0.005 -41"><span class='ocrx_word' id='word_1_235' title='bbox 478 4263 588 4347; x_wconf 82' lang='lat' dir='ltr'>‹rihus</span> <span class='ocrx_word' id='word_1_236' title='bbox 614 4267 761 4370; x_wconf 85' lang='lat' dir='ltr'>donat;</span> <span class='ocrx_word' id='word_1_237' title='bbox 793 4289 832 4352; x_wconf 91' lang='lat' dir='ltr'>et</span> <span class='ocrx_word' id='word_1_238' title='bbox 863 4269 1004 4383; x_wconf 90' lang='lat' dir='ltr'>equites</span> <span class='ocrx_word' id='word_1_239' title='bbox 1028 4271 1081 4355; x_wconf 86' lang='lat' dir='ltr'>ad·</span> <span class='ocrx_word' id='word_1_240' title='bbox 1099 4274 1184 4356; x_wconf 89' lang='lat' dir='ltr'>Me·</span> <span class='ocrx_word' id='word_1_241' title='bbox 1239 4269 1492 4388; x_wconf 80' lang='lat' dir='ltr'>palatiumque</span> <span class='ocrx_word' id='word_1_242' title='bbox 1521 4268 1736 4357; x_wconf 84' lang='lat' dir='ltr'>deducitur.</span> 
     </span>
     <span class='ocr_line' id='line_1_33' title="bbox 486 4380 1939 4504; baseline 0.005 -40"><span class='ocrx_word' id='word_1_243' title='bbox 486 4380 713 4503; x_wconf 86' lang='lat' dir='ltr'>diolanensia</span> <span class='ocrx_word' id='word_1_244' title='bbox 734 4385 912 4504; x_wconf 83' lang='lat' dir='ltr'>praesidia</span> <span class='ocrx_word' id='word_1_245' title='bbox 932 4388 1049 4473; x_wconf 87' lang='lat' dir='ltr'>redire</span> <span class='ocrx_word' id='word_1_246' title='bbox 1071 4387 1185 4499; x_wconf 82' lang='lat' dir='ltr'>jussos</span> <span class='ocrx_word' id='word_1_247' title='bbox 1245 4387 1250 4451; x_wconf 76' lang='grc' dir='ltr'>ἶ</span> <span class='ocrx_word' id='word_1_248' title='bbox 1295 4392 1441 4476; x_wconf 78' lang='lat' dir='ltr'><strong>XIIII.</strong></span> <span class='ocrx_word' id='word_1_249' title='bbox 1470 4395 1516 4475; x_wconf 89' lang='lat' dir='ltr'>Irr</span> <span class='ocrx_word' id='word_1_250' title='bbox 1537 4388 1722 4474; x_wconf 82' lang='lat' dir='ltr'>conclave·</span> <span class='ocrx_word' id='word_1_251' title='bbox 1742 4407 1939 4499; x_wconf 81' lang='lat' dir='ltr'>exoepms,</span> 
     </span>
     <span class='ocr_line' id='line_1_34' title="bbox 477 4493 1938 4622; baseline 0.004 -40"><span class='ocrx_word' id='word_1_252' title='bbox 477 4493 650 4584; x_wconf 79' lang='lat' dir='ltr'>dimittit.</span> <span class='ocrx_word' id='word_1_253' title='bbox 788 4501 814 4535; x_wconf 73' lang='lat'><em>²</em></span> <span class='ocrx_word' id='word_1_254' title='bbox 865 4507 868 4523; x_wconf 60' lang='lat'>³</span> <span class='ocrx_word' id='word_1_255' title='bbox 975 4545 978 4579; x_wconf 66' lang='lat' dir='ltr'>r</span> <span class='ocrx_word' id='word_1_256' title='bbox 1235 4537 1323 4593; x_wconf 90' lang='lat' dir='ltr'>cum</span> <span class='ocrx_word' id='word_1_257' title='bbox 1366 4508 1476 4593; x_wconf 80' lang='lat' dir='ltr'>nuce</span> <span class='ocrx_word' id='word_1_258' title='bbox 1514 4507 1669 4622; x_wconf 78' lang='lat' dir='ltr'>ejusque</span> <span class='ocrx_word' id='word_1_259' title='bbox 1708 4531 1821 4588; x_wconf 81' lang='lat' dir='ltr'>uxore</span> <span class='ocrx_word' id='word_1_260' title='bbox 1850 4563 1862 4605; x_wconf 93' lang='lat'>‚</span> <span class='ocrx_word' id='word_1_261' title='bbox 1895 4526 1938 4589; x_wconf 89' lang='lat' dir='ltr'>et</span> 
     </span>
     <span class='ocr_line' id='line_1_35' title="bbox 498 4618 1936 4736; baseline -0.003 -34"><span class='ocrx_word' id='word_1_262' title='bbox 498 4676 500 4683; x_wconf 35' lang='lat' dir='ltr'><em>s</em></span> <span class='ocrx_word' id='word_1_263' title='bbox 542 4618 755 4703; x_wconf 83' lang='lat' dir='ltr'><strong>XXXVIII.</strong></span> <span class='ocrx_word' id='word_1_264' title='bbox 832 4622 1045 4736; x_wconf 86' lang='lat' dir='ltr'>Borgemm</span> <span class='ocrx_word' id='word_1_265' title='bbox 1082 4651 1183 4709; x_wconf 76' lang='lat' dir='ltr'>acoe-</span> <span class='ocrx_word' id='word_1_266' title='bbox 1234 4652 1325 4708; x_wconf 86' lang='lat' dir='ltr'>eum·</span> <span class='ocrx_word' id='word_1_267' title='bbox 1335 4630 1450 4709; x_wconf 85' lang='lat' dir='ltr'>Anna</span> <span class='ocrx_word' id='word_1_268' title='bbox 1477 4652 1607 4709; x_wconf 84' lang='lat' dir='ltr'>sorore</span> <span class='ocrx_word' id='word_1_269' title='bbox 1631 4622 1801 4736; x_wconf 85' lang='lat' dir='ltr'>patruele</span> <span class='ocrx_word' id='word_1_270' title='bbox 1826 4618 1936 4704; x_wconf 67' lang='lat' dir='ltr'>inusi.</span> 
     </span>
    </p>
   </div>
   <div class='ocr_carea' id='block_1_2' title="bbox 484 4733 1931 4861">
    <p class='ocr_par' dir='ltr' id='par_1_7' title="bbox 484 4711 1931 4861">
     <span class='ocr_line' id='line_1_36' title="bbox 484 4733 1931 4861; baseline 0.002 -40"><span class='ocrx_word' id='word_1_271' title='bbox 484 4733 588 4828; x_wconf 79' lang='lat' dir='ltr'>denti</span> <span class='ocrx_word' id='word_1_272' title='bbox 600 4736 839 4827; x_wconf 85' lang='lat' dir='ltr'>Madruccius</span> <span class='ocrx_word' id='word_1_273' title='bbox 854 4739 1057 4825; x_wconf 82' lang='lat' dir='ltr'>Cardindis</span> <span class='ocrx_word' id='word_1_274' title='bbox 1080 4769 1182 4827; x_wconf 89' lang='lat' dir='ltr'>cum·</span> <span class='ocrx_word' id='word_1_275' title='bbox 1234 4766 1311 4833; x_wconf 82' lang='lat' dir='ltr'>tara</span> <span class='ocrx_word' id='word_1_276' title='bbox 1342 4741 1620 4861; x_wconf 79' lang='lat' dir='ltr'>pulchritudine</span> <span class='ocrx_word' id='word_1_277' title='bbox 1641 4735 1806 4845; x_wconf 82' lang='lat' dir='ltr'>femina,</span> <span class='ocrx_word' id='word_1_278' title='bbox 1835 4762 1931 4824; x_wconf 85' lang='lat' dir='ltr'>cete·</span> 
     </span>
    </p>
   </div>
   <div class='ocr_carea' id='block_1_3' title="bbox 1869 4852 1932 4939">
    <p class='ocr_par' dir='ltr' id='par_1_8' title="bbox 1869 4852 1932 4939">
     <span class='ocr_line' id='line_1_37' title="bbox 1869 4852 1932 4939; baseline 0.032 -3"><span class='ocrx_word' id='word_1_279' title='bbox 1869 4852 1932 4939; x_wconf 89' lang='lat' dir='ltr'>ris·</span> 
     </span>
    </p>
   </div>
   <div class='ocr_carea' id='block_1_4' title="bbox 573 4937 881 5256">
    <p class='ocr_par' dir='ltr' id='par_1_9' title="bbox 573 4937 881 5256">
     <span class='ocr_line' id='line_1_38' title="bbox 875 4937 881 4953; baseline 0 0"><span class='ocrx_word' id='word_1_280' title='bbox 875 4937 881 4953; x_wconf 82' lang='lat'>.</span> 
     </span>
     <span class='ocr_line' id='line_1_39' title="bbox 573 4994 643 5256; baseline 0 0"><span class='ocrx_word' id='word_1_281' title='bbox 573 4994 643 5256; x_wconf 48' lang='grc' dir='ltr'>ί</span> 
     </span>
    </p>
   </div>
   <div class='ocr_carea' id='block_1_5' title="bbox 0 0 2073 5888">
    <p class='ocr_par' dir='ltr' id='par_1_10' title="bbox 0 0 2073 5888">
     <span class='ocr_line' id='line_1_40' title="bbox 0 0 2073 5888; baseline 0 0"><span class='ocrx_word' id='word_1_282' title='bbox 0 0 2073 5888; x_wconf 95' lang='lat' dir='ltr'> </span> 
     </span>
    </p>
   </div>
  </div>
 </body>
</html>
