4110 5888
461 406 561 501 vrit:
919 399 1416 477 somniantum.

433 526 536 611 nuit.
594 527 712 613 Doria
752 525 1009 612 Chatadinum
1053 551 1141 605 cum
1192 521 1261 606 bus
1295 523 1447 609 averrit.
1480 521 1696 607 Vmcentius
1722 527 1895 641 Capellus

432 669 516 727 tota
555 644 666 730 classe
717 645 754 728 in
804 642 1043 731 Ambracium
1091 639 1140 723 si-
1191 640 1376 754 ceterique
1422 635 1552 755 fugam
1591 667 1818 753 capessunt,
1855 654 1896 728 et

433 789 526 845 num
554 792 630 847 sese
662 762 904 876 recipientem,
937 758 1050 873 captis
1083 783 1136 841 ar-
1191 760 1398 871 Corcyram
1437 787 1561 841 versus
1614 785 1762 845 cursum
1811 762 1895 849 dri

434 878 535 963 cibus
564 879 807 965 intercludere
840 878 989 962 statuit.
1189 900 1311 989 gunt.

441 1078 444 1087 .
519 998 700 1080 XXXVI.
772 994 924 1080 Garcias
982 990 1138 1077 Tolerus
1235 996 1317 1077 XL.
1365 991 1660 1077 Christianorum
1685 992 1802 1079 classis
1826 1023 1891 1082 na·

434 1138 473 1199 et
520 1113 705 1198 Antonius
753 1114 872 1197 Doria
920 1111 958 1194 in
1004 1138 1138 1223 paucas
1189 1137 1253 1194 ves
1277 1139 1407 1195 omnes
1436 1111 1486 1195 ad
1511 1112 1811 1224 promontorium
1828 1115 1888 1199 Al·

434 1230 666 1319 Barbaroxae
689 1258 803 1317 naves
834 1227 968 1312 invecti
982 1288 994 1329 ‚
1010 1227 1132 1313 incon·
1187 1227 1280 1310 bum
1308 1228 1608 1343 conjunguntur.
1658 1229 1890 1316 Clraradinus

434 1347 561 1431 sultius
594 1348 689 1430 intra
729 1347 791 1431 teli
814 1347 949 1456 jactum
988 1343 1136 1428 hostiles
1187 1340 1368 1459 fugientes
1398 1374 1595 1459 parumper
1625 1344 1808 1431 insecutus
1838 1349 1888 1434 ad

436 1464 659 1548 munitiones
674 1464 877 1547 succedunt
893 1486 967 1565 ,et
975 1460 1031 1545 ad
1051 1460 1135 1543 clas·
1184 1462 1435 1545 onerariarum
1461 1462 1781 1579 oppugnationem
1808 1465 1891 1550 red·

411 1608 514 1664 -sem
529 1578 774 1696 confugiunt.
810 1577 1042 1662 Charadinus
1061 1605 1135 1661 ma·
1186 1576 1214 1660 it
1246 1637 1258 1683 ‚
1286 1607 1384 1693 quae
1411 1579 1535 1662 'nimbi
1563 1580 1680 1664 exorti
1713 1605 1751 1665 et
1783 1609 1889 1665 com-

436 1695 574 1807 ioribus
617 1697 797 1809 spiritibus
841 1695 967 1780 sumtis
1006 1722 1137 1778 omnes
1187 1695 1363 1780 modioris
1389 1696 1491 1782 venti
1521 1694 1701 1780 beneficio
1741 1725 1887 1780 econ-

438 1841 520 1905 suas
546 1812 846 1917 naves-educit,
875 1836 914 1896 et
942 1810 1134 1926 pugnandi
1188 1837 1317 1923 spectu
1347 1812 1512 1897 hostium
1546 1836 1693 1926 ereptae
1721 1813 1759 1896 in
1791 1816 1887 1898 Cor·

438 1928 592 2043 copiam,
615 1926 718 2014 facit.
841 1999 844 2005 .
1189 1954 1316 2040 cyram
1343 1929 1576 2015 deferuntur.

440 2112 444 2119 ,
497 2049 695 2130 XXXVII.
755 2045 920 2131 Andreas
946 2044 1062 2129 Doria
1079 2045 1132 2129 di·
1246 2046 1343 2129 XLI.
1403 2047 1526 2130 Classe
1559 2044 1683 2159 itaque
1715 2045 1763 2130 ad
1792 2050 1884 2132 Cor·

441 2161 573 2248 micare
588 2163 708 2248 renuit
722 2224 733 2267 ,
748 2162 968 2275 sublatisque
992 2162 1134 2247 ancho-
1183 2186 1310 2271 cyram
1336 2162 1551 2276 compulsa,
1577 2186 1785 2277 coactoque
1800 2193 1888 2250 con-

438 2279 486 2364 tis
509 2280 657 2393 Scopuli
684 2341 697 2385 ‚
727 2308 791 2364 scu
820 2279 983 2387 Sanctae
1022 2282 1134 2361 Mau·
1184 2275 1266 2361 cilio
1295 2278 1451 2394 placet,
1481 2274 1789 2393 frequentioribus
1820 2282 1883 2367 mi·

438 2423 507 2480 rae
550 2396 687 2480 insulae
742 2424 864 2479 arcem
914 2422 1134 2510 oppugnare
1183 2390 1303 2479 litibus
1332 2397 1370 2478 in
1399 2426 1529 2481 omnes
1562 2397 1724 2482 triremes
1765 2397 1880 2512 impo

329 2601 330 2604 .
435 2512 582 2625 pergit.
634 2511 927 2597 Christianorum
979 2510 1134 2596 discessu
1183 2508 1255 2592 sitis
1272 2513 1335 2614 ,in
1367 2512 1514 2597 hostem
1543 2512 1697 2597 reverti.
1740 2516 1827 2597 Post
1844 2542 1883 2596 a·

436 2627 616 2712 audacior
668 2626 784 2714 factus
821 2626 1052 2711 Charadinus
1094 2628 1132 2712 in
1183 2623 1303 2739 liquot
1334 2628 1409 2712 dies
1433 2628 1585 2714 consilio
1611 2652 1756 2713 mutato
1784 2634 1886 2742 Dyr·

436 2773 504 2830 eos
529 2743 656 2858 triplici
670 2746 745 2832 acie
757 2747 932 2830 instructa
946 2743 1131 2856 procedit.
1183 2742 1374 2828 rhachium
1419 2773 1637 2862 oppugnare
1686 2770 1877 2848 statuunt;

496 2864 711 2948 XXXVlll.
769 2860 954 2946 Hostilem
984 2860 1133 2946 clasem
1181 2859 1247 2943 sed
1296 2885 1412 2948 noctu
1453 2861 1727 2976 Dyrrhachium
1773 2862 1884 2948 classe

436 2981 675 3065 accedentem
699 2978 927 3092 conspicatus
950 2978 1067 3062 Doria
1083 3010 1131 3062 o
1187 3002 1468 3087 praetervecta,
1490 2980 1706 3083 castellum,
1731 2980 1792 3063 cui
1807 2981 1884 3064 No

439 3097 596 3181 neratias
626 3096 770 3180 suasin
806 3124 888 3178 eam
926 3093 1053 3191 invehi
1080 3094 1134 3203 ju.
1185 3119 1235 3174 vo
1268 3121 1481 3210 cognomen
1511 3121 1595 3199 est,
1625 3094 1777 3210 aggredi
1822 3125 1884 3209 pa-

438 3211 538 3313 bet·‚
564 3212 639 3325 ipse
663 3212 754 3297 dato
795 3210 902 3326 signo
932 3265 946 3314 ‚
974 3210 1038 3294 sed
1064 3215 1133 3294 nec
1187 3232 1291 3293 rant.

439 3331 518 3413 acie
530 3328 730 3413 triremium
761 3328 934 3412 instructa
950 3386 962 3429 ‚
980 3355 1049 3410 nec
1073 3356 1133 3415 or·
1183 3407 1187 3416 ,
1228 3330 1403 3413 'XLll.'
1447 3328 1626 3443 Expositis
1653 3326 1798 3442 copiis,
1826 3329 1884 3413 in·

435 3448 531 3533 dine
563 3469 732 3549 servato,
769 3444 809 3528 in
853 3443 1000 3527 hostem
1050 3473 1133 3528 mo·
1181 3445 1323 3529 cautius
1358 3446 1571 3532 accedentes
1599 3444 1784 3530 Antonius
1803 3451 1881 3529 Do

440 3590 523 3651 ver.
556 3562 741 3647 Onerariis
769 3585 887 3647 vento
927 3555 1132 3675 refragante
1181 3559 1234 3642 ria
1263 3562 1461 3675 periculose
1490 3622 1503 3665 ‚
1534 3567 1680 3646 Ferrera
1731 3586 1771 3647 et
1812 3567 1884 3646 bo

440 3682 589 3764 classem
616 3680 732 3764 Doria
757 3679 795 3762 in
821 3677 965 3763 laevam
981 3674 1130 3784 flectit,
1182 3704 1340 3794 canegra
1362 3679 1513 3763 letaliter
1540 3679 1799 3767 vulnerantur.
1830 3683 1883 3764 U-

441 3797 646 3881 triremibus
689 3795 831 3912 ingenti
858 3793 1133 3907 perturbatione
1183 3817 1313 3908 traque
1341 3824 1405 3879 arx
1439 3821 1528 3884 ante
1557 3797 1723 3882 triduum
1758 3795 1884 3909 recipi·

328 4002 332 4007 ,
441 3913 763 4026 subsequentibus.
1185 3934 1267 3995 tur.
1297 3916 1464 4026 Recepto
1494 3912 1642 3998 castello
1670 3915 1782 3996 Nouo
1814 3914 1884 3998 tria

435 4094 442 4102 -
515 4033 694 4115 XXXIX.
779 4034 861 4142 lpso
892 4054 1138 4142 exspectante
1188 4029 1296 4112 millia
1319 4052 1357 4113 et
1379 4031 1572 4228 quingenti
1587 4029 1743 4143 Hispani
1756 4028 1884 4134 milites

433 4147 538 4235 duae
567 4152 802 4232 Venetorum
837 4146 1040 4230 triremium
1079 4176 1138 4231 ex·
1187 4173 1274 4229 cum
1301 4174 1387 4258 prae
1402 4172 1487 4233 ecto
1511 4147 1700 4232 Francisco
1717 4150 1879 4230 Sarmen-

439 4298 493 4380 pu
519 4290 673 4352 nantur.
706 4263 885 4348 Oneraria
907 4263 1016 4348 etiam
1034 4324 1045 4365 ,
1062 4293 1138 4377 qua
1188 4285 1232 4346 to
1274 4263 1453 4374 praesidio
1488 4263 1743 4379 relinquuntur
1774 4289 1786 4363 ;
1817 4263 1885 4350 sed

433 4296 606 4498 Nilegas
628 4383 806 4495 Figueroa
835 4380 1057 4482 vehebatur,
1080 4409 1139 4462 ca·
1188 4377 1393 4492 insequenti
1433 4406 1569 4466 aestate
1595 4407 1694 4466 terra
1719 4377 1884 4492 marique

441 4501 559 4615 pitur.
586 4499 704 4584 Dotia
735 4498 872 4581 cunctis
896 4497 1004 4588 rebus
1032 4499 1140 4611 trepi-
1189 4498 1397 4613 oppugnati
1439 4494 1631 4582 fortissime
1673 4495 1885 4585 dimicantes

432 4620 574 4707 dantet
602 4614 886 4716 administratis,
921 4615 1026 4700 nullo
1063 4615 1139 4701 telo
1189 4614 1395 4700 intereunt.
1424 4613 1606 4700 Sarmenti
1634 4613 1742 4729 ipsius
1764 4612 1885 4698 hone·

444 4735 607 4844 emisse,
638 4732 739 4822 navis
768 4761 918 4847 proram
951 4732 999 4816 ab
1030 4731 1140 4817 hosti·
1190 4730 1487 4823 stissimamors·
1803 4849 1846 4931 H

1000 4897 1010 4902 -
1845 4872 1888 4931 ac
