4124 5880
515 394 767 505 ennom
817 393 871 476 v.
921 396 1041 480 trs.
1081 399 1235 484 xv11.
1454 388 1457 394 ’
1498 426 1560 513 49

131 549 360 692 ¹solymani
396 553 646 657 communis
682 551 1037 655 Christianorum
1073 587 1116 653 et
1154 551 1349 698 capitalis
1386 553 1519 663 hostis
1555 607 1601 666 a<

127 699 356 817 mititiam
392 736 436 799 et
472 699 726 800 societatem
763 697 873 799 odio
900 699 1052 803 Caroli
1070 778 1086 818 ,
1104 737 1148 802 et
1183 701 1233 802 in
1263 703 1396 842 ipsius
1431 708 1603 818 malum

125 844 448 988 expetivisset,
484 883 567 944 nec
612 842 933 966 dissimulanter
983 845 1220 967 inivisset,
1253 842 1326 947 hic
1360 863 1451 987 jure
1501 897 1601 960 ηις-ι,

122 992 351 1093 tuendum
387 1028 511 1108 esse,
548 1028 605 1090 ne
640 985 767 1090 furiis
803 988 971 1092 eisdem
994 993 1245 1133 exagitatus
1280 1034 1375 1095 non
1421 996 1601 1102 dubita·

129 1173 197 1247 tet
233 1130 405 1233 insidiis
441 1133 578 1234 etiam
613 1174 742 1277 agere
773 1212 787 1255 ,
818 1171 869 1235 ut
907 1174 1190 1277 quacumque
1224 1136 1395 1240 ratione
1466 1171 1602 1265 osset,

125 1277 243 1385 male
280 1278 337 1378 de
374 1319 418 1378 se
454 1278 665 1380 meritum
701 1279 1016 1398 ulcisceretur3
1055 1281 1135 1421 qui
1172 1276 1234 1381 ob
1277 1320 1377 1382 earn
1421 1180 1600 1393 fisrtasse

127 1461 304 1526 causam
341 1432 435 1555 ejus
471 1460 756 1568 conspectum
794 1462 837 1525 et
873 1463 1159 1567 congressum
1194 1426 1250 1526 ad
1277 1426 1493 1529 Nicaeam
1529 1440 1628 1533 ae*¹

131 1609 229 1710 quo
263 1566 364 1668 loco
402 1568 608 1689 vitasset,
647 1604 697 1669 ut
732 1608 849 1669 nunc
889 1608 971 1812 per
1011 1569 1228 1711 colloquii
1274 1570 1600 1682 simulationem

129 1752 236 1813 eum
261 1712 310 1812 in
347 1712 432 1812 suis
469 1710 630 1813 finibus
657 1713 765 1814 dolo
802 1752 852 1812 ac
928 1713 1040 1816 aude
1076 1716 1437 1818 circumveniret.
1475 1727 1599 1824 Nam

128 1860 256 2000 quod
292 1869 391 1960 Rex
426 1856 546 1998 prior
583 1851 738 1965 officio
773 1857 1042 1979 lacessisset,
1074 1857 1186 1960 nihil
1222 1859 1384 1962 veritus
1419 1862 1476 1962 ad
1512 1878 1600 1967 Ca*

128 2004 280 2103 tolum
315 2003 364 2103 in
400 2042 564 2105 navem
613 2003 860 2107 amicorum
911 2043 1044 2107 more
1090 2002 1182 2105 sine
1233 2004 1328 2104 ullo
1379 2007 1598 2145 praesidio

128 2149 317 2268 venire,
353 2188 448 2248 non
484 2146 685 2288 protinus
721 2148 885 2250 Carolo
921 2147 1081 2249 itidem
1115 2189 1204 2248 esse
1239 2144 1521 2271 faciendum,
1549 2187 1599 2254 ut

129 2332 176 2391 se
212 2292 261 2392 in
294 2293 429 2433 Regis
466 2327 732 2433 potestatem
767 2295 983 2411 traderet,
1015 2301 1138 2423 cujus
1173 2291 1309 2434 longe
1354 2293 1438 2393 alia
1474 2332 1599 2397 causa

130 2472 239 2536 esset
287 2434 463 2539 insidias
516 2437 742 2540 metuendi
797 2474 932 2579 atque
982 2436 1194 2538 cavendi.
1246 2445 1370 2538 Nam
1422 2447 1598 2580 Regem

130 2579 280 2680 multis
331 2580 558 2682 aCarolo
584 2581 884 2683 ‘detrimentis
939 2614 983 2679 et
1033 2582 1309 2682 contumeliis
1360 2577 1598 2703 affectum,

127 2765 234 2825 cum
270 2724 318 2823 in
354 2723 544 2826 aliorum
579 2724 762 2845 causis,
799 2761 897 2827 tum
933 2725 1128 2828 maxime
1171 2727 1221 2826 in
1271 2724 1355 2825 suis
1407 2727 1597 2826 adversis

128 2867 258 2972 rebus
293 2867 429 2969 fidem
470 2869 603 3011 ipsius
648 2906 783 3011 atque
817 2869 1115 2970 constantiam
1146 2868 1379 3010 cognitam
1414 2903 1459 2967 et
1493 2909 1598 3010 per-

129 3048 327 3154 spectam
350 3011 537 3122 habere.
575 3015 789 3116 Carolum
815 3010 967 3115 contra
993 3013 1129 3155 Regis
1159 3011 1460 3115 mobilitatem
1486 3013 1594 3114 mul-

133 3159 187 3262 tis
224 3157 273 3257 in
310 3156 418 3258 locis
454 3195 684 3301 expertum
719 3199 844 3280 esse,
880 3194 924 3258 et
958 3156 1094 3257 fidem
1130 3154 1185 3257 ab
1222 3199 1278 3258 eo
1318 3157 1511 3277 laesam,
1546 3196 1598 3259 ac

133 3337 261 3442 rupta
296 3296 474 3404 foedera
511 3343 604 3405 non
641 3303 774 3404 semel
809 3297 941 3405 fuisse
978 3338 1298 3444 conquestum.

132 3526 135 3531 v
204 3455 395 3551 XXVII.
470 3449 556 3548 His
593 3482 636 3547 et
672 3444 830 3548 talibus
866 3445 1047 3547 monitis
1080 3446 1294 3547 Carolum
1330 3440 1426 3564 sui,
1450 3483 1506 3542 ne
1541 3444 1598 3544 ad

131 3601 305 3734 Regem
358 3592 409 3692 in
462 3593 683 3694 castellum
728 3590 946 3712 veniret,
1001 3587 1226 3705 dehortari
1275 3628 1325 3687 ac
1383 3586 1597 3687 deterrere

119 3734 433 3844 conabantur.
471 3737 547 3836 Ille
583 3775 730 3861 ver0,
766 3774 1043 3878 quamquam
1089 3773 1180 3834 non
1230 3732 1320 3832 sine
1371 3729 1598 3871 probabili

118 3919 260 3977 causa
294 3918 338 3980 et
373 3881 538 3983 amanti
566 3881 719 3981 animo
756 3922 806 3980 ea
843 3880 932 3982 dici
965 3875 1175 3997 videbat,
1194 3872 1454 4016 horumque
1490 3912 1599 3973 con-

118 4021 283 4122 silium
316 4025 447 4126 tutius
485 4066 572 4125 esse
608 4062 650 4128 et
687 4024 830 4124 minus
866 4020 1028 4124 habere
1073 4019 1329 4121 discriminis
1376 4017 1601 4156 intellige-s
1640 4019 1643 4023 ’

123 4163 246 4274 batt
285 4163 372 4266 sibi
405 4207 587 4292 tamen,
624 4170 704 4310 qui
754 4168 901 4270 studio
952 4165 1131 4310 publici
1171 4162 1284 4266 boni
1319 4159 1600 4262 Christiano⁴

120 4349 231 4410 rum
266 4321 440 4443 majora
475 4356 598 4458 saepe
635 4311 686 4414 ac
723 4315 908 4420 certiora
944 4311 1137 4454 pericula
1173 4308 1392 4422 subierat,
1419 4307 1475 4407 ad
1504 4316 1601 4410 Re-

126 4493 237 4593 gem
272 4456 342 4557 vel
378 4498 483 4561 cum
518 4501 598 4561 suo
634 4457 829 4602 periculo
879 4458 1076 4554 eundum
1127 4490 1214 4551 esst
1265 4449 1506 4574 decrevit,
1542 4488 1599 4550 ne

128 4597 327 4699 sialiter
362 4604 610 4725 statuisset,
644 4602 780 4703 fidem
815 4598 952 4741 Regis
989 4600 1194 4698 damnare
1230 4592 1494 4713 videretur,
1529 4627 1599 4693 at-

133 4776 221 4879 que
259 4784 309 4843 θλ
344 4743 594 4854 diffidentia
628 4785 671 4848 et
717 4742 983 4848 contumelia
1018 4741 1131 4846 illius
1168 4740 1218 4842 in
1254 4781 1298 4841 se
1334 4740 1492 4844 odium
1530 4736 1599 4836 in-

14 4957 15 4960 *
93 5036 96 5041 ξ
212 4886 403 5010 Tonss,
504 5004 515 5015 ἱ
1166 4897 1208 4995 G
1496 4912 1603 4978 cen,
