3998 5850
511 411 601 505 4254
887 403 976 486 urs
1002 401 1230 491 ‘REuus
1261 402 1514 488 cassas·
1552 430 1556 463 .

466 569 588 671 fieret
627 551 951 669 Germanorum
991 555 1184 700 publico
1227 556 1350 659 bono
1395 560 1728 662 accommodata
1760 639 1774 686 ,
1811 563 1858 666 e't
1897 607 1930 667 a:

465 752 540 814 sua
575 710 789 852 dignitate
832 742 875 804 et
911 701 1159 803 commodis
1205 741 1299 802 non
1335 699 1595 806 abhorrens.
1642 706 1716 804 Ad
1753 707 1926 810 Princia

465 896 574 999 pum
607 850 875 995 legationem
908 862 1006 967 „Se
1043 884 1177 965 ver0,
1212 845 1461 988 respondit,
1495 888 1549 947 eo
1580 849 1784 950 locorum
1819 892 1920 955 cum

465 997 698 1121 „exercitu
732 989 857 1097 nullis
895 991 1070 1129 privatis
1111 987 1346 1120 rationibus
1390 991 1648 1092 servientem
1690 996 1922 1135 processis.

467 1221 497 1266 „
515 1172 593 1262 se,
630 1141 705 1239 sed
750 1173 799 1238 ut
836 1134 1034 1274 publicae
1070 1144 1392 1234 Germanorum
1433 1132 1657 1257 libertati,
1697 1175 1742 1238 et
1778 1140 1920 1278 capti-

471 1325 502 1410 ,·,
521 1323 682 1385 vorum
717 1279 971 1419 Principum
1006 1275 1254 1377 liberationi
1290 1276 1571 1397 consuleret,
1596 1282 1720 1419 quod
1758 1321 1918 1423 magua

466 1507 499 1554 „
515 1472 565 1529 ex
601 1461 720 1568 parte
753 1458 1007 1522 consecutus
1042 1420 1125 1520 sibi
1162 1458 1248 1519 esse
1284 1419 1530 1541 videretur,
1576 1421 1656 1563 qui
1692 1457 1769 1522 sua
1810 1463 1915 1525 excr-

467 1568 501 1699 „
521 1571 716 1711 citusque
751 1563 1029 1708 praesentia,
1065 1562 1244 1703 aliisque
1279 1560 1521 1664 rationibus
1558 1603 1742 1666 remeo
1778 1568 1914 1668 dedu-

469 1791 502 1837 „
517 1714 682 1830 xisset,
716 1701 766 1810 ut
801 1748 895 1854 spes
937 1741 1052 1807 certa
1088 1705 1142 1805 sit
1187 1705 1400 1806 melioris
1437 1745 1486 1807 ac
1538 1707 1757 1808 liberioris
1808 1722 1911 1811 Ger·

468 1857 777 1978 „manicarum
814 1848 959 1950 rerum
993 1882 1161 1967 status,
1198 1884 1242 1948 ct
1279 1846 1533 1990 Principum
1569 1850 1772 1950 custodia
1794 1864 1796 1868 ’
1815 1851 1908 1953 libe·

462 2036 500 2120 „
516 2000 796 2098 ra'rrdorum:
849 1990 935 2091 huc
988 2030 1091 2091 cum
1132 1992 1349 2109 accedat,
1388 2028 1438 2090 ut
1487 1990 1657 2093 hostilis
1709 1995 1908 2094 exercitus

468 2215 501 2268 „
517 2134 613 2241 suos
648 2139 753 2240 fines
789 2133 997 2236 incendiis
1034 2169 1076 2232 et
1120 2131 1480 2274 populationibus
1516 2171 1689 2256 vastet,
1728 2137 1905 2237 statuisse

468 2323 604 2410 „sese
638 2278 875 2381 exercitum
914 2274 1246 2417 quamprimum
1275 2275 1480 2376 reducere
1511 2354 1526 2396 ,
1563 2319 1698 2420 seque
1730 2280 1905 2419 ‚pollict-

467 2460 586 2549 „tur
621 2425 823 2523 daturum
859 2457 1082 2559 operam,
1116 2454 1166 2517 ut
1201 2418 1250 2550 id
1284 2456 1387 2517 cum
1422 2421 1544 2519 nullo
1601 2457 1677 2520 aut
1729 2421 1903 2521 minimo

468 2646 501 2692 „
513 2564 833 2668 Germanorum
868 2559 1136 2662 detrimento
1158 2557 1279 2679 liat,
1296 2598 1570 2703 quamquam
1604 2603 1698 2665 non
1723 2606 1820 2668 esse
1847 2605 1902 2664 no

467 2791 499 2837 „
514 2749 650 2827 vum,
687 2747 768 2808 nec
804 2742 967 2847 praeter
1004 2700 1221 2803 bellorum
1253 2704 1644 2827 consuetudinem,
1674 2741 1727 2807 ut
1762 2709 1902 2808 milita

466 2852 573 2978 „ris
609 2850 782 2951 licentia
816 2848 989 2988 longius
1026 2846 1278 2967 interdum,
1316 2884 1452 2988 quam
1488 2860 1592 2951 Dux
1646 2885 1724 2951 aut
1773 2862 1900 2990 lmpe·

470 3074 502 3118 „
519 3029 636 3095 rator
673 2990 828 3110 vellet,
856 2992 989 3088 eriam
1025 2988 1071 3088 in
1108 2988 1248 3088 socios
1285 3024 1329 3088 et
1364 2992 1527 3094 amicos
1564 2995 1776 3129 prodeat,
1797 2992 1901 3134 quod

467 3215 500 3262 „
517 3177 560 3236 se
607 3173 748 3275 nuper
793 3131 1057 3233 invitissimo
1111 3130 1160 3231 in
1209 3134 1417 3234 Germani
1464 3135 1659 3237 nominis
1704 3139 1901 3277 quosdam

466 3315 499 3404 „
514 3277 802 3380 accidisset.“

538 3416 727 3523 XXVII.
801 3417 885 3519 His
919 3415 1028 3520 datis
1062 3415 1317 3558 responsis,
1352 3418 1464 3521 circa
1497 3424 1595 3524 Idus
1630 3431 1773 3554 Majas
1805 3456 1906 3522 retro

468 3602 605 3669 castra
651 3595 847 3693 mouet,
883 3597 926 3661 et
971 3599 1047 3702 per
1087 3559 1296 3664 Lotharin
1329 3563 1419 3663 iam
1460 3565 1516 3664 ad
1564 3565 1907 3706 Lucemburgum

468 3710 675 3827 delatus,
714 3743 867 3848 agrum
884 3747 886 3754 ’
903 3704 1105 3845 populari
1134 3759 1160 3819 ,*
1184 3602 1381 3805 aedidcia
1415 3704 1643 3807 incendere
1677 3748 1771 3810 non
1806 3704 1907 3806 desi·-

469 3852 544 3953 stit
574 3888 586 3960 3
623 3853 736 3990 quae
778 3886 881 3948 cum
922 3847 1036 3976 Galli
1077 3840 1268 3947 facerent
1297 3925 1312 3967 ,
1337 3860 1601 3950 Rossemum
1637 3890 1724 3952 sese
1760 3844 1910 3948 imitati

468 3992 702 4096 dicebant.
756 3991 982 4122 Henricus
1012 4028 1087 4130 per
1131 3991 1293 4131 oppida
1334 4030 1460 4135 capta
1501 3993 1717 4134 dispositis
1762 3990 1909 4135 praesi·

468 4140 581 4257 diis,
609 4130 802 4275 reliquas
837 4133 998 4276 copias
1017 4133 1071 4232 ad
1106 4131 1346 4235 Atrebates
1368 4136 1564 4245 dimisita
1598 4148 1835 4239 Rossemus
1866 4171 1912 4231 e·

469 4279 563 4382 nim
601 4280 731 4419 paulo
766 4313 866 4376 ante
901 4277 1090 4376 domum
1127 4277 1338 4378 redierat.
1388 4290 1557 4379 Interea
1593 4281 1833 4382 Mauricius
1866 4308 1912 4374 ct

471 4423 726 4522 Guilielmus
761 4421 810 4519 in
846 4460 944 4521 eam
980 4456 1181 4559 partem,
1218 4460 1306 4561 qua
1340 4420 1674 4562 Ocnspruchum
1687 4470 1718 4544 ,¹
1735 4421 1814 4525 ubi
1842 4428 1916 4518 Ca-

460 4564 588 4665 'rolus
624 4561 908 4681 morabatur,
947 4602 1022 4704 per
1057 4563 1190 4704 Alpes
1213 4599 1288 4663 ‘est
1321 4561 1406 4664 iter
1420 4565 1714 4684 ,exercitum
1732 4601 1916 4666 conver·

450 4739 607 4828 stunt,
643 4740 686 4805 cr
719 4707 990 4809 Caesarianas
1026 4706 1172 4850 copias
1187 4711 1217 4834 ',
1250 4746 1364 4850 quae
1411 4709 1633 4852 angustias
1680 4704 1918 4848 'faucesque

1798 4889 1921 4956 mon-
