4110 5888
536 411 588 495 18
886 411 973 496 ΒΕ
1020 406 1219 492 REBUS
1267 404 1489 490 GESTIS

497 568 698 688 stilibus,
735 605 847 710 quae
883 568 1046 668 tardius
1084 555 1303 706 profectae
1333 643 1348 685 ,
1379 600 1454 664 aut
1490 563 1537 663 ln
1572 554 1729 670 itinere
1765 579 1962 677 remora-

380 803 383 807 .
501 755 570 819 tae
606 716 662 818 ad
698 716 876 814 classem
911 713 992 813 iter
1046 706 1316 829 habebant,
1341 707 1594 852 cognovit,
1627 704 1702 808 has
1752 745 1964 849 compre-

501 859 722 965 hendendi
758 857 896 999 gratia
931 870 1172 993 Corcyram
1207 895 1349 958 versus
1386 853 1642 956 revertitur.
1698 852 1781 953 Sed
1816 853 1966 997 prima

501 1008 598 1109 luce
631 1040 800 1146 septem
835 1035 1043 1102 rostratae
1084 1039 1216 1101 naves
1251 999 1299 1100 in
1336 999 1425 1099 alto
1468 994 1838 1137 conspiciuntur,
1876 999 1965 1099 tri-

502 1189 642 1253 remes
685 1184 877 1290 quatuor
913 1143 1111 1246 militatis
1146 1143 1393 1285 Religionis
1429 1143 1572 1245 Sancti
1609 1142 1842 1277 Joannis,
1877 1178 1965 1244 tres

503 1291 690 1397 biremes
726 1304 1006 1410 Genucnses,
1035 1328 1149 1431 quae
1186 1290 1318 1391 serius
1353 1296 1601 1389 Messanam
1635 1287 1872 1428 appulsae,
1901 1322 1969 1389 at-

505 1481 594 1582 que
638 1437 741 1536 inde
788 1473 1073 1579 progressae,
1108 1469 1159 1532 ut
1201 1472 1305 1535 curn
1340 1434 1478 1534 Dotia
1526 1471 1577 1546 sew
1620 1441 1967 1575 conjungerent,

505 1580 828 1725 properabant.
880 1591 974 1679 Has
1015 1577 1155 1678 nostri
1194 1574 1378 1677 hostiles
1417 1619 1504 1678 esse
1548 1577 1665 1697 rati,
1712 1612 1967 1680 tormento-

503 1765 606 1828 rum
641 1725 734 1825 telis
771 1724 941 1824 eminus
975 1760 1231 1865 oppugnare
1268 1759 1312 1822 er
1346 1716 1562 1863 fugientes
1599 1720 1773 1862 insequi
1808 1763 1968 1865 coepe-

503 1906 649 1976 runtt
686 1870 828 1968 donec
872 1870 996 1971 certis
1041 1863 1438 2008 significationibus
1472 1863 1641 1986 factis,
1678 1901 1722 1964 et
1765 1868 1968 2008 specula·

504 2014 623 2114 torio
677 2012 861 2156 navigio
905 2053 931 2113 a
985 2006 1255 2154 fugientibus
1307 2009 1489 2130 misso,
1538 2011 1650 2113 inter
1701 2049 1746 2112 se
1795 2011 1969 2154 cogniti

503 2191 627 2259 sunt.
1434 2239 1435 2242 κ

576 2311 738 2404 XVIII.
809 2296 1020 2402 Navibus
1061 2295 1109 2400 in
1149 2338 1290 2400 unum
1326 2297 1609 2440 compulsis,
1643 2298 1698 2399 ad
1734 2306 1997 2439 Leucocy-‘

504 2483 627 2546 mam
670 2453 887 2581 Corcyrae
933 2445 1291 2587 promontorium
1340 2443 1658 2552 contendunt3
1700 2438 1892 2585 factique
1942 2484 1970 2545 a

504 2587 846 2724 Corcyrensibus
881 2590 1081 2693 certiores
1121 2586 1361 2689 duodecim
1396 2596 1646 2691 Turcamm
1680 2587 1874 2688 triremes
1911 2589 1970 2691 ad

503 2737 692 2875 Pargam
728 2731 993 2836 continentis
1029 2733 1152 2876 Epiri
1195 2732 1468 2836 maritimum
1509 2733 1730 2876 oppidum
1765 2733 1970 2873 appulsas

507 2915 637 2996 esse,
676 2880 733 2977 ad
780 2876 854 2980 has
899 2879 1173 3022 excipiendas
1222 2919 1266 3009 se
1307 2915 1446 2981 noctu
1488 2881 1546 2981 ad
1590 2877 1971 3020 promontorium,

403 3097 406 3100 ⁴
507 3023 631 3158 quod
668 3021 788 3122 abest
823 3063 849 3121 a
883 3034 1019 3166 Patga
1053 3025 1254 3165 quinque
1300 3024 1439 3125 millia
1472 3063 1724 3163 passuum,
1760 3062 1848 3164 qua
1884 3022 1971 3123 illis

506 3160 589 3263 iter
625 3201 715 3265 erat
742 3241 756 3284 ,
792 3169 1046 3269 occultant:
1072 3203 1235 3310 quarta
1270 3168 1424 3311 vigilia
1458 3167 1692 3269 clarissima
1726 3167 1831 3268 luna
1865 3204 1973 3270 cum

506 3303 653 3410 hostes
700 3312 842 3414 adesse
887 3311 954 3413 ab
988 3311 1331 3455 speculatoribus
1367 3312 1558 3415 nuntiati
1595 3348 1774 3436 essent,
1805 3312 1973 3432 Doria,

508 3489 602 3553 non
638 3455 851 3595 explicata
900 3456 1071 3578 classe,
1107 3461 1233 3600 quod
1284 3496 1453 3600 magno
1489 3458 1587 3559 usui
1642 3491 1738 3558 tum
1789 3456 1846 3556 ad
1867 3455 1974 3561 ,cir-

508 3599 884 3701 cumveniendum
920 3599 1065 3704 hostes
1095 3679 1111 3720 ,
1147 3638 1246 3704 tum
1282 3606 1339 3704 ad
1380 3603 1560 3703 eosdem
1602 3601 1786 3704 navium
1820 3600 1975 3702 multi-

508 3742 659 3842 tudine
695 3746 974 3846 deterrendos
1023 3743 1184 3870 foret,
1219 3747 1295 3847 sed
1347 3746 1612 3891 praetoriam
1653 3781 1698 3846 et
1749 3786 1822 3847 sex
1867 3743 1974 3846 alias

506 3920 637 3985 naves
690 3887 848 4027 pariter
898 3927 1143 4030 praevectas
1178 3971 1193 4014 ,
1248 3928 1392 3992 cetera
1441 3893 1572 3992 classe
1619 3891 1761 4032 longo
1813 3889 1975 3991 ordine

506 4026 839 4173 subsequente,
877 4036 1140 4139 contemtim
1182 4039 1230 4138 in
1274 4075 1507 4137 occursum
1554 4045 1754 4156 movet,
1791 4073 1835 4136 et
1882 4073 1975 4178 op-

505 4210 702 4315 pugnare
738 4179 1023 4320 aggreditur:
1072 4180 1253 4301 hostes,
1287 4180 1335 4280 in
1370 4179 1529 4321 quibus
1566 4218 1691 4282 erant
1727 4180 1847 4280 mille
1882 4189 1974 4281 Ge·

506 4317 683 4440 nizari,
727 4359 976 4426 nostrarum
1011 4327 1194 4428 navium
1228 4330 1466 4428 numerum
1511 4323 1643 4426 initio
1679 4324 1864 4466 quidem
1899 4322 1974 4465 ig-

506 4498 746 4585 norantes,
785 4510 951 4612 magno
973 4472 1139 4576 animo
1176 4470 1395 4573 certamen
1412 4476 1696 4610 capessunt,
1734 4504 1828 4566 tam
1864 4502 1972 4605 pera

503 4605 788 4749 tinaciterque
825 4616 929 4713 duas
964 4612 1090 4715 horas
1125 4652 1465 4755 repugnarunt,
1505 4649 1554 4714 ut
1589 4614 1671 4713 nisi
1706 4649 1970 4754 propugna⁶

503 4748 672 4853 toribus
708 4750 797 4854 Fere
844 4756 1050 4860 omnibus
1102 4760 1285 4861 concisis
1320 4793 1396 4859 aut
1445 4758 1714 4878 vulneratis,
1763 4755 1968 4899 ipsorum

1857 4898 1965 4999 nul-
