4192 5858
467 424 554 533 284
840 428 926 511 uu
974 419 1454 510 auuustcusrts

427 599 551 698 ximo
590 591 760 693 hastato
798 587 975 709 sumit,
1012 621 1055 686 et
1102 585 1256 686 ceteris·
1300 587 1508 726 utrinque
1561 585 1886 728 spectantibus,

431 740 483 842 fit
521 737 704 840 obviam
750 733 981 852 venienti,
1019 767 1301 871 consertaque
1341 771 1525 873 pugna,
1564 772 1656 832 uno
1699 769 1744 833 et
1784 733 1890 838 item

435 884 573 986 altero
646 881 737 981 ictu
791 878 981 978 celeriter
1051 876 1231 994 illato,
1282 884 1551 975 Germanum
1624 879 1889 1016 prosternit,

362 1118 372 1137 .,
435 1059 787 1186 prostratumque
825 1021 974 1166 gladio
1005 1055 1243 1182 pernecat3
1276 1018 1335 1118 sic
1383 1020 1508 1160 ipse,
1548 1019 1667 1120 nullo
1708 1059 1891 1164 accepto

436 1172 647 1316 vulnere,
667 1167 852 1268 vrctoria
890 1203 1142 1306 exutusque
1173 1162 1405 1283 laetus,1n
1444 1163 1629 1284 locum,
1661 1170 1778 1268 unde
1814 1208 1892 1267 ex-

438 1349 651 1436 cesserat,
684 1310 884 1411 revertit.

510 1467 659 1561 XXV.
732 1464 941 1555 Ceterum
980 1489 1145 1596 quanta
1184 1452 1418 1595 pertinacia
1448 1489 1637 1594 quatuor
1674 1454 1894 1555 continuis

376 1677 380 1690 ·
434 1594 596 1704 'diebus
634 1633 779 1697 nostra
817 1635 950 1699 castra
988 1636 1315 1700 tormentorum
1347 1598 1440 1697 telis
1477 1636 1732 1759 oppugnata
1776 1598 1894 1718 sint,

380 1784 384 1788 ·
442 1744 546 1847 hinc
584 1741 801 1844 aestimari
859 1780 1002 1883 potest
1038 1823 1051 1866 ,
1091 1744 1263 1904 quod
1253 1779 1363 1842 mtra
1412 1741 1680 1841 munitiones
1727 1778 1894 1882 praeter

444 1889 603 1989 multos
642 1885 908 1986 transmissos
944 1887 1062 1987 mille
1106 1886 1367 2026 septingenti
1419 1883 1544 2027 globi
1590 1885 1813 2004 collecti,
1849 1919 1893 1982 et

445 2033 501 2132 ad
534 2065 856 2132 tormentorum
895 2025 1165 2193 praefectum
1200 2029 1320 2131 relati
1366 2023 1581 2128 luerunt·
1558 2094 1586 2136 ‚
1620 2030 1692 2129 sed
1727 2064 1771 2129 et
1808 2067 1897 2126 no-

445 2213 559 2276 ctem
594 2211 872 2276 consecutam
908 2174 1100 2275 hostes
1090 2212 1339 2274 tnsomnem
1371 2172 1708 2272 traduxerunt
1665 2210 1898 2332 ,tpsorum

446 2358 580 2419 castra
616 2317 910 2458 scloppetariis
944 2318 1097 2419 nostris
1128 2313 1475 2440 infestantibus,
1515 2315 1639 2456 quod
1672 2355 1749 2456 pet
1783 2355 1900 2416 vrces

446 2460 612 2624 partitis
643 2460 914 2602 temporibus
952 2462 1116 2563 cunctis
1155 2457 1359 2561 noctibus
1398 2455 1640 2561 faciebant.
1689 2470 1753 2559 lta
1793 2498 1914 2561 curn

449 2645 496 2705 ιιι
534 2645 696 2748 magna
726 2640 965 2705 castrorum
997 2601 1328 2749 propinquitate
1362 2639 1512 2704 noctes
1548 2639 1591 2703 et
1627 2602 1761 2702 dies
1749 2640 1800 2701 tn
1834 2642 1914 2703 ar-

449 2749 533 2850 mis
566 2790 654 2848 esse
672 2786 994 2917 cogerentur,
1033 2789 1114 2852 nec
1153 2786 1360 2848 somnum
1398 2786 1547 2889 capere
1593 2747 1911 2913 permitteren-

449 2929 552 3011 tur,
587 2928 629 2991 et
666 2901 755 3022 jam
792 2894 1034 3054 inciperent
1070 2891 1384 2995 cibariorum
1372 2891 1523 3032 rnopia
1560 2892 1738 3032 premi,
1773 2894 1903 3031 equi

452 3070 546 3135 tatu
578 3070 731 3134 nostro
763 3035 853 3136 vias
891 3036 1149 3156 obsidente,
1186 3071 1237 3134 et
1274 3075 1348 3134 eos
1386 3033 1702 3134 commeatibus
1744 3034 1898 3175 prohi-

451 3177 633 3298 bente,
667 3212 802 3279 castra
852 3217 1073 3301 movere,
1118 3180 1308 3321 locoque
1351 3181 1501 3279 cedere
1552 3179 1897 3281 constituerunt

451 3255 777 3423 Gravioiibus
765 3321 902 3463 tgitur
939 3324 1185 3424 tormentis
1199 3323 1473 3487 praemissis,
1494 3362 1536 3422 et
1575 3363 1736 3467 agmen
1774 3323 1900 3463 equi-

452 3499 542 3565 tatu
589 3504 693 3565 cum
737 3465 975 3569 levioribus
1012 3468 1236 3568 tormentis
1288 3466 1619 3606 subsequente,
1648 3470 1703 3568 de
1744 3502 1899 3606 quarta

452 3609 603 3769 vigilia
657 3605 897 3772 profecti,
943 3609 1058 3712 binis
1111 3611 1257 3712 castris
1309 3611 1603 3754 Neuburgum
1655 3647 1895 3713 venerunt

451 3753 542 3851 Hic
579 3749 718 3854 biduo
751 3753 888 3893 quieti
926 3758 1079 3876 dato,
1116 3755 1354 3896 relictoque
1393 3756 1511 3854 mille
1552 3755 1904 3916 quingentorum

451 3895 645 3997 militum
679 3898 936 4040 praesidio,
974 3834 1276 4001 Toriabertem
1309 3899 1500 4000 totidem
1535 3936 1679 3999 castris
1717 3938 1904 4041 progte

449 4040 660 4150 diuntur3
698 4042 818 4142 ad
787 4081 1014 4183 ripamque
1044 4041 1242 4146 Danubii
1277 4045 1578 4164 considentes,
1614 4043 1773 4143 stativa
1812 4084 1902 4146 ιιιιι·Ι

448 4184 653 4305 nietunt,
693 4187 877 4317 trajectis
912 4223 1059 4286 tamen
1095 4187 1330 4289 duodecim
1366 4189 1557 4290 millibus
1590 4227 1695 4288 cum
1731 4187 1903 4327 aliquot
2038 4208 2090 4275 ⁵

411 4416 413 4421 ,
449 4330 729 4449 tormentis,
776 4365 833 4431 et
854 4330 909 4432 ad
945 4342 1154 4466 Raynum
1192 4330 1475 4471 oppidum
1464 4372 1510 4433 ru
1550 4332 1644 4472 ripa
1692 4330 1800 4465 Lyci
1853 4373 1904 4432 a·
2008 4375 2090 4407 ὤ

448 4470 561 4570 mnis
610 4474 937 4598 castrametari,
975 4509 1042 4572 et
1037 4512 1197 4614 ponte
1221 4485 1395 4608 Lycum
1429 4477 1706 4581 committere
1744 4474 1898 4605 jussis3
2009 4545 2056 4570 0

444 4610 552 4713 haec
589 4617 707 4716 euim
746 4618 842 4717 loca
876 4619 932 4717 ad
981 4615 1144 4718 bellum
1187 4622 1431 4759 gerendum
1476 4636 1745 4764 opportuna
1781 4619 1899 4739 visa,
1965 4704 2035 4724 0

441 4795 486 4860 et
533 4759 591 4861 ad
622 4767 869 4904 Augustam
903 4740 1181 4907 Ulmamque
1219 4768 1446 4915 tutandam
1483 4804 1542 4866 et
1570 4762 1892 4913 commeatibus

1701 4947 1912 5051 ,ΡῖΟι
