4192 5858
440 430 792 540 eanourv
834 451 1165 533 trawxxur
1403 462 1494 556 247

142 618 305 713 XXIII
382 606 646 726 Postridie,
683 602 763 744 qui
812 600 898 705 fuit
947 606 1045 705 Idus
1081 607 1233 743 Julii,
1267 606 1461 712 diruta
1446 652 1538 774 Jam

95 797 196 857 rona
232 790 355 894 parre
392 753 533 872 muri,
554 792 648 852 non
683 784 832 851 tamen
867 750 961 850 solo
994 788 1173 889 propter
1210 793 1436 897 aggestam
1470 756 1538 860 in

95 901 280 1001 rinsecus
318 934 508 1010 terram,
545 936 660 1036 quac
696 893 938 1034 plurimum
974 892 1257 1000 firmitudinis
1293 901 1444 1021 addit,
1467 943 1540 1003 ae

95 1082 248 1180 quara,
286 1040 475 1202 Hispani
511 1041 697 1202 quidam
733 1040 903 1181 gloriae
936 1042 1213 1202 praedaeque
1261 1043 1533 1183 cupidiores,

95 1226 159 1287 rue
206 1183 394 1325 imperio
433 1221 476 1284 et
513 1184 670 1286 ordine
716 1183 967 1284 audacter
956 1185 1138 1284 mitium
1183 1188 1423 1290 invadendi
1466 1185 1537 1289 fe

96 1364 257 1448 erunt,
296 1330 372 1428 sed
406 1325 570 1431 fossam
606 1370 697 1429 non
733 1368 914 1492 magno·
955 1330 1139 1470 negorio
1189 1332 1397 1450 transita,
1432 1373 1537 1434 mu-

95 1514 170 1575 um
208 1407 409 1574 altiorem
428 1513 602 1637 ,quam
637 1513 688 1574 ut
722 1469 914 1575 facile
884 1512 972 1572 sane
1009 1473 1130 1573 scalis
1165 1409 1402 1577 conscendi
1437 1518 1540 1618 pos·

95 1654 165 1738 e,t
203 1615 567 1725 offenderuntr
556 1655 708 1758 itaque
745 1617 905 1760 pauci,
943 1614 1211 1718 ethicum
1260 1660 1340 1720 suo
1395 1625 1535 1724 maxi-

95 1802 148 1861 no
186 1760 468 1902 periculo,
456 1799 505 1861 m
552 1799 733 1864 murum
781 1759 1061 1889 evadebant,
1094 1761 1350 1867 custodibus
1398 1765 1537 1908 oppi

98 1905 283 2067 anisque
319 1941 421 2007 tum
455 1906 740 2027 intrinsecus,
774 1939 870 2008 tum
907 1945 960 2005 ex
996 1908 1164 2027 muris,
1203 1947 1317 2050 quos
1367 1911 1533 2011 mulie

95 2089 131 2150 :s
174 2051 309 2151 etiam
354 2085 398 2154 et
426 2049 642 2153 Monachi
677 2049 938 2153 militibus
927 2049 1114 2152 rmmistr
1097 2045 1400 2155 defendendi
1434 2094 1536 2198 gra

95 2192 525 2334 acompleverant,
561 2196 831 2339 scloppctis,
862 2192 1127 2336 lapidibus,
1159 2231 1293 2358 atque
1324 2197 1431 2339 igne
1476 2239 1530 2298 a

95 2336 199 2439 riter
229 2335 648 2503 propugnantibus3
686 2375 903 2485 praeterea
935 2340 1153 2442 militum
1168 2380 1279 2440 acres
1326 2340 1536 2443 instructa

95 2521 250 2583 aarea
283 2484 399 2587 circa
442 2483 638 2585 dirutum
686 2524 868 2588 murum
920 2474 1199 2626 complanata
1250 2486 1534 2607 constiterat,

99 2666 182 2729 uae
219 2625 452 2730 subeuntes
485 2625 630 2730 hostes
665 2630 892 2770 repelleret
939 2665 1071 2770 atque
1106 2628 1339 2761 dejiceret.
1394 2629 1534 2771 Igitur

93 2809 351 2913 aquartam
399 2769 558 2874 horam
593 2775 833 2902 certamine
888 2774 1030 2874 nostri
1073 2772 1381 2913 nequidquam
1427 2809 1535 2912 pro

95 2922 239 3037 luct0,
267 2917 414 3019 telis
398 2956 492 3051 Jam
528 2954 573 3018 et
606 2889 838 3061 glandibus
875 2915 1128 3037 exhaustis,
1161 2955 1290 3054 signo
1327 2951 1536 3057 accepto,

95 3100 158 3161 :se
207 3098 512 3201 receperunt,
543 3101 724 3165 centum
775 3061 1049 3205 septuaginta
1099 3061 1284 3201 amplius
1336 3099 1531 3180 amrssrs,

95 3205 165 3305 lus
201 3207 401 3308 trecentis
437 3206 709 3329 vulneratis,
747 3246 944 3349 quorum
992 3201 1109 3309 fuere
1151 3204 1403 3306 Ludovicus
1449 3213 1534 3303 Pe·

95 3348 208 3450 :zius
234 3359 433 3492 Vargas,
454 3387 497 3452 et
533 3351 717 3455 Alvarus
750 3350 927 3453 Sandius
964 3350 1162 3451 militum
1197 3344 1400 3453 tribuni,
1424 3358 1532 3448 Ger

95 3495 194 3599 rani
227 3532 333 3596 vero
351 3494 464 3636 ,qui
498 3495 601 3595 loco
639 3533 850 3638 pugnae,
878 3529 929 3595 ιιι
963 3493 1166 3656 ingressis
1200 3488 1412 3631 Hispanis
1447 3530 1530 3589 au

95 3636 179 3738 ilio
215 3673 389 3760 essent,
423 3639 920 3783 appropinquaverant,
956 3677 1062 3778 qura
1113 3676 1244 3737 muro
1292 3673 1387 3735 non
1435 3672 1531 3733 suc

95 3820 313 3904 ’,εειιιιιι
349 3779 545 3925 obliquis
581 3784 677 3885 telis
714 3781 1055 3926 opportuniores
1089 3778 1229 3902 facti,
1267 3779 1365 3922 plus
1400 3777 1536 3881 etiam

95 3925 332 4028 etrimenti
366 3924 424 4028 ab
458 3926 660 4030 hostibus
697 3964 978 4093 acceperunt.

138 4078 315 4173 XX1v.
388 4082 536 4207 Hujus
586 4073 755 4217 accepti
808 4068 1060 4175 detrimenti
1111 4071 1202 4171 duo
1253 4064 1535 4210 potissimum

95 4213 266 4356 [ispani
300 4210 458 4317 milites
493 4219 662 4360 Pagani
696 4217 962 4320 centurionis
997 4216 1315 4355 manipulares,
1340 4247 1536 4374 quorum

95 4398 179 4461 tet
215 4359 394 4502 signum
429 4358 626 4479 ferebat,
662 4400 857 4463 auctores
913 4355 1123 4477 fuerunt,
1161 4394 1240 4497 qur
1292 4354 1426 4493 primi
1478 4393 1536 4453 o·

95 4502 249 4606 mium
283 4507 563 4656 Imperatoris
598 4547 650 4607 ac
685 4506 852 4606 ducis
841 4514 1005 4636 injussu
1057 4538 1224 4602 temere
1277 4537 1378 4644 cum
1433 4536 1537 4639 pro·

95 4647 330 4768 arsissent,
368 4685 533 4754 ceteros
579 4649 835 4754 temeritatis
887 4650 1060 4791 ignaros
1113 4645 1421 4748 concitarunts
1463 4641 1539 4741 sed

95 4793 110 4897 i
154 4796 346 4898 eumad
383 4834 575 4937 poenam
607 4835 852 4938 necemque
888 4833 931 4893 se
968 4790 1173 4934 conquiri
1203 4785 1549 4931 cognovissent,

1480 4921 1538 5026 ad
