1288 1660
238 169 270 178 μοι.

403 209 447 233 544
594 205 637 226 DE
655 205 754 226 REBus
775 206 890 227 GESTIS

362 253 364 255 '
379 268 394 279 ,‚
405 248 436 273 tia.
453 244 572 280 suscipiat,
590 244 620 270 sic
637 253 663 270 ut
681 245 705 269 in
723 244 840 270 haereticos
858 255 900 280 pro
917 244 1016 280 ipsorum
1042 244 1113 270 auda-

388 283 439 314 ,cia
457 290 479 307 et
496 281 575 306 scelere
592 290 630 316 pet
648 290 748 306 severum
766 280 875 313 judicium
893 281 998 316 legitimis
1016 281 1108 322 poenis,

379 320 449 351 „sine
467 317 513 342 ullo
540 326 681 357 personarum
706 316 848 346 discrimine,
866 317 1008 344 vindicetu13
1026 318 1108 343 nemmi

378 354 468 386 „faciat
493 352 568 378 delicti
592 352 700 388 gratiam·
696 369 702 379 ,
721 352 799 377 nullius
817 352 918 388 precibus
939 353 1065 378 concedat
1060 370 1066 380 ‚
1082 353 1110 378 li·

378 375 480 421 :beram
505 397 634 424 potestatem
661 388 824 429 Magistratibus
854 397 876 413 et
902 388 1012 421 judicibus
1046 389 1108 414 relin-

378 435 472 462 „quat,
491 425 625 459 eosdemque
651 423 716 449 firmo
739 423 846 459 praesidio
872 424 974 451 muniam
996 424 1028 449 sic
1050 424 1107 450 enim

379 472 448 498 „ipse
465 470 529 487 suum
547 459 647 485 officium
669 463 720 485 Deo
738 468 760 485 ct
778 459 884 485 Ecclesiae
897 459 1027 485 Catholicae
1045 470 1105 521 frae-

381 497 489 529 „stabit,
507 496 647 531 vicissimque
665 499 742 525 Deus,
759 496 800 531 qui
818 505 878 521 verae
900 496 987 531 pietatis
1016 506 1044 521 cu
1053 506 1105 521 tores

382 543 426 564 „er
443 541 552 558 assertores
570 531 740 557 cumulatissime
757 531 890 557 remunerari
907 532 1043 563 consuevit,
1059 542 1104 557 coe-

381 579 443 605 „pta
460 568 533 608 ipsius
545 566 688 597 secundabit,
704 567 818 608 aderitque
839 567 864 593 in
888 567 1006 602 periculis,
1026 577 1047 593 et
1062 568 1102 603 ipse

380 605 462 637 „mihi
480 613 536 640 patri
564 613 610 628 rem
629 603 771 638 gratissimam
790 612 811 628 et
829 603 932 629 omniurn
950 604 1102 639 optatissimam

380 640 481 672 „faciet
490 644 505 656 “
531 639 595 665 Obiit
613 648 688 664 autem
705 639 797 665 Carolus
826 639 854 664 ad
871 639 931 665 idem
949 640 1002 665 Iusti
1027 650 1102 665 coeno-

240 681 368 698 Αε-Μ-ο-ῐ-ιω·
380 677 445 702 bium
468 675 587 701 undecimo
611 675 659 700 Kal.
678 674 780 700 Octobris
798 676 865 700 Anno
883 675 969 702 Christi
993 676 1101 702 milloeimo

382 711 561 749 quingentesimo
578 710 763 747 quinquagesimo
781 719 874 738 octavo.
