4110 5888
644 393 1148 470 SUMMARIUM.
1495 398 1603 475 LXV.

129 516 309 616 mnibus.
361 519 549 612 Undecim
582 521 633 610 ab
666 522 851 613 inventio·
940 525 1131 612 XXVII.
1191 522 1390 645 Singularis
1422 525 1462 612 in
1490 530 1621 622 Deum

118 640 381 734 remensibus
407 643 538 761 ingens
563 640 686 730 effossi
710 643 849 730 metalli
902 643 1039 756 pictas.
1073 649 1117 729 In
1134 645 1416 761 Episcopatibus
1440 649 1616 739 mandan·

111 764 312 882 quantitas
350 791 417 880 per
445 762 706 882 Augustinum
737 770 845 850 Zara·
899 762 956 850 dis
978 764 1197 879 incorrupta
1229 765 1419 852 sedulitas.
1448 768 1523 852 Sibi
1548 799 1613 857 no

108 908 200 974 turn
227 883 436 974 indicatur.
473 881 671 971 Gonzalus
702 883 843 1000 Delga·
898 903 959 969 tos
984 911 1024 972 et
1046 881 1240 971 familiares
1254 881 1358 970 facile
1382 890 1610 996 contemnit;

104 1003 179 1094 dus
217 1003 377 1091 alteram
402 1032 542 1092 venam
569 1001 844 1121 inpropinquo
889 1013 1089 1112 pensiones
1120 1030 1249 1093 tamen
1279 1002 1428 1089 Clericis
1460 1002 1608 1093 familia-

102 1122 378 1243 investigat.
766 1170 767 1177 Ν
894 1121 995 1209 ribus
1011 1127 1097 1211 wsuis
1126 1154 1172 1210 ex
1206 1119 1387 1208 fructibus
1432 1125 1605 1215 Ecclesia·

148 1247 281 1336 XIX.
346 1240 502 1361 Magnis
539 1239 699 1329 Carolus
744 1245 841 1328 Caess
893 1242 988 1329 sticis
1018 1243 1219 1331 distribuit.

98 1391 148 1449 sar
205 1363 396 1452 laboribus
411 1386 567 1450 vexants
583 1425 597 1470 ,
611 1387 727 1480 arque
741 1362 841 1450 adeo
968 1365 1145 1450 XXVIII.
1219 1361 1407 1475 Justitiam
1446 1365 1606 1458 maxime

96 1484 262 1571 morbis
289 1479 448 1568 afflicnts
471 1511 554 1569 non
584 1483 623 1568 in
649 1481 841 1598 publicum
891 1480 982 1569 colit
1011 1483 1199 1600 pronitate
1226 1481 1394 1597 quadam
1426 1488 1603 1593 naturali.

94 1604 252 1712 prodit
264 1665 278 1709 ,
298 1602 390 1688 nulli
417 1601 595 1718 epistolae
623 1600 687 1691 vel
717 1601 840 1719 diplo·
892 1601 1050 1690 Tributa
1076 1630 1117 1692 et
1134 1601 1343 1688 exactiones
1372 1601 1518 1689 invitus
1539 1607 1603 1695 im·

94 1722 210 1809 nati
239 1722 464 1810 subscribit.
688 1733 691 1737 ’
890 1745 1015 1834 perat.
1049 1721 1199 1836 Injurias
1215 1781 1227 1827 ,
1246 1749 1340 1837 quas
1370 1719 1501 1809 milites
1525 1725 1604 1842 ejus

125 1841 255 1930 XX.
301 1845 551 1957 Quapropter
579 1838 841 1933 omnibussuis
889 1839 1054 1929 inItalia
1079 1841 1217 1958 pacatis
1241 1838 1389 1956 populis
1413 1838 1604 1958 inferunt,

87 1955 255 2078 Regnis
279 1960 458 2076 Philippo
489 1959 567 2048 filio
582 1960 761 2049 Bruxellis
784 1988 840 2048 ce
889 1988 1004 2077 aegre
1036 1957 1125 2050 fert.

86 2073 137 2162 dit
173 2142 200 2187 ‚
225 2109 267 2168 et
298 2080 435 2168 litteras
462 2079 602 2168 eisdem
633 2081 839 2187 derebus,
891 2130 897 2135 >
947 2082 1093 2168 XXIX
1151 2079 1251 2168 Boni
1289 2080 1464 2197 justique
1489 2083 1603 2203 Regis

82 2189 285 2319 itemque
311 2199 508 2317 Philippus
539 2202 590 2288 ad
615 2229 748 2286 ornnes
762 2203 838 2287 eai-
887 2201 1099 2336 seruaque
1141 2201 1189 2287 ab
1235 2199 1499 2289 invadentibus
1540 2205 1602 2292 de·

79 2315 245 2407 stellae
271 2319 438 2412 civitates
468 2318 652 2439 sigillatim
677 2320 796 2408 dant.
886 2314 1073 2406 fendentrs
1106 2319 1162 2434 jus
1189 2343 1229 2405 et
1256 2315 1461 2405 officium.
1584 2337 1590 2429 ἦ

113 2435 463 2528 XXI-XXII.
509 2438 764 2557 Epistolarum
779 2468 836 2527 ea·
886 2490 892 2495 ·
946 2441 1077 2524 XXX.
1135 2436 1291 2526 Gloriae
1315 2462 1356 2525 et
1383 2435 1506 2526 famae
1530 2441 1602 2550 Ca·

75 2560 296 2647 rumdem
331 2556 540 2673 exemplar.
886 2556 989 2643 rolus
1014 2558 1166 2662 studet3
1189 2557 1256 2643 sed
1286 2555 1337 2644 ita
1374 2582 1419 2646 ur
1449 2558 1602 2648 minime

137 2676 318 2764 XXIII.
380 2677 510 2765 Caroli
543 2675 583 2762 in
616 2675 839 2792 Hispaniam
887 2674 1017 2764 leviter
1047 2678 1093 2763 sit
1122 2675 1359 2762 ambitiosus.

69 2820 316 3018 ἔέἕέἷῑῖῗ
337 2795 697 3004 rlbffilllffll
712 2793 837 3000 alls
887 2785 1603 3030 affirbl‘ssbldrlllt

138 3030 333 3119 XXIV.
390 3032 568 3146 Ejusdem
601 3032 730 3118 Caroli
757 3058 839 3119 sta
888 3054 968 3116 tem
996 3031 1088 3148 ipsi,
1116 3056 1161 3117 ut
1191 3030 1431 3136 emendaret,
1447 3032 1602 3147 recitare

71 3165 235 3257 tura,
262 3175 303 3236 et
337 3142 594 3240 membrorum
623 3151 836 3268 dispositio,
890 3150 1035 3237 volenti
1062 3151 1288 3266 respondet,
1304 3149 1371 3235 sibi
1401 3150 1506 3236 haud
1524 3181 1604 3269 gra·

73 3269 278 3376 invictus
300 3270 471 3377 animus,
505 3268 673 3354 militaria
707 3277 839 3357 mune·
890 3294 975 3355 tum
1001 3299 1079 3356 esse
1094 3271 1217 3387 legere
1246 3268 1310 3358 vel
1332 3265 1482 3377 audire,
1502 3299 1617 3388 quae

81 3426 132 3501 ῃ
151 3446 176 3490 ,
204 3388 410 3479 meditandi
434 3387 582 3494 studia,
601 3386 839 3507 inbelloge·
892 3386 942 3474 de
972 3417 1018 3475 ser
1038 3386 1266 3475 scribantur.
1335 3450 1339 3458 -
1397 3448 1427 3453 ··

93 3508 243 3621 tendo
268 3505 507 3618 felicitas,.et
533 3504 648 3594 nimia
673 3505 841 3625 aliquan·
887 3518 889 3523 ’
950 3506 1136 3614 ΧΧΧΗ.
1172 3507 1326 3594 “Eidem
1369 3505 1605 3623 Sepulveda'e

104 3639 174 3737 ao
207 3629 435 3718 obstinatio.
620 3689 625 3698 .
855 3625 1193 3731 'seconsulendi›,
1208 3625 1298 3713 cunr
1313 3632 1370 3711 res
1387 3649 1536 3742 poscat,
1554 3623 1605 3712 fa-
1649 3694 1654 3710 ,

181 3745 309 3837 XXV.
367 3748 516 3836 Morbo
549 3744 733 3833 articulari
762 3770 841 3834 ten·
890 3746 1069 3833 cultatem
1087 3774 1167 3830 non
1191 3744 1377 3863 denegat,
1396 3769 1435 3832 et
1461 3741 1605 3833 factum

120 3887 245 3970 tatur.
292 3867 434 3957 Cibum
467 3868 508 3952 in
539 3865 691 3982 publico
723 3867 841 3985 paulo
892 3865 1038 3983 dequo
1064 3864 1307 3954 dubitabatur
1324 3926 1336 3971 ,
1353 3865 1604 3980 proponenti,

121 3984 409 4086 immoderatius.
433 3986 569 4076 sumit.
612 3984 705 4098 Ejus
732 3986 837 4075 vesti*
889 3986 1003 4101 quod
1046 3984 1211 4072 maximo
1243 3984 1478 4071 documento
1526 3995 1605 4068 esse

122 4134 211 4211 tus,
251 4103 367 4198 animi
402 4104 606 4224 simplidtas
638 4165 651 4212 ,
683 4105 845 4223 gratuitu
893 4129 1043 4222 poterat
1070 4102 1471 4223 adrCarolijustiriam
1484 4118 1535 4187 et.
1553 4098 1605 4209 al·

125 4224 434 4326 etconstanda.
568 4270 570 4275 ·
682 4301 688 4310 .
894 4224 1096 4315 titudinem
1120 4224 1236 4313 animi
1258 4219 1541 4309 declarandam:
1555 4221 1607 4303 O·

185 4345 303 4433 XXV
303 4349 333 4432 1.
390 4351 464 4434 De
481 4345 647 4433 Caesaris
672 4343 847 4463 largitate
894 4353 1025 4451 mitte,
1041 4345 1165 4461 inquit
1182 4406 1194 4447 ,
1209 4363 1371 4449 quaeso,
1393 4341 1485 4423 haec
1509 4347 1607 4424 enim

121 4490 209 4556 non
239 4462 377 4551 eadem
417 4465 592 4552 omnium
639 4466 845 4552 sententia.
897 4490 961 4547 res
993 4489 1062 4548 non
1083 4476 1195 4572 gesto
1226 4474 1284 4544 est
1297 4517 1315 4568 ‚,
1340 4463 1411 4546 sed
1433 4485 1608 4545 commen·

121 4582 310 4695 Ejusdem
344 4583 574 4671 incredibiles
609 4609 782 4688 sumtus,
808 4608 849 4669 et
878 4587 1007 4666 titia.

118 4702 226 4794 bella
254 4730 322 4821 per
350 4704 504 4823 triginta
535 4701 706 4820 quinque
729 4732 850 4792 annos
959 4702 1138 4786 XXXIII.
1197 4695 1302 4784 Pauli
1325 4697 1426 4812 Jovii
1453 4697 1608 4814 aliquod

113 4850 250 4947 paene
276 4823 512 4913 continenter
544 4846 673 4941 gesta.
902 4847 1039 4909 munus
1065 4816 1253 4911 Historiae
1284 4846 1394 4906 causa
1437 4817 1610 4934 inpetra-

19 5031 20 5034 t
191 4940 314 5078 Ii'om.
328 4942 378 5027 II.
1375 4933 1401 5019 Ι
1572 4961 1613 5022 re
