3998 5850
488 319 583 487 '488
856 391 950 472 uu
995 391 1212 473 nauus
1252 391 1473 478 cusrrs

448 553 640 658 fectione
666 551 752 694 uper
786 544 992 679 injuriam
1027 553 1348 686 occupaverant
1388 628 1403 669 ,
1433 551 1576 652 eidem
1612 551 1903 668 Ecclesiaein

449 739 570 802 suam
604 696 866 838 dignitatem
901 687 1238 792 Catholicorum
1273 703 1452 835 Regum
1489 734 1623 836 opera
1657 735 1702 798 et
1744 697 1900 807 benefi-

353 970 357 979 ἢ
449 845 555 961 cio,
591 876 641 941 ut
678 832 1001 979 exspectabatur
1042 912 1056 954 ,
1093 832 1316 935 restitutae
1364 839 1515 938 cedere
1543 879 1843 1002 ‘cogerenturs
1862 885 1901 948 et

449 985 633 1128 quidam
668 985 723 1085 de
759 977 1042 1121 impediendo
1079 977 1364 1080 matrimonio
1402 1019 1734 1121 conspirarunt.
1789 999 1904 1091 Con-

449 1127 690 1271 spirationis
733 1124 960 1266 principes
999 1117 1175 1223 fuerunt
1209 1123 1411 1225 Thomas
1449 1125 1668 1228 Huvietus
1709 1205 1724 1248 ,
1763 1138 1904 1236 Petrus

448 1284 605 1373 Carrus
626 1349 641 1392 ,
660 1305 703 1371 et
738 1268 955 1370 Henricus
989 1262 1246 1366 Suffolchius
1283 1277 1419 1387 Dux,
1454 1269 1532 1408 qui
1568 1269 1642 1368 vix
1678 1265 1823 1373 fuerat
1855 1317 1902 1378 ex

448 1458 542 1520 arce
591 1421 634 1515 et
682 1411 913 1533 custodia,
948 1444 1123 1510 exorata
1177 1447 1254 1551 per
1290 1449 1469 1510 uxorem
1506 1411 1716 1555 Regina,
1752 1451 1803 1515 ut
1856 1460 1903 1518 ex

450 1556 638 1676 morbo,
670 1553 719 1656 in
754 1594 890 1696 quem
927 1553 1166 1670 inciderat,
1203 1554 1544 1676 convalesceret,
1565 1557 1747 1658 eductus
1775 1599 1905 1677 ,curn

450 1744 495 1803 se
528 1698 859 1841 conspirationis
895 1693 1142 1796 auctoribus
1178 1696 1406 1828 adjunxit.
1444 1709 1532 1799 Res
1568 1734 1720 1800 aurem
1759 1705 1904 1803 occul-

451 1846 506 1945 tis
539 1842 729 1944 consiliis
763 1838 1001 1941 constituta
1053 1876 1156 1938 cum
1193 1838 1248 1937 ad
1285 1876 1586 1980 opportunum
1635 1846 1824 1985 tempus
1848 1885 1904 1947 te-

452 1990 690 2090 servaretur
724 2062 738 2106 ,
773 1992 922 2083 Petrus
957 1993 1111 2082 Carrus
1149 2057 1166 2100 ,
1197 1980 1277 2121 qui
1312 1984 1367 2081 ad
1403 1984 1716 2091 Cornavaliam
1770 1989 1902 2152 regio-

453 2172 559 2233 nem
600 2129 992 2269 comparandarum
1028 2162 1176 2225 rerum
1210 2163 1336 2225 causa
1371 2165 1639 2252 secesserat,
1678 2131 1902 2273 impatiens

453 2313 605 2376 morae
644 2349 659 2391 ,
695 2271 931 2412 studioque
966 2306 1111 2369 rerum
1147 2305 1364 2369 novarum
1399 2271 1637 2393 inductus,
1675 2295 1901 2418 tempore,

489 2419 579 2515 uod
618 2448 916 2530 convenerat,
950 2449 1042 2509 non
1079 2447 1360 2550 exspectato,
1395 2416 1622 2552 populares
1673 2421 1822 2560 coepit
1855 2419 1904 2519 ad

414 2630 419 2634 -
454 2457 743 2661 icfectionem
760 2560 1036 2692 novumque
1072 2552 1305 2653 consilium
1342 2554 1555 2656 solicitare
1589 2601 1602 2666 3
1640 2599 1730 2700 quo
1765 2561 1905 2702 Regi.'

456 2743 512 2804 na
547 2741 623 2842 per
644 2697 873 2800 indicium
909 2693 1125 2835 cognito,
1162 2703 1338 2798 Petrum
1374 2698 1532 2838 ipsum
1546 2706 1739 2804 Carrum
1772 2741 1907 2803 accer-

454 2846 588 2953 situm
626 2841 762 2943 mittit
797 2838 1008 2980 puniendi
1044 2874 1196 2937 causa.
1235 2848 1309 2956 Is,
1346 2842 1426 2979 qui
1479 2881 1638 2981 parum
1693 2846 1903 2946 solicitan-

455 2989 516 3085 do
555 2979 833 3126 profecerat,
866 2982 1028 3080 timore
1063 2977 1346 3119 perterritus,
1371 2983 1419 3086 in
1454 2985 1683 3108 Galliam,
1709 3026 1905 3091 conscen«

457 3165 502 3227 sa
538 3162 684 3245 nave,
718 3118 938 3263 profugit.
1064 3172 1066 3175 ’
1271 3174 1277 3221 t

471 3312 476 3322 ¹*
524 3279 649 3372 ΧΙΧ.γ
707 3276 786 3377 ,Εο
822 3264 979 3365 nuntio
1030 3301 1279 3368 commotus
1314 3266 1513 3372 Thomas
1548 3273 1773 3377 Huvietus
1803 3355 1818 3397 ,
1849 3273 1904 3375 sie

453 3412 589 3556 bique
641 3446 865 3526 metuens,
891 3447 955 3506 ne
990 3403 1202 3547 patefacta
1249 3413 1620 3550 conspiratione,
1668 3419 1904 3561 imparatus

452 3557 647 3700 Reginae
681 3554 811 3654 armis
857 3549 1208 3692 opprimeretur,
1242 3555 1389 3695 coepit
1425 3558 1764 3682 adfChentonis
1800 3562 1899 3663 fines

455 3697 679 3839 (regionis
717 3695 804 3796 hoc
855 3733 1016 3794 nomen
1064 3700 1158 3829 est)
1195 3735 1292 3795 eam
1329 3733 1508 3838 gentem
1557 3703 1821 3826 solicitare,
1866 3739 1906 3803 et

453 3880 615 3983 magna
649 3877 770 3980 parte
805 3838 853 3938 in
889 3877 1012 3938 suam
1047 3837 1304 3939 sententiam
1339 3842 1547 3980 perducta
1581 3922 1596 3965 ,
1643 3886 1909 3949 manusco

454 4024 588 4128 gere,
625 4021 668 4082 et
703 3980 820 4082 bello
856 3980 1089 4080 necessaria
1125 4019 1406 4122 comparare.
1462 3998 1512 4087 In
1549 4027 1599 4088 ea
1632 4027 1781 4090 rerum
1825 4004 1908 4090 no

454 4129 692 4229 vandarum
747 4122 973 4228 occasione
1008 4120 1266 4226 Suffolchius
1301 4138 1404 4227 Dux
1439 4165 1534 4231 non
1585 4130 1670 4234 sibi
1721 4131 1909 4271 amplius

454 4271 749 4373 cunctandum
783 4301 859 4366 aut
893 4266 1230 4406 exspectandum
1266 4268 1438 4407 putavit
1481 4312 1494 4379 ς
1532 4270 1683 4414 itaque
1720 4271 1910 4376 ducende

456 4412 675 4554 equitibus
704 4408 912 4525 coactis,
946 4447 1047 4510 oum
1082 4406 1149 4510 his
1183 4411 1391 4512 Londino
1427 4407 1647 4552 profectus
1682 4494 1698 4536 ,
1731 4417 1776 4534 in
1810 4422 1918 4516 Va-⁵

454 4557 690 4657 roicensem
725 4552 1005 4654 Comitatum
1025 4554 1287 4656 contendit.
1308 4611 1311 4617 ·
1329 4564 1397 4654 Eo
1432 4594 1536 4658 cum
1571 4559 1787 4678 venisset,
1815 4596 1914 4657 ma-

453 4697 622 4836 joribus
656 4693 876 4838 spiritibus
892 4706 895 4754 ³
911 4695 1062 4802 sumtis
1077 4711 1104 4820 ,s
1127 4698 1196 4803 ad.
1223 4693 1628 4843 imtitutum‘fredit
1640 4764 1657 4824 ,
1676 4699 1920 4845 pergitque

462 4892 468 4901 ’
1773 4853 1917 4981 Joan-
