4124 5880
551 431 795 517 CAROLI
837 434 891 516 V.
933 436 1046 517 LIB.
1089 438 1241 521 XVII.
1512 457 1564 539 51

143 627 218 696 te.
257 597 381 693 Nam
410 590 792 755 quemadmodum
827 588 965 690 moris
1001 583 1064 692 est
1090 632 1140 692 ac
1164 588 1469 696 urbanitatis
1455 634 1504 698 tn
1540 637 1610 698 sa

142 735 473 855 lutationibus,
509 771 559 834 ut
607 735 741 835 ceteri
791 735 990 838 dextram
1024 734 1237 881 Principis
1277 741 1614 850 exosculandam

145 884 366 1026 supplices
402 879 743 1021 deposcant3
710 920 773 982 src
808 877 935 1014 hujus
981 879 1293 1006 humanitatis,
1327 925 1382 988 ne
1426 929 1615 993 manum

140 1027 347 1169 praebeat
384 1026 571 1147 alienis,
608 1027 683 1127 sed
719 1025 919 1131 sublevet
954 1030 1102 1170 potius
1139 1028 1417 1151 obvolutos,
1443 1034 1478 1133 si
1513 1071 1613 1174 per

144 1212 278 1273 sonae
314 1171 506 1314 dignitas
544 1166 822 1275 adhortetur.
873 1173 1056 1274 Tum
1044 1210 1159 1274 rnter
1202 1217 1245 1276 se
1283 1176 1398 1277 Galli
1445 1211 1485 1279 et
1521 1179 1612 1279 Η1-

122 1317 266 1460 spani
300 1356 407 1419 cum
443 1315 635 1418 maxima
671 1319 879 1422 omnium
921 1318 1085 1420 laetitia
1122 1356 1166 1419 et
1200 1321 1492 1464 gratulatione
1533 1360 1612 1465 per

149 1499 327 1564 mutuos
367 1464 501 1607 amp
489 1502 591 1563 exus
628 1463 889 1566 amicissime
924 1465 1233 1565 consalutant.

218 1618 390 1708 XXIX
465 1593 611 1709 Ubi
595 1647 686 1739 Jam
723 1643 894 1749 tempus
929 1609 1102 1771 prandii
1137 1641 1338 1728 venerat,
1367 1611 1492 1752 quod
1517 1560 1613 1753 pla-

147 1790 201 1850 ne
262 1752 464 1914 regaliter
517 1784 610 1850 etat
659 1787 948 1894 apparatum,
985 1753 1067 1852 uni
1116 1790 1324 1873 mensae,
1360 1794 1471 1895 quae
1521 1757 1612 1857 sola

145 1928 237 2001 etat
276 1895 526 2016 instructa,
557 1894 605 1994 in
645 1898 779 2039 regio
832 1897 1033 1997 conclavi
1081 1894 1324 1997 accubuere
1374 1899 1431 1996 ad
1480 1933 1612 2039 caput

143 2040 352 2182 Regina,
388 2042 443 2142 ad
481 2050 571 2175 ejus
608 2039 805 2144 dextram
839 2041 1026 2141 Carolus
1061 2051 1256 2161 Caesar,
1289 2043 1343 2143 ad
1390 2040 1611 2146 sinistram

143 2194 255 2347 Rex
280 2185 558 2292 Franciscus3
594 2221 815 2325 praeterea
850 2185 1094 2327 Margarita
1128 2185 1264 2327 Regis
1301 2183 1425 2309 filia,
1450 2184 1612 2287 Cathe

144 2327 239 2428 rina
275 2329 460 2430 Hemici
495 2367 639 2444 uxot,
677 2368 721 2430 et
755 2330 863 2429 aliae
911 2368 1072 2470 paucae
1115 2369 1294 2430 summo
1338 2329 1439 2429 loco
1481 2364 1610 2433 natae

144 2467 367 2574 feminae:
358 2512 494 2574 ·nam
531 2515 584 2573 ex
619 2473 753 2592 viris,
787 2510 953 2615 praeter
988 2473 1202 2575 Catulum
1239 2510 1283 2574 et
1318 2472 1612 2599 Franciscum,

145 2655 255 2717 unus
316 2618 544 2719 dumtaxat
609 2617 812 2720 accubuit
863 2624 1056 2754 Joannes
1114 2628 1284 2719 Lorena
1335 2618 1608 2722 Cardinalis.

145 2768 250 2887 Post
286 2764 433 2906 epulas
468 2763 661 2905 Hispani
696 2759 898 2905 Gallique
934 2799 1162 2926 proceres,
1185 2762 1266 2896 qui
1303 2763 1462 2862 eodem
1496 2792 1613 2864 tem

148 2944 258 3046 pore
295 2947 342 3006 tn
377 2907 579 3049 proxima
616 2908 757 3007 domo
793 2949 818 3008 a
852 2907 1006 3071 Regiis
1051 2903 1396 3008 adolescentibus
1441 2901 1615 3010 fixerant

17 3158 19 3167 ,
148 3049 265 3151 laute
301 3092 351 3153 ac
394 3051 589 3153 hilariter
632 3051 835 3196 accepti,
867 3090 917 3153 tn
957 3051 1166 3152 conclave
1202 3050 1399 3192 Regium
1445 3089 1613 3153 conve

149 3232 343 3296 nerunt:
333 3193 579 3298 affuerunt
616 3197 750 3305 etiam
786 3197 951 3297 multae
988 3194 1156 3297 nobiles
1189 3191 1385 3303 feminae
1431 3235 1484 3295 ex
1518 3207 1613 3297 Re-

149 3338 278 3478 ginae
303 3335 520 3461 familia,
560 3381 666 3442 cunr
702 3338 863 3483 quibus
900 3341 965 3441 illi
1001 3340 1143 3440 aulico
1180 3378 1301 3439 more
1339 3338 1417 3441 diu
1457 3334 1613 3439 confa

149 3480 406 3605 bulati,1n
443 3485 690 3649 tripudium
726 3520 769 3584 et
804 3483 1004 3585 saltatum
1041 3481 1221 3585 hortatu
1256 3483 1393 3624 Regis
1431 3519 1613 3622 proces-

150 3663 326 3739 serunt3
364 3664 498 3773 atque
534 3631 596 3729 ita
632 3663 747 3729 totus
782 3627 854 3728 ille
900 3631 989 3729 dies
1037 3667 1143 3728 cum
1194 3666 1354 3769 magna
1406 3625 1613 3731 omnium

146 3768 313 3874 laetitia
349 3777 405 3874 ad
440 3812 625 3874 coenam
661 3813 800 3915 usque
853 3774 1122 3890 traductus,
1158 3809 1273 3911 quae
1326 3809 1466 3872 coena
1516 3770 1615 3909 pari

143 3917 418 4044 jucunditate
470 3953 642 4062 peracta
692 3953 793 4037 est,
828 3955 1004 4018 mensae
1039 3914 1206 4058 Regiae
1255 3911 1615 4018 accumbentibus
1755 3955 1762 3967 ·

139 4095 249 4160 non
286 4062 426 4164 solum
466 4098 656 4206 utroque
691 4060 828 4206 Regis
882 4061 1012 4184 filio,
1048 4062 1122 4161 sed
1159 4058 1428 4205 quibusdam
1479 4056 1654 4163 etiam·
1725 4144 1728 4151 .

134 4203 451 4344 proceribus,
491 4245 658 4353 praeter
708 4243 965 4310 nostrorum
1012 4218 1193 4368 Regum
1241 4241 1453 4319 morem,
1494 4201 1614 4341 apud

135 4390 266 4491 quos
303 4391 482 4457 coenare
518 4354 686 4456 nemini
721 4350 1020 4485 subjectorum
1056 4349 1354 4492 permittitur:
1343 4384 1482 4449 ‚nam
1518 4356 1618 4447 Rei

134 4494 279 4636 gibus
334 4494 500 4603 Galliae
545 4497 691 4602 minus
741 4532 888 4598 severa
938 4533 1001 4597 est
1052 4533 1097 4596 et
1137 4491 1318 4594 hilarior
1373 4531 1478 4594 cum
1527 4491 1615 4593 suis

135 4639 332 4743 vivendi
389 4645 534 4749 tatio
592 4640 970 4745 Accubuerunt
960 4638 1094 4784 rgitut
1140 4679 1192 4741 ex
1236 4637 1394 4738 nostris
1442 4631 1612 4756 Albae,

131 4785 398 4934 Najarae3
434 4825 479 4890 et
514 4787 866 4933 Alburquerquii
899 4800 1079 4910 Duces,
1113 4783 1391 5033 Bergventi,
1425 4814 1469 4882 et
1502 4788 1614 5024 Mpi

1239 4968 1268 5030 2
1600 4979 1617 5002 .
