4124 5880
558 395 616 505 64
929 403 1015 488 ore
1065 399 1263 480 ussus
1311 397 1535 491 Gsssms

508 566 633 669 saluti
670 565 910 669 consuleret
948 637 964 682 ,
1000 596 1045 659 et
1081 596 1158 699 per
1193 554 1349 659 fimem
1386 602 1411 659 a
1447 603 1491 660 se
1528 560 1765 670 demissum
1819 570 1977 681 turrim

392 759 395 766 ·
515 714 836 813 conscenderet:
860 704 943 806 sibi
970 741 1078 804 vero
1114 704 1337 841 respondit
1373 741 1518 806 tantae
1554 710 1791 815 calamitati
1808 755 1853 818 et
1881 761 1977 823 suo

512 894 610 957 rum
647 856 778 997 stragi
813 889 1067 994 superesse,
1092 883 1220 988 turpe
1255 841 1384 957 fores
1416 884 1460 948 et
1491 888 1596 953 cum
1629 858 1776 996 paucis
1810 860 1894 962 illis
1921 867 1975 969 'in

508 995 849 1101 confertissimos
881 995 1026 1099 hostes
1062 1029 1350 1135 progressus,
1386 987 1624 1099 fortissime
1659 1040 1861 1145 pugnans
1895 1050 1973 1111 ος.

507 1145 690 1244 ciditur.
1701 1152 1709 1167 ’

577 1297 733 1390 XLIII.
808 1292 909 1384 Hac
954 1279 1090 1424 igitur
1125 1279 1428 1422 Hispanorum
1471 1320 1606 1387 manu
1640 1290 1696 1389 ad
1732 1296 1972 1404 Castellum

507 1471 680 1535 novum
716 1427 902 1547 relicta,
938 1426 1078 1529 Dotia
1101 1431 1362 1528 Messanam
1398 1466 1503 1531 cum
1539 1432 1823 1566 triremibus,
1861 1481 1970 1584 quas

505 1577 609 1678 inde
645 1575 911 1689 abduxerat,
945 1567 1172 1670 revertitur
1202 1645 1217 1688 ,
1257 1568 1346 1669 huc
1381 1611 1562 1715 quoque
1599 1583 1803 1684 onerariis
1838 1589 1971 1690 navi-

507 1715 591 1819 bus
622 1797 638 1839 ,
675 1709 793 1861 quae
825 1714 983 1816 milites
1026 1712 1325 1833 sustulerant,
1364 1755 1540 1821 cursum
1586 1722 1772 1867 dirigere
1807 1730 1964 1862 jussis.

507 1862 670 1966 Veneti
710 1862 759 1962 in
807 1900 907 1960 suos
948 1894 1097 2001 portus
1141 1856 1455 1960 discessemm.
1501 1859 1773 1971 Charadinus
1814 1873 1967 1998 enim,

506 2007 691 2148 cognito
727 2003 1077 2108 Christianomm
1119 2001 1256 2101 classis
1293 2040 1318 2099 a
1353 2015 1547 2140 Corcyra
1589 2009 1813 2136 discessu,
1855 2018 1969 2123 dum

504 2147 624 2292 ipsos
659 2149 831 2290 insequi
864 2184 1125 2265 conaretur,
1161 2141 1410 2248 vehementi
1444 2182 1700 2293 tempestate
1735 2199 1829 2262 non
1863 2161 1968 2266 lon-

506 2332 563 2435 ge
598 2292 655 2395 ab
691 2293 865 2395 Aulone
901 2302 1113 2423 jactatus,
1150 2289 1246 2431 plus
1282 2289 1446 2432 viginti
1479 2296 1663 2402 navibus
1699 2305 1968 2430 anissis,in

235 2414 240 2421 ⁴
356 2491 358 2497 2
506 2438 654 2542 ¹sinum
688 2434 980 2546 Ambracium
1014 2471 1250 2581 necessario
1286 2474 1377 2539 sese
1411 2451 1630 2586 receperat
1643 2520 1663 2559 ,

1018 3369 1020 3377 1
1163 3168 1336 3400 olle

1097 3399 1401 3569 &axe

1162 3569 1335 3793 ffipffffi
