4110 5888
608 382 1115 460 summitatum.
1227 376 1228 379 ‘
1499 389 1593 460 ιιι.
1688 357 1690 362 ’

177 512 338 601 XXIV..
371 511 489 598 Incilis
520 507 619 598 fossa
648 509 744 599 infra
773 520 851 602 Tu·
912 509 1048 616 nitas,
1076 509 1178 597 serici
1223 532 1263 597 et
1292 536 1432 694 oryzae
1456 541 1619 628 proven·

138 633 254 719 telam
279 636 490 719 Navarrae
500 632 670 715 urbem
661 662 760 746 jussu
786 637 854 718 Ca·
912 652 1031 715 tus.

135 740 202 837 toli
235 746 336 835 facta
365 750 414 835 ad
446 745 707 838 frumentarios
743 782 854 887 agros
984 751 1115 836 XXX.
1187 688 1346 838 Carolus
1396 752 1621 842 Madritium

135 869 370 986 irrigandos,
409 865 562 985 ejusque
597 870 705 1001 Regii
733 871 855 987 operis
913 868 1165 982 perveniens,
1192 871 1356 957 evocatis
1406 899 1451 956 ex
1478 875 1623 962 Valdo

138 986 359 1073 firmitudo.
915 987 983 1071 lito
1009 988 1133 1104 Regiis
1166 990 1410 1096 Consiliis,
1401 1017 1552 1107 incepto
1579 1024 1624 1080 o

199 1109 332 1192 XXV.
408 1104 608 1192 Barcinoni
655 1109 855 1236 appropin-
915 1104 978 1189 lim
1008 1106 1165 1222 negotio
1207 1107 1256 1192 de
1288 1109 1397 1194 rebus
1421 1111 1478 1196 ιιι
1517 1113 1624 1200 Νονι

139 1252 262 1340 quans
292 1222 482 1339 Philippus
510 1225 648 1310 eodem
676 1222 752 1311 fere
781 1258 857 1313 mo
914 1225 1015 1310 orbis
1038 1224 1394 1313 administrationem
1438 1232 1624 1343 pertinen

114 1344 190 1457 'do
222 1406 235 1450 ,
271 1372 355 1459 quo
402 1344 454 1429 ad
491 1346 849 1461 Caesaraugustam,
915 1341 1013 1428 tibus
1029 1343 1143 1429 linem
1166 1346 1439 1461 imponendum
1461 1377 1538 1433 esse
1552 1377 1626 1436 sta·

108 1458 351 1576 excipitur,
364 1462 603 1592 eademque
633 1464 857 1549 caerimonia
917 1463 1007 1548 tuit.
1056 1465 1239 1549 Indorum
1268 1466 1400 1551 misera
1432 1469 1620 1557 conditio.

143 1578 371 1695 postridie
362 1606 502 1691 tutatus
533 1579 723 1667 civitatem
753 1581 858 1668 infi·
915 1580 1043 1666 Caroli
1075 1583 1255 1670 mandata
1297 1609 1337 1669 et
1378 1587 1528 1673 decreta
1558 1589 1620 1675 ali-

143 1700 231 1785 dcm
262 1699 420 1811 recipit,
450 1699 779 1816 quemadmodum
807 1726 858 1787 et-
917 1725 1016 1815 quot
1047 1726 1149 1786 retro
1183 1704 1288 1788 annis
1316 1699 1413 1788 facta
1453 1706 1503 1791 ad
1534 1701 1624 1794 Bar·

140 1817 211 1900 iam
253 1817 382 1933 paucis
432 1841 519 1933 post
560 1817 689 1905 diebus
721 1819 859 1908 Valere
917 1819 1096 1904 batorum
1127 1819 1334 1906 libertatem
1363 1825 1584 1937 spectantia.

144 1937 252 2023 tiam.
560 2003 564 2008 .
976 1940 1121 2025 XXXI.
1182 1939 1493 2029 Bartholomaeus
1510 1947 1626 2033 Casas

198 2059 348 2145 XXVI.
408 2062 536 2157 Status
572 2056 685 2147 civilis
715 2063 859 2178 Arago
918 2086 964 2144 ex
977 2061 1214 2205 Hispaniola
1175 2059 1361 2146 lredux
1387 2087 1523 2147 cuncta
1549 2095 1628 2151 ver

150 2179 323 2262 nensium
364 2179 612 2263 adumbratur
636 2241 648 2285 ‚
675 2203 714 2263 et
754 2187 862 2265 Iace·
919 2163 988 2262 bis
1015 2179 1312 2296 exaggerando,
1343 2205 1382 2264 et
1412 2176 1501 2266 falsa
1533 2182 1629 2269 veris

144 2295 434 2381 daemoniorum
487 2299 537 2381 ab
581 2297 744 2410 Ephoris
793 2329 863 2414 gu-
912 2291 1141 2412 affingcndo
1184 2296 1233 2382 de
1273 2299 1502 2383 Indorum
1493 2299 1663 2415 injuriis⁴

146 2410 389 2500 bernatorum
427 2439 686 2550 comparatur
737 2413 863 2530 Justt’-
912 2440 960 2500 et
1000 2415 1270 2501 calamitatibus
1313 2420 1512 2504 Caesarem
1551 2433 1631 2505 cer'·

149 2539 224 2615 tiae
243 2534 321 2622 sive
353 2534 514 2649 supremi
544 2533 787 2651 Magistratus
803 2564 864 2622 au·
921 2533 1061 2620 tiorem
1080 2530 1183 2621 ιιιιι
1180 2558 1395 2672 ,oratque,
1414 2563 1458 2623 ut
1472 2538 1628 2624 homini

145 2653 295 2738 ctoritas
330 2679 370 2739 et
408 2649 598 2739 officium.
921 2654 991 2739 bus
1019 2653 1109 2738 nihil
1139 2596 1213 2740 tale
1245 2655 1380 2742 metitis
1412 2658 1627 2772 prospiciat.

207 2774 373 2858 XXVII.
432 2772 604 2858 Catalani
649 2797 688 2859 ct
726 2773 926 2862 Valen·
980 2773 1141 2857 XXXII.
1201 2774 1368 2885 Jacobus
1404 2777 1527 2860 Sancti
1562 2782 1657 2862 Pe«.

144 2889 212 2974 tini
253 2891 353 3008 leges
389 2921 413 2976 a
450 2895 557 3009 Rege
605 2892 763 3000 νιοιιιι,
797 2894 866 2979 mi·
921 2890 968 2975 ιιι
1007 2891 1173 2975 Caesaris
1204 2888 1466 2999 Consuesse,
1456 2894 1549 3007 apsi,
1573 2894 1629 2981 uti

149 3010 243 3112 nui,
273 3009 334 3096 vel
359 3011 583 3125 temperari,
604 3036 865 3127 praeterquam
920 3009 1117 3124 negotium
1181 3008 1387 3095 accuratius
1438 3013 1630 3145 suscipiat,

151 3126 301 3240 publico
329 3128 497 3214 Consilio
518 3125 767 3246 suffragante,
783 3159 864 3216 non
920 3128 1145 3240 persuadet.
1179 3126 1338 3212 Carolus
1369 3154 1442 3214 tres
1458 3130 1632 3244 jurecon

151 3248 391 3359 permittunt.
440 3249 743 3366 Aragonensium
776 3279 864 3364 por·
920 3246 1036 3332 sultos
1053 3308 1064 3353 ,
1082 3245 1223 3331 Osorni
1246 3247 1468 3351 Comitem,
1484 3255 1632 3336 Franci-

153 3368 247 3452 toria
282 3369 335 3454 ita
368 3369 612 3472 constituta,
640 3391 683 3452 ut
710 3396 758 3452 ne
790 3373 864 3454 Re·
920 3393 1025 3449 scum
1056 3369 1258 3471 Covum,
1289 3394 1328 3451 et
1369 3366 1628 3456 Sebastianum

151 3513 236 3600 gent
274 3487 396 3602 ipsum
445 3487 551 3572 ab
541 3487 625 3602 tpsis
658 3487 863 3572 immunem
918 3484 1109 3568 Ramitem
1152 3513 1240 3569 curn
1285 3483 1415 3569 Indico
1459 3487 1653 3573 Consilio‘

150 3630 223 3690 csse
246 3607 455 3720 patiantur.
918 3601 1071 3718 ejusque
1104 3599 1293 3716 praefecto
1326 3602 1464 3686 Garcia
1494 3604 1627 3690 Loaisa

194 3726 372 3809 XXVIII.
430 3724 592 3809 Dimisso
611 3724 766 3810 Andrea
784 3729 865 3811 Do
921 3749 1001 3805 rem
1049 3720 1243 3836 diligenter
1291 3747 1519 3838 cognoscere
1587 3748 1628 3861 et

155 3840 201 3926 ιιι
239 3843 401 3929 Carolus
435 3843 649 3928 Valentiam
675 3843 865 3958 procedit,
918 3838 1129 3923 consultare
1162 3839 1290 3953 jubet.
1534 3884 1537 3887 „

151 3964 360 4095 Saguntinis
414 3961 617 4079 vestigiis,
667 3962 864 4075 sepulcris,
979 3961 1160 4044 XXXIII.
1221 3959 1304 4043 Ab
1315 3956 1372 4043 his
1411 3959 1627 4047 admonitus

155 4079 525 4197 inscriptionibusque
547 4108 598 4166 etc
630 4079 758 4166 itinere
774 4109 865 4166 con·
920 4077 1107 4214 quosdam
1139 4106 1185 4161 ex
1204 4077 1333 4184 Indico
1353 4077 1521 4178 Consilio
1545 4109 1627 4164 non

152 4201 301 4313 spectis.
912 4198 1005 4283 satis
1019 4196 1232 4311 incorrupte
1258 4224 1393 4280 munus
1416 4224 1527 4280 suurn
1558 4199 1627 4291 ob·

228 4321 375 4406 XXIX.
457 4319 628 4437 Philippo
673 4347 867 4433 parentem
920 4315 1042 4421 iitse,
1058 4315 1169 4431 ipsis,
1192 4341 1241 4397 ne
1266 4336 1355 4397 ante
1383 4341 1534 4398 causam
1567 4316 1628 4401 di-

151 4434 361 4572 longiore
357 4437 570 4525 intervallo
628 4438 868 4552 subsequenti
910 4436 1123 4566 judicatam
1148 4431 1378 4517 conveniant
1394 4432 1628 4539 ,interdicit,

151 4556 278 4641 civitas
312 4557 435 4643 omnis
476 4557 677 4644 Valentina
716 4555 869 4641 obviam
922 4577 962 4636 et
988 4550 1250 4636 Montisonem
1277 4493 1535 4665 proficiscens,
1552 4580 1628 4667 per·

153 4676 287 4784 prodit.
312 4674 604 4761 Valentinorum
622 4703 867 4781 mores‚mer·
922 4669 1094 4786 quitendi
1118 4669 1316 4803 negotium
1332 4670 1472 4783 Joanni
1497 4673 1629 4788 Figuc·

151 4817 310 4899 catura,
342 4791 519 4901 artificia,
553 4793 713 4910 regionis
743 4818 870 4880 amoe-
922 4817 1012 4877 roae
1036 4787 1256 4883 committit.
1553 4908 1589 4989 A

1589 4933 1628 4987 u·-
