4034 5858
464 439 709 525 cauom
741 443 797 522 v.
837 442 955 523 utu.
1001 448 1139 526 xxx
1388 458 1473 551 527

65 601 305 730 „maxima
341 637 444 701 cura
478 637 600 699 nunc
630 595 912 717 solicitatur,
936 598 1211 768 reddendam
1239 637 1523 745 comparare.

65 751 293 872 ‚,Valete.
321 761 356 806 “

137 900 305 991 XXIII..
373 886 457 986 His
495 881 687 1024 epistolis
723 881 956 1023 acceptis
988 922 1061 984 res:
1087 922 1173 1024 per
1215 923 1395 989 omnem
1431 905 1526 993 Ca-

66 1037 267 1149 stellam,
302 1065 352 1130 ut
386 1025 714 1166 imperabatur,
750 1025 1049 1129 admmistrata
1084 1064 1183 1135 ests
1214 1037 1523 1172 Aragonenses
1567 1154 1568 1157 p

68 1179 194 1301 enim
224 1175 377 1274 lentius
431 1169 517 1270 sibi
551 1170 776 1311 agendum
821 1209 908 1269 esse
942 1169 1294 1271 constituerunt..
1337 1175 1529 1276 Carolus·
1641 1226 1642 1229 ¹

68 1357 219 1421 autem
251 1357 356 1416 cum
390 1312 590 1412 duabus
610 1310 837 1412 sororibus
866 1313 1057 1453 Reginis
1087 1309 1291 1414 Leonora
1341 1353 1385 1417 et
1421 1327 1524 1418 Ma

67 1463 131 1563 ria
186 1462 232 1561 in
268 1456 529 1596 Hispaniam
580 1456 859 1597 navigavit,
895 1455 1156 1596 appulitque
1195 1460 1451 1559 Laredo
1414 1499 1532 1584 cirta.
1551 1497 1566 1521 ²
1711 1514 1712 1518 ¹

71 1604 283 1703 Kalendas
318 1596 561 1716 Octobris,
596 1600 720 1696 unde
748 1637 823 1738 per
858 1613 1129 1737 Burgensem
1165 1600 1317 1701 urbem
1352 1576 1525 1703 Valdo
1600 1664 1603 1669 ¹

69 1747 200 1845 litum
236 1782 537 1884 progressus,
571 1737 635 1839 ibi
670 1779 774 1839 cum
809 1737 897 1839 filia
933 1744 1112 1874 Joanna
1156 1778 1207 1840 et
1235 1780 1399 1880 nepote
1434 1759 1524 1846 Ca-

67 1889 164 1986 rolo
201 1925 445 2043 perpaucos
489 1884 630 1982 dies
615 1919 807 1984 moratus
844 1917 941 1981 est..
992 1889 1122 1980 Tunc
1156 1883 1375 1984 sororibus
1411 1888 1525 1986 Val

70 2028 201 2129 doliti
236 2026 445 2143 relictis,
435 2064 481 2124 rn
511 2004 781 2123 coenobium
802 2028 942 2157 Justr‘,
975 2024 1028 2123 de
1063 2063 1158 2185 quo
1193 2064 1319 2189 supra
1355 2066 1526 2128 memo-

71 2172 291 2287 ravimus,
331 2166 596 2273 contendit3
632 2206 725 2326 quo
761 2203 867 2264 cum
911 2167 1323 2306 appropinquaret,
1358 2173 1414 2270 ad
1446 2179 1526 2304 Ju-

71 2317 179 2413 raudi
180 2319 267 2412 llam
302 2311 451 2410 vicum
482 2310 534 2409 in
569 2346 831 2448 propinquo
858 2307 1105 2429 substitit,
1130 2311 1250 2409 dum
1273 2314 1329 2412 ad
1365 2311 1522 2413 cohor-

69 2455 130 2553 tis
175 2452 485 2594 praetoriae
468 2458 510 2549 et
557 2451 713 2591 reliqui
779 2450 1012 2559 comitatus
1067 2452 1258 2553 emerita
1311 2455 1524 2614 stipendia

69 2592 476 2735 persolvendum
435 2631 616 2734 pecunia
652 2591 957 2753 submittitur3
994 2631 1080 2730 qua
1115 2595 1309 2732 perlata,
1346 2634 1523 2696 cetens-

73 2777 161 2900 que
197 2736 415 2854 dimissis,
450 2774 553 2839 cum
590 2735 854 2873 paucissimis
904 2735 1253 2835 domesticorum
1294 2739 1528 2840 advitam

71 2880 287 3019 privatam
322 2877 560 2997 necessariis
595 2876 909 2975 administris
897 2914 945 2978 tn
984 2874 1258 2988 coenobium
1290 2883 1528 3023 processit,

72 3018 154 3119 ubi
207 3021 343 3118 vitam
395 3019 487 3159 egit
536 3015 787 3117 monachali
838 3058 889 3116 ac
925 3016 1268 3158 philosophicae
1304 3024 1538 3144 similem,

73 3160 308 3262 Monachis
343 3163 532 3261 maxime
566 3160 641 3258 uel
683 3158 1083 3278 concionantibus,
1120 3163 1189 3261 vel
1224 3181 1366 3266 sacras
1420 3167 1528 3266 scri-

75 3339 221 3442 pturas
248 3302 658 3443 interpretantibus
693 3341 887 3402 vacans:
911 3341 1014 3401 nam
1049 3343 1097 3402 se
1125 3306 1232 3404 adiri
1267 3304 1406 3406 officii
1459 3347 1529 3407 sa-

75 3446 335 3585 lutandique
367 3520 384 3571 ,
419 3481 503 3545 aut·
531 3445 814 3585 negotiorum
864 3484 993 3544 causa¹
1038 3484 1167 3586 aegre
1222 3483 1265 3546 et
1316 3449 1528 3550 rarissime

75 3586 387 3729 permittebat.
432 3596 580 3727 Atque
625 3590 680 3688 ad
733 3587 852 3687 hunc
888 3587 1078 3726 quidem
1122 3590 1319 3689 modum
1345 3592 1528 3692 Carolus

76 3744 234 3831 Caesar
270 3771 373 3831 cum
408 3770 546 3829 annos
583 3731 873 3871 quadraginta
919 3766 1169 3869 regnasset,
1206 3738 1446 3834 crannum
1482 3774 1531 3832 a·

77 3910 238 4035 geret
258 3874 406 3975 aetatis
442 3873 864 4013 quinquagesimum
907 3907 1131 3991 sextum,
1165 3873 1329 3973 civilis
1339 3877 1533 4016 Regiae*

75 4056 162 4156 que
197 4016 313 4114 vitae
347 4014 480 4115 linem
515 4010 643 4122 fecit3
664 4052 706 4116 et
743 4055 831 4113 nos
861 4053 1001 4154 pauca
1033 4015 1134 4114 de
1119 4017 1265 4155 tpsius
1291 4055 1445 4117 natura
1480 4042 1537 4117 et'

80 4156 277 4261 moribus
313 4155 433 4256 effati
470 4156 673 4258 historiae
710 4156 850 4258 finem
878 4152 1121 4256 faciemus

145 4311 313 4402 XXIV.
388 4311 502 4399 Erat
522 4301 708 4400 Carolus
744 4336 903 4400 statura
938 4298 1202 4418 mediocri,
1235 4302 1318 4399 sed
1346 4299 1530 4401 brachiis

81 4479 133 4542 et
159 4442 353 4544 cruribus
388 4441 532 4542 crassis
568 4443 949 4583 compactisque,
978 4477 1031 4539 et
1056 4438 1225 4540 roboris
1274 4444 1536 4583 singulariS,

39 4587 232 4684 'ceteris
273 4584 483 4686 membris
540 4587 838 4727 proportione
863 4621 1118 4721 magnoque
1180 4623 1435 4687 commensu
1473 4624 1537 4684 re-

75 4726 447 4867 spondentibus,
482 4727 631 4829 colore
666 4725 818 4844 albus,
862 4764 989 4825 crine
1028 4723 1244 4866 barbaque
1279 4730 1333 4828 ad
1369 4728 1534 4887 llavqm

1469 4863 1536 4968 in·
