3998 5850
513 433 601 549 486
849 444 971 526 nu
1022 441 1504 525 uuausousrrs

473 608 706 738 „modum
739 600 886 746 prius,
906 641 978 703 me
1000 636 1168 743 *agente
1206 636 1250 716 et
1284 597 1514 720 hortante,
1555 635 1699 701 novos
1736 636 1782 702 et
1817 598 1933 706 falla-

473 834 503 880 „
521 795 587 860 ces
629 749 960 853 concionatores
996 782 1330 887 quoquoversus
1387 781 1467 886 per
1499 755 1707 888 Regnum
1762 747 1821 846 ad
1867 789 1930 851 se-

473 899 671 1025 „rendos
721 894 884 1033 impios
935 927 1098 990 errores
1150 887 1370 992 dimisistis
1414 895 1430 1006 3
1481 886 1544 988 sic
1602 927 1720 991 nunc
1768 889 1930 1033 probos

474 1112 505 1170 -„
518 1044 704 1185 piosque
740 1072 931 1138 oratores
965 1032 1230 1152 dimittatis,
1286 1031 1367 1175 qui
1403 1029 1593 1173 populos
1628 1071 1781 1137 veram
1818 1035 1932 1138 Reli-

475 1266 506 1312 „
521 1186 702 1330 gionem
738 1183 956 1300 doceant,
994 1181 1135 1320 deque
1171 1215 1270 1278 mea
1306 1175 1393 1278 lide
1430 1211 1474 1275 et
1511 1179 1760 1297 sententia,
1799 1216 1931 1319 quam

476 1412 508 1456 „
526 1370 602 1472 per
651 1325 838 1465 impiam
891 1321 1204 1425 ambitionem
1229 1355 1288 1422 et
1333 1319 1630 1462 pertinaciam
1681 1321 1930 1423 occultave-

475 1554 508 1599 „
525 1513 650 1592 ram,
686 1510 712 1570 a
748 1506 819 1567 me
853 1505 1051 1569 extremo
1106 1464 1257 1604 spiritu
1308 1497 1463 1567 testata
1497 1500 1553 1565 et
1577 1463 1832 1578 declarata,
1865 1501 1930 1566 at-
1978 1457 1981 1462 ’

477 1684 511 1744 „
526 1657 615 1758 que
650 1615 698 1717 in
745 1612 866 1711 Fide·
897 1607 1066 1712 Christi
1099 1605 1332 1709 Catholica
1386 1648 1471 1748 ope
1513 1608 1647 1751 ipsius
1681 1646 1817 1752 atque
1851 1609 1927 1710 cle·

478 1758 689 1884 „mentia
723 1757 916 1857 mortem
951 1751 1175 1871 obierim,
1208 1752 1326 1891 apud
1362 1790 1515 1852 omnes
1536 1749 1755 1854 'homines
1812 1751 1924 1853 testi·

474 1943 510 2026 3,
526 1902 736 2004 ficentur&
785 1899 978 2018 Valere,
1010 1930 1053 2007 et
1086 1891 1202 1998 mibi
1235 1905 1386 1997 Deum
1423 1894 1507 2036 piis
1549 1892 1754 2037 precibus
1791 1897 1924 2039 placa-v

370 2166 373 2172 ,
478 2051 569 2169 aste
616 2060 650 2111 ω
875 2043 877 2091 3
1236 2067 1243 2081 .
1475 2164 1480 2175 ,

551 2194 675 2292 XVI.
731 2187 878 2291 Haec
906 2221 1010 2288 cum
1045 2179 1246 2305 dixisset,
1286 2177 1426 2285 tribus
1460 2180 1542 2285 illis
1578 2181 1797 2303 Psalmis,
1843 2190 1925 2283 last·

478 2371 600 2433 screrc
637 2339 714 2432 mei
746 2333 899 2430 beas:
934 2333 1001 2430 be.
1030 2327 1279 2462 profitndt's:
1318 2336 1369 2457 In
1402 2358 1475 2452 te,
1500 2328 1713 2454 Domine,
1758 2337 1903 2463 speravi
1911 2402 1925 2447 ,

480 2474 562 2616 qui
587 2471 743 2572 desinit
767 2471 814 2570 iri
849 2509 900 2571 ea
925 2467 1087 2589 uerba,
1114 2480 1162 2567 In
1193 2472 1322 2568 manus
1354 2499 1440 2569 tuus
1460 2546 1475 2587 ,
1492 2473 1658 2571 Domine
1680 2546 1696 2591 ,
1720 2472 1922 2571 comma

479 2624 658 2754 spiritum
705 2653 871 2734 meum,
932 2612 1050 2714 flexis
1087 2608 1269 2754 genibus
1320 2615 1469 2714 Deum
1519 2649 1741 2713 veneratus
1795 2608 1927 2710 secuti

465 2760 695 2866 'ceruicem
721 2755 974 2898 supposuit.
1011 2753 1211 2857 Thomas
1247 2795 1430 2897 quoque
1457 2754 1693 2856 Palmierus
1719 2791 1761 2855 et
1790 2759 1924 2890 Joan·

481 2941 556 3002 nes
591 2902 792 3019 Gattus',
833 2900 880 3031 in
916 2937 1028 3038 quos
1081 2896 1209 2997 simul
1260 2935 1324 2998 est
1376 2898 1726 3031 animadversum
1762 2974 1778 3017 ,
1816 2932 1924 2996 suam

482 3042 786 3175 morientium
804 3040 852 3140 in
887 3038 1166 3142 Catholicam
1200 3040 1450 3141 Ecclesiam
1473 3040 1622 3141 Fidem
1680 3041 1737 3140 ad
1790 3077 1925 3181 popu-

482 3185 580 3288 lum
616 3185 757 3285 testati
794 3220 925 3304 sunt,
951 3185 1246 3324 eumdemque
1278 3185 1352 3283 adt
1373 3221 1524 3283 veram
1558 3182 1725 3308 Christi
1739 3182 1922 3324 Religio·

483 3367 621 3448 nem,
644 3368 670 3426 a
695 3327 783 3468 qua
818 3326 955 3469 impie
990 3321 1243 3426 defecissent
1261 3376 1276 3445 ,-
1297 3326 1431 3444 simili
1466 3327 1694 3446 oratione‚
1715 3327 1798 3426 sed
1831 3363 1924 3464 pau·

475 3467 673 3572 'cioribu's
715 3465 864 3569 verbis
913 3467 1071 3576 hortati
1087 3512 1090 3555 1·
1106 3475 1236 3570 sunt.
1288 3474 1414 3568 Haec
1461 3469 1646 3588 trium,
1689 3472 1769 3568 sed
1804 3464 1924 3569 Ducis

486 3612 681 3714 maxime
728 3606 990 3736 confessio,
1010 3666 1015 3673 ’
1040 3646 1085 3710 ct
1110 3608 1380 3724 adhortatio
1413 3611 1714 3755 'popularium
1769 3612 1923 3711 animos

478 3755 752 3896 ,magnopere
777 3753 1078 3873 commovit,
1116 3755 1251 3854 etad
1287 3753 1515 3856 sanitatem
1568 3751 1925 3894 catholicamque

478 3899 641 3999 ‘Fidem‘
671 3895 995 4037 recipiendam,
1015 3897 1140 4037 quod
1174 3895 1313 4036 paulo
1344 3931 1444 4039 post
1472 3892 1649 3998 ¹factum
1685 3933 1787 4016 cst,
1810 3902 1925 4038 prac-

485 4039 683 4184 patauit.
719 4051 789 4139 De
824 4037 891 4139 his
926 4037 1096 4159 tribus,
1130 4039 1211 4180 qui
1245 4040 1421 4183 gravius
1457 4035 1786 4182 infensiothue
1838 4037 1929 4140 ani-

483 4222 563 4285 mo
596 4184 783 4325 Regiam
818 4189 1095 4314 Majestatem
1128 4182 1388 4301 laeserant„
1407 4185 1474 4286 sic
1501 4219 1652 4301 sumto
1690 4180 1931 4324 supplicio,

483 4329 656 4471 Regina
700 4329 778 4441 der
801 4323 959 4425 vinctis
1010 4332 1109 4427 aut·
1137 4325 1271 4428 eiiam
1302 4329 1494 4430 ..ceteris
1522 4329 1739 4429 damnatis
1783 4322 1930 4422 mitius

477 4508 567 4609 pto
601 4509 677 4569 sua
712 4467 981 4570 humanitate
1016 4504 1059 4569 et
1094 4468 1225 4571 insita
1250 4468 1505 4579 clementia
1533 4473 1811 4572 siatuendum
1850 4503 1929 4606 pu·

483 4613 594 4712 tavit
612 4614 636 4718 3s
660 4612 806 4752 itaque
824 4616 1059 4755 ‚quosdam
1093 4613 1267 4716 retineri
1302 4615 1423 4746 jussit
1456 4693 1473 4734 ‚
1511 4618 1732 4756 quosdam
1780 4611 1930 4714 libera.⁴

481 4752 583 4902 vitg
617 4755 851 4860 nonnullos
886 4758 1021 4865 etiam
1054 4793 1203 4904 postca
1236 4760 1285 4864 in
1313 4759 1567 4867 domesticis
1601 4756 1783 4899 habuit.
1832 4763 1932 4906 Pau·

480 4956 486 4963 ·
1879 4925 1934 4989 crs
