4170 5866
558 398 638 489 170
927 370 1012 453 un
1060 366 1260 448 auxus
1307 366 1529 468 onsrrs

516 533 720 676 Belgium
755 568 859 631 cum
879 525 1085 630 exercitu
1122 524 1325 649 miserat,
1358 529 1498 629 multa
1537 519 1701 670 oppida
1743 562 1787 631 et
1823 533 1994 635 castella

497 681 572 781 'in
610 675 769 779 finibus
806 675 955 776 Caroli
991 672 1182 775 Caesaris
1238 675 1294 774 ad
1329 669 1692 816 Lucemburgum
1744 677 1908 817 partim
1945 678 1993 782 vi

526 825 677 966 cepit,
715 819 875 960 partim
912 818 1182 920 deditionem
1219 811 1359 921 facere
1399 819 1581 961 cossgit,
1617 860 1666 920 ac
1687 828 1800 922 'eam
1839 825 1991 966 regio-

528 1009 629 1070 nem
662 966 787 1065 omni
824 964 944 1063 clade
979 962 1085 1067 belli
1120 962 1423 1083 conflictavit,
1446 963 1675 1105 ipsamque
1711 965 1867 1067 urbem
1902 980 1990 1071 Lu-

529 1109 815 1253 cemburgum
864 1106 1183 1250 expugnavit,
1222 1108 1572 1248 praesidiumque
1615 1110 1828 1249 imposuit
1863 1153 1875 1220 3
1914 1117 1991 1217 sed

530 1256 635 1359 haec
673 1293 715 1356 et
751 1291 892 1353 cetera
929 1289 1085 1353 cuncta
1113 1287 1262 1394 postea
1298 1248 1536 1393 fixeruntda
1563 1254 1826 1357 Caesarianis
1862 1268 1992 1361 Duce

528 1403 753 1503 Fernando
790 1408 1000 1540 Gonzaga
1035 1433 1233 1539 recepta.

602 1556 761 1646 XVIII.
834 1554 995 1645 Interea
1029 1543 1183 1644 Paulus
1218 1536 1418 1644 Pontifex
1453 1540 1704 1664 Maximus,
1733 1584 1788 1646 ne
1824 1548 1872 1650 in
1909 1590 1990 1693 pu·

529 1688 643 1789 blica
696 1687 949 1830 Principum
999 1684 1352 1790 Christianorum
1390 1685 1611 1788 discordia
1647 1728 1807 1790 cessare
1861 1695 1982 1834 ipse,

531 1866 574 1934 et
625 1871 910 1932 communem
955 1831 1245 1933 calamitatem
1297 1834 1518 1975 negligere
1567 1832 1787 1935 videretur
1821 1913 1836 1955 ,
1874 1839 1989 1937 duos

529 1979 739 2079 Ecclesiae
774 1989 1004 2078 Romanae
1041 1976 1291 2076 Cardinales
1331 1979 1384 2076 de
1423 1977 1750 2118 compositione
1785 2013 1827 2078 et
1863 1982 1990 2121 paci-

531 2121 768 2242 ficatione,
801 2119 1027 2262 Jacobum
1077 2123 1328 2223 Sadoletum
1378 2123 1434 2220 ad
1473 2134 1646 2265 Regem
1684 2123 1956 2225 Franciscum
1972 2204 1988 2247 ,

530 2266 800 2370 MichaeIem
831 2266 992 2369 Silvam
1018 2267 1273 2366 Lusitanum
1297 2269 1352 2366 ad
1377 2266 1589 2389 Carolum
1611 2279 1843 2368 Caesarem
1878 2269 1989 2369 mit-

531 2410 614 2512 tit.
672 2412 764 2512 Hic
816 2451 922 2513 cum
975 2411 1282 2512 Montisonem
1331 2412 1386 2511 ad
1435 2409 1641 2551 quintum
1690 2411 1988 2514 Kalendarum

530 2553 739 2655 Octobris
778 2555 1039 2696 pervenisset
1075 2633 1090 2674 ,
1126 2556 1320 2698 exposita
1358 2554 1621 2697 legatione,
1658 2556 1795 2655 redire
1835 2558 1988 2658 statim

530 2738 555 2797 a
588 2700 751 2799 Carolo
787 2698 992 2833 jubetur.
1034 2708 1158 2800 Nam
1194 2700 1278 2802 sibi
1313 2739 1482 2801 certum
1522 2740 1608 2799 esse
1629 2700 1850 2819 ,nullum
1889 2741 1988 2803 ver·

528 2837 638 2943 bum
676 2838 812 2947 facere
853 2846 908 2944 de
947 2885 1048 2944 com
1083 2846 1269 2946 ositione
1308 2886 1381 2949 seu
1422 2877 1525 2986 pace
1561 2884 1663 2944 cunr
1703 2843 1866 2964 hoste,
1905 2847 1987 2986 qui

531 2985 701 3088 violatis
740 2989 923 3089 induciis
963 3028 1006 3090 et
1043 2884 1220 3090 idedere
1251 2989 1511 3109 amicitiae,
1551 2986 1716 3089 bellum
1751 3025 1852 3090 ante
1887 2989 1990 3090 illa-

529 3164 627 3229 tum
648 3210 662 3251 ,
683 3172 818 3271 quam
845 3132 1092 3254 indictum,
1111 3135 1158 3233 in
1192 3135 1277 3235 suis
1311 3131 1471 3234 finibus
1508 3169 1701 3277 gereret.
1740 3146 1894 3276 Itaque
1927 3135 1990 3236 le·

561 3311 654 3375 atus
691 3312 809 3379 sexto
848 3313 946 3416 post
994 3276 1065 3377 die
1104 3280 1395 3397 Montisone,
1434 3316 1483 3378 ut
1521 3287 1658 3411 jussus
1712 3315 1801 3378 erat
1819 3356 1834 3398 ,
1873 3316 1986 3418 pro-

527 3312 694 3540 iectus,
733 3418 1011 3522 Barbastrum
1028 3499 1043 3541 ,
1076 3425 1200 3563 quod
1239 3423 1459 3563 oppidum
1499 3422 1601 3521 inde
1626 3420 1762 3527 ,abest
1814 3461 1986 3565 septem

526 3562 696 3665 circiter
749 3565 888 3668 millia
941 3605 1142 3708 passuum
1179 3645 1194 3688 ,
1235 3570 1290 3668 ad
1328 3566 1565 3668 Octavium
1604 3565 1852 3667 Parnesium
1893 3579 1983 3668 Ca·

526 3707 684 3807 merini
720 3721 927 3828 Ducem,
972 3710 1051 3851 qui
1087 3709 1172 3810 huc
1211 3711 1468 3812 valetudinis
1512 3711 1784 3853 recipiendae
1842 3712 1982 3854 gratia

525 3886 781 3971 secesserat,
819 3855 1078 3964 contendit3
1114 3855 1374 3997 tamdiuque
1409 3854 1476 3957 ibi
1513 3893 1703 3957 moratus
1742 3891 1851 3977 est,
1893 3897 1983 3961 non

524 3991 668 4096 invito
705 3996 906 4116 Carolo,
947 4000 1088 4098 donec
1127 4041 1152 4100 a
1192 3999 1403 4101 Pontifice
1441 3995 1557 4099 facto
1598 4040 1624 4098 a
1656 4041 1700 4101 se
1752 4002 1806 4100 de
1855 3998 1984 4101 rebus

522 4137 729 4240 omnibus
760 4140 945 4242 certiore
982 4181 1236 4284 responsum
1276 4143 1474 4284 accepit.
1516 4149 1647 4244 Tunc
1684 4183 1791 4247 vero
1830 4145 1985 4245 Barci-

519 4321 684 4386 nonem
723 4288 779 4385 ad
833 4285 1041 4386 Carolum
1079 4288 1234 4403 venit,
1273 4323 1317 4387 et
1355 4327 1470 4428 quae
1507 4284 1712 4391 Pontifex
1763 4287 1846 4427 ipsi
1902 4328 1984 4427 pet

515 4424 675 4527 litteras
714 4431 1028 4550 mandaverat,
1067 4430 1309 4571 expositis,
1344 4430 1663 4573 proficiscitur,
1688 4470 1852 4572 perque
1894 4467 1985 4533 ter«

510 4606 603 4669 ram
642 4572 829 4672 Galliam
868 4587 1064 4678 Romam
1100 4575 1354 4676 revertitur.
1413 4587 1547 4675 Hunc
1587 4576 1773 4677 Carolus
1813 4573 1872 4673 ab
1907 4575 1982 4676 in-

505 4712 590 4815 itio
621 4713 708 4818 hoc
734 4718 911 4840 minus,
933 4757 982 4820 ut
1020 4716 1305 4840 credebatur,
1329 4718 1606 4860 indulgenter
1640 4717 1824 4839 habuit,
1849 4721 1980 4861 quod

1880 4875 1979 4965 Re-
