<?xml version="1.0" encoding="UTF-8"?>
<!DOCTYPE html PUBLIC "-//W3C//DTD XHTML 1.0 Transitional//EN"
    "http://www.w3.org/TR/xhtml1/DTD/xhtml1-transitional.dtd">
<html xmlns="http://www.w3.org/1999/xhtml" xml:lang="en" lang="en">
 <head>
  <title>
</title>
<meta http-equiv="Content-Type" content="text/html;charset=utf-8" />
  <meta name='ocr-system' content='tesseract 3.04.00' />
  <meta name='ocr-capabilities' content='ocr_page ocr_carea ocr_par ocr_line ocrx_word'/>
</head>
<body>
  <div class='ocr_page' id='page_1' title='image "./joannisgenesiis00sepgoog_0489.png"; bbox 0 0 3998 5850; ppageno 0'>
   <div class='ocr_carea' id='block_1_1' title="bbox 453 461 1502 567">
    <p class='ocr_par' dir='ltr' id='par_1_1' title="bbox 453 461 1502 567">
     <span class='ocr_line' id='line_1_1' title="bbox 453 461 1502 567; baseline 0.013 -21"><span class='ocrx_word' id='word_1_1' title='bbox 453 463 697 546; x_wconf 79' lang='lat' dir='ltr'>CAROLI</span> <span class='ocrx_word' id='word_1_2' title='bbox 739 461 792 547; x_wconf 84' lang='lat' dir='ltr'>V.</span> <span class='ocrx_word' id='word_1_3' title='bbox 842 464 955 543; x_wconf 86' lang='lat' dir='ltr'><strong>LIB.</strong></span> <span class='ocrx_word' id='word_1_4' title='bbox 998 467 1142 544; x_wconf 82' lang='lat' dir='ltr'><strong>XXIX.</strong></span> <span class='ocrx_word' id='word_1_5' title='bbox 1413 467 1502 567; x_wconf 78' lang='lat'>493</span> 
     </span>
    </p>
   </div>
   <div class='ocr_carea' id='block_1_2' title="bbox 18 615 1649 4917">
    <p class='ocr_par' dir='ltr' id='par_1_2' title="bbox 82 615 1614 758">
     <span class='ocr_line' id='line_1_2' title="bbox 82 615 1614 758; baseline 0.003 -32"><span class='ocrx_word' id='word_1_6' title='bbox 82 620 270 750; x_wconf 85' lang='lat' dir='ltr'>„bus</span> <span class='ocrx_word' id='word_1_7' title='bbox 259 664 308 726; x_wconf 91' lang='grc' dir='ltr'>ιιι</span> <span class='ocrx_word' id='word_1_8' title='bbox 352 618 566 723; x_wconf 86' lang='lat' dir='ltr'>officio</span> <span class='ocrx_word' id='word_1_9' title='bbox 552 621 657 752; x_wconf 79' lang='lat' dir='ltr'>Juris</span> <span class='ocrx_word' id='word_1_10' title='bbox 702 615 1009 758; x_wconf 83' lang='lat' dir='ltr'>aequabilitate</span> <span class='ocrx_word' id='word_1_11' title='bbox 1051 620 1405 727; x_wconf 78' lang='lat' dir='ltr'>continerentur&gt;</span> <span class='ocrx_word' id='word_1_12' title='bbox 1458 640 1550 732; x_wconf 87' lang='lat' dir='ltr'>Has</span> <span class='ocrx_word' id='word_1_13' title='bbox 1612 638 1614 643; x_wconf 70' lang='grc'><em>’</em></span> 
     </span>
    </p>

    <p class='ocr_par' dir='ltr' id='par_1_3' title="bbox 83 762 1551 1053">
     <span class='ocr_line' id='line_1_3' title="bbox 84 762 1551 910; baseline 0.001 -40.065"><span class='ocrx_word' id='word_1_14' title='bbox 84 769 262 910; x_wconf 83' lang='lat' dir='ltr'>„igitur</span> <span class='ocrx_word' id='word_1_15' title='bbox 299 766 576 910; x_wconf 88' lang='lat' dir='ltr'>potissimum</span> <span class='ocrx_word' id='word_1_16' title='bbox 611 762 795 864; x_wconf 89' lang='lat' dir='ltr'>rationes</span> <span class='ocrx_word' id='word_1_17' title='bbox 829 762 880 862; x_wconf 91' lang='lat' dir='ltr'>in·</span> <span class='ocrx_word' id='word_1_18' title='bbox 911 764 1183 864; x_wconf 86' lang='lat' dir='ltr'>matrimonii</span> <span class='ocrx_word' id='word_1_19' title='bbox 1220 770 1400 906; x_wconf 89' lang='lat' dir='ltr'>negotio</span> <span class='ocrx_word' id='word_1_20' title='bbox 1429 807 1471 870; x_wconf 93' lang='lat' dir='ltr'>et</span> <span class='ocrx_word' id='word_1_21' title='bbox 1497 775 1551 872; x_wconf 90' lang='lat' dir='ltr'>le·</span> 
     </span>
     <span class='ocr_line' id='line_1_4' title="bbox 83 906 1549 1053; baseline 0.005 -45"><span class='ocrx_word' id='word_1_22' title='bbox 83 995 116 1039; x_wconf 83' lang='lat'>„</span> <span class='ocrx_word' id='word_1_23' title='bbox 132 913 311 1053; x_wconf 86' lang='lat' dir='ltr'>gatione</span> <span class='ocrx_word' id='word_1_24' title='bbox 346 947 491 1010; x_wconf 88' lang='lat' dir='ltr'>secuta</span> <span class='ocrx_word' id='word_1_25' title='bbox 526 946 651 1013; x_wconf 90' lang='lat' dir='ltr'>sum3</span> <span class='ocrx_word' id='word_1_26' title='bbox 680 906 845 1004; x_wconf 89' lang='lat' dir='ltr'>eisdem</span> <span class='ocrx_word' id='word_1_27' title='bbox 880 906 1117 1006; x_wconf 86' lang='lat' dir='ltr'>Britannici</span> <span class='ocrx_word' id='word_1_28' title='bbox 1140 911 1392 1010; x_wconf 89' lang='lat' dir='ltr'>Consiliarii</span> <span class='ocrx_word' id='word_1_29' title='bbox 1427 916 1549 1016; x_wconf 88' lang='lat' dir='ltr'>ducti</span> 
     </span>
    </p>

    <p class='ocr_par' dir='ltr' id='par_1_4' title="bbox 87 1046 1555 1336">
     <span class='ocr_line' id='line_1_5' title="bbox 89 1046 1555 1193; baseline 0.001 -39.034"><span class='ocrx_word' id='word_1_30' title='bbox 89 1053 398 1181; x_wconf 85' lang='lat' dir='ltr'>,‚,fuerunt</span> <span class='ocrx_word' id='word_1_31' title='bbox 366 1061 456 1153; x_wconf 84' lang='lat' dir='ltr'>une</span> <span class='ocrx_word' id='word_1_32' title='bbox 494 1049 655 1193; x_wconf 91' lang='lat' dir='ltr'>quibus</span> <span class='ocrx_word' id='word_1_33' title='bbox 692 1046 805 1150; x_wconf 89' lang='lat' dir='ltr'>nihil</span> <span class='ocrx_word' id='word_1_34' title='bbox 841 1049 1008 1167; x_wconf 87' lang='lat' dir='ltr'>statui,</span> <span class='ocrx_word' id='word_1_35' title='bbox 1044 1050 1114 1149; x_wconf 89' lang='lat' dir='ltr'>vel</span> <span class='ocrx_word' id='word_1_36' title='bbox 1150 1051 1417 1155; x_wconf 86' lang='lat' dir='ltr'>deliberavi.</span> <span class='ocrx_word' id='word_1_37' title='bbox 1469 1069 1555 1155; x_wconf 90' lang='lat' dir='ltr'>Ce-</span> 
     </span>
     <span class='ocr_line' id='line_1_6' title="bbox 87 1189 1555 1336; baseline 0.002 -40"><span class='ocrx_word' id='word_1_38' title='bbox 87 1235 280 1322; x_wconf 85' lang='lat' dir='ltr'>„tetum</span> <span class='ocrx_word' id='word_1_39' title='bbox 326 1196 491 1296; x_wconf 89' lang='lat' dir='ltr'>scelesti</span> <span class='ocrx_word' id='word_1_40' title='bbox 533 1194 720 1332; x_wconf 89' lang='lat' dir='ltr'>quidam</span> <span class='ocrx_word' id='word_1_41' title='bbox 764 1228 808 1292; x_wconf 93' lang='lat' dir='ltr'>et</span> <span class='ocrx_word' id='word_1_42' title='bbox 857 1189 1093 1331; x_wconf 85' lang='lat' dir='ltr'>perniciosi</span> <span class='ocrx_word' id='word_1_43' title='bbox 1127 1192 1477 1336; x_wconf 85' lang='lat' dir='ltr'>inutilesque</span> <span class='ocrx_word' id='word_1_44' title='bbox 1442 1238 1555 1299; x_wconf 87' lang='lat' dir='ltr'>crves</span> 
     </span>
    </p>

    <p class='ocr_par' dir='ltr' id='par_1_5' title="bbox 59 1331 1564 2048">
     <span class='ocr_line' id='line_1_7' title="bbox 87 1331 1564 1481; baseline 0.001 -41.066"><span class='ocrx_word' id='word_1_45' title='bbox 87 1378 226 1467; x_wconf 80' lang='lat' dir='ltr'>„tarn</span> <span class='ocrx_word' id='word_1_46' title='bbox 263 1340 394 1481; x_wconf 90' lang='lat' dir='ltr'>longe</span> <span class='ocrx_word' id='word_1_47' title='bbox 431 1337 488 1437; x_wconf 87' lang='lat' dir='ltr'>ab</span> <span class='ocrx_word' id='word_1_48' title='bbox 524 1334 592 1437; x_wconf 82' lang='lat' dir='ltr'>lris</span> <span class='ocrx_word' id='word_1_49' title='bbox 629 1332 872 1436; x_wconf 91' lang='lat' dir='ltr'>rationibus</span> <span class='ocrx_word' id='word_1_50' title='bbox 910 1331 1092 1452; x_wconf 88' lang='lat' dir='ltr'>absunt,</span> <span class='ocrx_word' id='word_1_51' title='bbox 1123 1372 1173 1437; x_wconf 88' lang='lat' dir='ltr'>ut</span> <span class='ocrx_word' id='word_1_52' title='bbox 1209 1336 1317 1438; x_wconf 89' lang='lat' dir='ltr'>nihil</span> <span class='ocrx_word' id='word_1_53' title='bbox 1352 1341 1475 1480; x_wconf 91' lang='lat' dir='ltr'>pensi</span> <span class='ocrx_word' id='word_1_54' title='bbox 1502 1383 1564 1463; x_wconf 30' lang='grc' dir='ltr'>ιο,</span> 
     </span>
     <span class='ocr_line' id='line_1_8' title="bbox 89 1477 1557 1609; baseline 0.002 -28"><span class='ocrx_word' id='word_1_55' title='bbox 89 1483 352 1609; x_wconf 81' lang='lat' dir='ltr'>moderati„</span> <span class='ocrx_word' id='word_1_56' title='bbox 388 1480 630 1598; x_wconf 89' lang='lat' dir='ltr'>babentes,</span> <span class='ocrx_word' id='word_1_57' title='bbox 650 1479 802 1578; x_wconf 91' lang='lat' dir='ltr'>omnia</span> <span class='ocrx_word' id='word_1_58' title='bbox 843 1487 939 1608; x_wconf 85' lang='lat' dir='ltr'>jura</span> <span class='ocrx_word' id='word_1_59' title='bbox 985 1477 1135 1577; x_wconf 89' lang='lat' dir='ltr'>divina</span> <span class='ocrx_word' id='word_1_60' title='bbox 1172 1516 1215 1579; x_wconf 90' lang='lat' dir='ltr'>et</span> <span class='ocrx_word' id='word_1_61' title='bbox 1251 1479 1443 1583; x_wconf 88' lang='lat' dir='ltr'>humana</span> <span class='ocrx_word' id='word_1_62' title='bbox 1478 1484 1557 1587; x_wconf 90' lang='lat' dir='ltr'>mi·</span> 
     </span>
     <span class='ocr_line' id='line_1_9' title="bbox 59 1616 1555 1789; baseline 0.003 -66"><span class='ocrx_word' id='word_1_63' title='bbox 59 1662 313 1751; x_wconf 88' lang='lat' dir='ltr'>·„sceant,</span> <span class='ocrx_word' id='word_1_64' title='bbox 355 1624 500 1724; x_wconf 91' lang='lat' dir='ltr'>otium</span> <span class='ocrx_word' id='word_1_65' title='bbox 539 1660 782 1762; x_wconf 88' lang='lat' dir='ltr'>pacemque</span> <span class='ocrx_word' id='word_1_66' title='bbox 819 1616 1103 1754; x_wconf 87' lang='lat' dir='ltr'>perturbent,</span> <span class='ocrx_word' id='word_1_67' title='bbox 1140 1660 1192 1721; x_wconf 90' lang='lat' dir='ltr'>ut</span> <span class='ocrx_word' id='word_1_68' title='bbox 1227 1621 1409 1765; x_wconf 88' lang='lat' dir='ltr'>impune</span> <span class='ocrx_word' id='word_1_69' title='bbox 1445 1667 1555 1789; x_wconf 86' lang='lat' dir='ltr'>que-</span> 
     </span>
     <span class='ocr_line' id='line_1_10' title="bbox 89 1759 1551 1909; baseline 0.001 -42"><span class='ocrx_word' id='word_1_70' title='bbox 89 1850 121 1894; x_wconf 87' lang='lat'><em>„</em></span> <span class='ocrx_word' id='word_1_71' title='bbox 136 1804 214 1869; x_wconf 88' lang='lat' dir='ltr'>ant</span> <span class='ocrx_word' id='word_1_72' title='bbox 246 1768 332 1870; x_wconf 91' lang='lat' dir='ltr'>suis</span> <span class='ocrx_word' id='word_1_73' title='bbox 368 1764 681 1907; x_wconf 87' lang='lat' dir='ltr'>cupiditatibus</span> <span class='ocrx_word' id='word_1_74' title='bbox 718 1799 761 1864; x_wconf 89' lang='lat' dir='ltr'>et</span> <span class='ocrx_word' id='word_1_75' title='bbox 797 1759 1054 1909; x_wconf 87' lang='lat' dir='ltr'>libidinibus</span> <span class='ocrx_word' id='word_1_76' title='bbox 1090 1765 1342 1903; x_wconf 87' lang='lat' dir='ltr'>rapinisque</span> <span class='ocrx_word' id='word_1_77' title='bbox 1376 1772 1551 1869; x_wconf 90' lang='lat' dir='ltr'>servire</span> 
     </span>
     <span class='ocr_line' id='line_1_11' title="bbox 90 1898 1555 2048; baseline -0.001 -36"><span class='ocrx_word' id='word_1_78' title='bbox 90 1913 211 2036; x_wconf 85' lang='lat' dir='ltr'>„Ad</span> <span class='ocrx_word' id='word_1_79' title='bbox 247 1909 330 2010; x_wconf 91' lang='lat' dir='ltr'>hos</span> <span class='ocrx_word' id='word_1_80' title='bbox 367 1948 452 2048; x_wconf 89' lang='lat' dir='ltr'>ego</span> <span class='ocrx_word' id='word_1_81' title='bbox 489 1912 544 2010; x_wconf 88' lang='lat' dir='ltr'>de</span> <span class='ocrx_word' id='word_1_82' title='bbox 581 1907 790 2008; x_wconf 88' lang='lat' dir='ltr'>tumultus</span> <span class='ocrx_word' id='word_1_83' title='bbox 827 1898 986 2024; x_wconf 87' lang='lat' dir='ltr'>causa,</span> <span class='ocrx_word' id='word_1_84' title='bbox 1029 1939 1071 2004; x_wconf 91' lang='lat' dir='ltr'>et</span> <span class='ocrx_word' id='word_1_85' title='bbox 1107 1907 1216 2042; x_wconf 92' lang='lat' dir='ltr'>quid</span> <span class='ocrx_word' id='word_1_86' title='bbox 1252 1908 1338 2008; x_wconf 91' lang='lat' dir='ltr'>sibi</span> <span class='ocrx_word' id='word_1_87' title='bbox 1374 1911 1555 2030; x_wconf 91' lang='lat' dir='ltr'>vellent,</span> 
     </span>
    </p>

    <p class='ocr_par' dir='ltr' id='par_1_6' title="bbox 18 2049 1649 4903">
     <span class='ocr_line' id='line_1_12' title="bbox 90 2049 1557 2211; baseline 0.001 -59.072"><span class='ocrx_word' id='word_1_88' title='bbox 90 2053 408 2180; x_wconf 86' lang='lat' dir='ltr'>„sciscitatum</span> <span class='ocrx_word' id='word_1_89' title='bbox 443 2089 546 2150; x_wconf 93' lang='lat' dir='ltr'>cum</span> <span class='ocrx_word' id='word_1_90' title='bbox 582 2049 823 2154; x_wconf 89' lang='lat' dir='ltr'>misissem3</span> <span class='ocrx_word' id='word_1_91' title='bbox 853 2085 947 2150; x_wconf 89' lang='lat' dir='ltr'>tam</span> <span class='ocrx_word' id='word_1_92' title='bbox 982 2085 1235 2211; x_wconf 85' lang='lat' dir='ltr'>arroganter</span> <span class='ocrx_word' id='word_1_93' title='bbox 1270 2088 1448 2192; x_wconf 90' lang='lat' dir='ltr'>tamque</span> <span class='ocrx_word' id='word_1_94' title='bbox 1483 2054 1557 2154; x_wconf 91' lang='lat' dir='ltr'>in</span> 
     </span>
     <span class='ocr_line' id='line_1_13' title="bbox 18 2134 1560 2334; baseline 0.002 -40"><span class='ocrx_word' id='word_1_95' title='bbox 18 2212 21 2217; x_wconf 81' lang='grc'><em>’</em></span> <span class='ocrx_word' id='word_1_96' title='bbox 92 2277 125 2322; x_wconf 84' lang='grc'>,,</span> <span class='ocrx_word' id='word_1_97' title='bbox 90 2134 329 2298; x_wconf 65' lang='lat' dir='ltr'>„solenter</span> <span class='ocrx_word' id='word_1_98' title='bbox 366 2197 720 2334; x_wconf 89' lang='lat' dir='ltr'>responderunt,</span> <span class='ocrx_word' id='word_1_99' title='bbox 739 2227 787 2293; x_wconf 90' lang='lat' dir='ltr'>ut</span> <span class='ocrx_word' id='word_1_100' title='bbox 822 2189 906 2290; x_wconf 91' lang='lat' dir='ltr'>sibi</span> <span class='ocrx_word' id='word_1_101' title='bbox 945 2232 1044 2291; x_wconf 90' lang='lat' dir='ltr'>mea</span> <span class='ocrx_word' id='word_1_102' title='bbox 1079 2191 1279 2295; x_wconf 88' lang='lat' dir='ltr'>instituta</span> <span class='ocrx_word' id='word_1_103' title='bbox 1314 2234 1357 2295; x_wconf 88' lang='lat' dir='ltr'>et</span> <span class='ocrx_word' id='word_1_104' title='bbox 1393 2196 1560 2297; x_wconf 89' lang='lat' dir='ltr'>Consi-</span> 
     </span>
     <span class='ocr_line' id='line_1_14' title="bbox 92 2334 1556 2479; baseline 0.002 -43"><span class='ocrx_word' id='word_1_105' title='bbox 92 2339 366 2463; x_wconf 88' lang='lat' dir='ltr'>·„liariorum</span> <span class='ocrx_word' id='word_1_106' title='bbox 402 2336 632 2438; x_wconf 86' lang='lat' dir='ltr'>sententias</span> <span class='ocrx_word' id='word_1_107' title='bbox 660 2375 711 2435; x_wconf 88' lang='lat' dir='ltr'>ac</span> <span class='ocrx_word' id='word_1_108' title='bbox 746 2334 918 2436; x_wconf 88' lang='lat' dir='ltr'>monita</span> <span class='ocrx_word' id='word_1_109' title='bbox 944 2335 1112 2473; x_wconf 88' lang='lat' dir='ltr'>placere</span> <span class='ocrx_word' id='word_1_110' title='bbox 1140 2376 1375 2479; x_wconf 85' lang='lat' dir='ltr'>negarent,</span> <span class='ocrx_word' id='word_1_111' title='bbox 1404 2341 1556 2442; x_wconf 87' lang='lat' dir='ltr'>omnia</span> 
     </span>
     <span class='ocr_line' id='line_1_15' title="bbox 92 2476 1557 2623; baseline 0.001 -43"><span class='ocrx_word' id='word_1_112' title='bbox 92 2523 227 2607; x_wconf 89' lang='lat' dir='ltr'>„esse</span> <span class='ocrx_word' id='word_1_113' title='bbox 262 2483 315 2582; x_wconf 91' lang='grc' dir='ltr'>ιιι</span> <span class='ocrx_word' id='word_1_114' title='bbox 352 2482 572 2581; x_wconf 91' lang='lat' dir='ltr'>diversum</span> <span class='ocrx_word' id='word_1_115' title='bbox 613 2478 974 2595; x_wconf 85' lang='lat' dir='ltr'>commutanda,</span> <span class='ocrx_word' id='word_1_116' title='bbox 1011 2515 1054 2578; x_wconf 90' lang='lat' dir='ltr'>et</span> <span class='ocrx_word' id='word_1_117' title='bbox 1092 2476 1158 2578; x_wconf 90' lang='lat' dir='ltr'>his</span> <span class='ocrx_word' id='word_1_118' title='bbox 1200 2482 1283 2583; x_wconf 89' lang='lat' dir='ltr'>alia</span> <span class='ocrx_word' id='word_1_119' title='bbox 1328 2483 1375 2582; x_wconf 91' lang='lat' dir='ltr'>id</span> <span class='ocrx_word' id='word_1_120' title='bbox 1418 2523 1557 2623; x_wconf 86' lang='lat' dir='ltr'>genus</span> 
     </span>
     <span class='ocr_line' id='line_1_16' title="bbox 92 2619 1556 2766; baseline 0 -42"><span class='ocrx_word' id='word_1_121' title='bbox 92 2660 230 2749; x_wconf 84' lang='lat' dir='ltr'>„tam</span> <span class='ocrx_word' id='word_1_122' title='bbox 282 2625 561 2766; x_wconf 89' lang='lat' dir='ltr'>impudenter</span> <span class='ocrx_word' id='word_1_123' title='bbox 612 2623 914 2738; x_wconf 90' lang='lat' dir='ltr'>addiderunt,</span> <span class='ocrx_word' id='word_1_124' title='bbox 954 2655 1005 2720; x_wconf 91' lang='lat' dir='ltr'>ut</span> <span class='ocrx_word' id='word_1_125' title='bbox 1041 2619 1151 2720; x_wconf 87' lang='lat' dir='ltr'>mibi</span> <span class='ocrx_word' id='word_1_126' title='bbox 1187 2663 1328 2724; x_wconf 89' lang='lat' dir='ltr'>novos</span> <span class='ocrx_word' id='word_1_127' title='bbox 1365 2626 1556 2725; x_wconf 88' lang='lat' dir='ltr'>admiui</span> 
     </span>
     <span class='ocr_line' id='line_1_17' title="bbox 94 2762 1558 2925; baseline 0 -57"><span class='ocrx_word' id='word_1_128' title='bbox 94 2807 254 2895; x_wconf 88' lang='lat' dir='ltr'>„stros</span> <span class='ocrx_word' id='word_1_129' title='bbox 290 2770 412 2887; x_wconf 87' lang='lat' dir='ltr'>dare,</span> <span class='ocrx_word' id='word_1_130' title='bbox 433 2802 476 2866; x_wconf 89' lang='lat' dir='ltr'>et</span> <span class='ocrx_word' id='word_1_131' title='bbox 510 2763 757 2905; x_wconf 87' lang='lat' dir='ltr'>imperandi</span> <span class='ocrx_word' id='word_1_132' title='bbox 792 2762 956 2925; x_wconf 87' lang='lat' dir='ltr'>leges</span> <span class='ocrx_word' id='word_1_133' title='bbox 945 2801 1173 2902; x_wconf 79' lang='lat' dir='ltr'>imponere</span> <span class='ocrx_word' id='word_1_134' title='bbox 1209 2766 1318 2865; x_wconf 87' lang='lat' dir='ltr'>velle</span> <span class='ocrx_word' id='word_1_135' title='bbox 1354 2768 1558 2869; x_wconf 85' lang='lat' dir='ltr'>videren-</span> 
     </span>
     <span class='ocr_line' id='line_1_18' title="bbox 97 2901 1560 3071; baseline 0 -61"><span class='ocrx_word' id='word_1_136' title='bbox 97 2947 243 3035; x_wconf 61' lang='lat' dir='ltr'>„tun</span> <span class='ocrx_word' id='word_1_137' title='bbox 280 2921 378 3071; x_wconf 81' lang='lat' dir='ltr'>Ego</span> <span class='ocrx_word' id='word_1_138' title='bbox 416 2947 552 3027; x_wconf 88' lang='lat' dir='ltr'>vero,</span> <span class='ocrx_word' id='word_1_139' title='bbox 595 2947 707 3048; x_wconf 90' lang='lat' dir='ltr'>quae</span> <span class='ocrx_word' id='word_1_140' title='bbox 742 2907 878 3045; x_wconf 89' lang='lat' dir='ltr'>Regii</span> <span class='ocrx_word' id='word_1_141' title='bbox 914 2901 1054 3006; x_wconf 86' lang='lat' dir='ltr'>officii</span> <span class='ocrx_word' id='word_1_142' title='bbox 1090 2947 1310 3009; x_wconf 89' lang='lat' dir='ltr'>summam</span> <span class='ocrx_word' id='word_1_143' title='bbox 1347 2910 1459 3012; x_wconf 87' lang='lat' dir='ltr'>hanc</span> <span class='ocrx_word' id='word_1_144' title='bbox 1496 2951 1560 3011; x_wconf 78' lang='lat' dir='ltr'>es-</span> 
     </span>
     <span class='ocr_line' id='line_1_19' title="bbox 96 3052 1563 3192; baseline 0.002 -41"><span class='ocrx_word' id='word_1_145' title='bbox 96 3094 193 3176; x_wconf 90' lang='lat' dir='ltr'>„se</span> <span class='ocrx_word' id='word_1_146' title='bbox 229 3092 319 3153; x_wconf 92' lang='lat' dir='ltr'>non</span> <span class='ocrx_word' id='word_1_147' title='bbox 355 3091 562 3192; x_wconf 77' lang='lat' dir='ltr'>agnoro,</span> <span class='ocrx_word' id='word_1_148' title='bbox 605 3084 655 3149; x_wconf 91' lang='lat' dir='ltr'>ut</span> <span class='ocrx_word' id='word_1_149' title='bbox 695 3060 792 3150; x_wconf 88' lang='lat' dir='ltr'>Rex</span> <span class='ocrx_word' id='word_1_150' title='bbox 833 3087 926 3148; x_wconf 92' lang='lat' dir='ltr'>non</span> <span class='ocrx_word' id='word_1_151' title='bbox 968 3090 1067 3149; x_wconf 87' lang='lat' dir='ltr'>suae</span> <span class='ocrx_word' id='word_1_152' title='bbox 1110 3052 1328 3154; x_wconf 87' lang='lat' dir='ltr'>voluntati</span> <span class='ocrx_word' id='word_1_153' title='bbox 1373 3054 1563 3174; x_wconf 87' lang='lat' dir='ltr'>serviat,</span> 
     </span>
     <span class='ocr_line' id='line_1_20' title="bbox 97 3191 1649 3357; baseline 0.004 -64"><span class='ocrx_word' id='word_1_154' title='bbox 97 3197 222 3320; x_wconf 85' lang='lat' dir='ltr'>„sod</span> <span class='ocrx_word' id='word_1_155' title='bbox 258 3233 444 3296; x_wconf 91' lang='lat' dir='ltr'>omnem</span> <span class='ocrx_word' id='word_1_156' title='bbox 473 3193 896 3294; x_wconf 89' lang='lat' dir='ltr'>administrationem</span> <span class='ocrx_word' id='word_1_157' title='bbox 920 3193 975 3292; x_wconf 89' lang='lat' dir='ltr'>ad</span> <span class='ocrx_word' id='word_1_158' title='bbox 1011 3191 1235 3334; x_wconf 88' lang='lat' dir='ltr'>publicam</span> <span class='ocrx_word' id='word_1_159' title='bbox 1259 3198 1409 3357; x_wconf 87' lang='lat' dir='ltr'>Regni</span> <span class='ocrx_word' id='word_1_160' title='bbox 1439 3239 1564 3299; x_wconf 84' lang='lat' dir='ltr'>com·</span> <span class='ocrx_word' id='word_1_161' title='bbox 1646 3211 1649 3217; x_wconf 82' lang='grc'><strong>’</strong></span> 
     </span>
     <span class='ocr_line' id='line_1_21' title="bbox 97 3330 1564 3479; baseline 0.003 -43"><span class='ocrx_word' id='word_1_162' title='bbox 97 3339 412 3463; x_wconf 91' lang='lat' dir='ltr'>„moditatem</span> <span class='ocrx_word' id='word_1_163' title='bbox 463 3337 817 3479; x_wconf 87' lang='lat' dir='ltr'>dignitatemque</span> <span class='ocrx_word' id='word_1_164' title='bbox 867 3330 1070 3457; x_wconf 86' lang='lat' dir='ltr'>referat,</span> <span class='ocrx_word' id='word_1_165' title='bbox 1104 3337 1164 3437; x_wconf 91' lang='lat' dir='ltr'>sic</span> <span class='ocrx_word' id='word_1_166' title='bbox 1206 3376 1399 3440; x_wconf 89' lang='lat' dir='ltr'>ammata</span> <span class='ocrx_word' id='word_1_167' title='bbox 1435 3354 1533 3441; x_wconf 90' lang='lat' dir='ltr'>sum</span> <span class='ocrx_word' id='word_1_168' title='bbox 1548 3417 1564 3462; x_wconf 93' lang='lat'>‚</span> 
     </span>
     <span class='ocr_line' id='line_1_22' title="bbox 96 3476 1563 3620; baseline 0.004 -41"><span class='ocrx_word' id='word_1_169' title='bbox 96 3560 130 3604; x_wconf 93' lang='lat'>„</span> <span class='ocrx_word' id='word_1_170' title='bbox 146 3518 196 3580; x_wconf 91' lang='lat' dir='ltr'>ut</span> <span class='ocrx_word' id='word_1_171' title='bbox 231 3476 433 3581; x_wconf 89' lang='lat' dir='ltr'>facile</span> <span class='ocrx_word' id='word_1_172' title='bbox 403 3519 486 3580; x_wconf 91' lang='lat' dir='ltr'>sun</span> <span class='ocrx_word' id='word_1_173' title='bbox 523 3478 634 3580; x_wconf 86' lang='lat' dir='ltr'>ab</span> <span class='ocrx_word' id='word_1_174' title='bbox 622 3516 802 3620; x_wconf 81' lang='lat' dir='ltr'>incepto</span> <span class='ocrx_word' id='word_1_175' title='bbox 846 3479 1094 3599; x_wconf 86' lang='lat' dir='ltr'>destituta,</span> <span class='ocrx_word' id='word_1_176' title='bbox 1136 3480 1173 3581; x_wconf 93' lang='lat' dir='ltr'>si</span> <span class='ocrx_word' id='word_1_177' title='bbox 1218 3520 1370 3582; x_wconf 89' lang='lat' dir='ltr'>meum</span> <span class='ocrx_word' id='word_1_178' title='bbox 1412 3485 1563 3585; x_wconf 89' lang='lat' dir='ltr'>consi</span> 
     </span>
     <span class='ocr_line' id='line_1_23' title="bbox 102 3557 1561 3787; baseline 0.002 -64"><span class='ocrx_word' id='word_1_179' title='bbox 102 3625 257 3748; x_wconf 91' lang='lat' dir='ltr'>„lium</span> <span class='ocrx_word' id='word_1_180' title='bbox 299 3668 351 3726; x_wconf 89' lang='lat' dir='ltr'>ex</span> <span class='ocrx_word' id='word_1_181' title='bbox 392 3625 675 3787; x_wconf 78' lang='lat' dir='ltr'>prudentium</span> <span class='ocrx_word' id='word_1_182' title='bbox 724 3624 919 3725; x_wconf 84' lang='lat' dir='ltr'>virorum</span> <span class='ocrx_word' id='word_1_183' title='bbox 964 3557 1136 3753; x_wconf 89' lang='lat' dir='ltr'>judicio</span> <span class='ocrx_word' id='word_1_184' title='bbox 1177 3625 1231 3723; x_wconf 88' lang='lat' dir='ltr'>de</span> <span class='ocrx_word' id='word_1_185' title='bbox 1273 3626 1561 3727; x_wconf 91' lang='lat' dir='ltr'>matrimonio</span> 
     </span>
     <span class='ocr_line' id='line_1_24' title="bbox 97 3764 1565 3910; baseline 0.003 -44"><span class='ocrx_word' id='word_1_186' title='bbox 97 3768 316 3894; x_wconf 86' lang='lat' dir='ltr'>„initum</span> <span class='ocrx_word' id='word_1_187' title='bbox 364 3768 474 3868; x_wconf 89' lang='lat' dir='ltr'>meis</span> <span class='ocrx_word' id='word_1_188' title='bbox 525 3765 837 3909; x_wconf 89' lang='lat' dir='ltr'>popularibus,</span> <span class='ocrx_word' id='word_1_189' title='bbox 876 3802 926 3864; x_wconf 90' lang='lat' dir='ltr'>ut</span> <span class='ocrx_word' id='word_1_190' title='bbox 962 3806 987 3863; x_wconf 89' lang='lat' dir='ltr'>a</span> <span class='ocrx_word' id='word_1_191' title='bbox 1023 3764 1205 3905; x_wconf 90' lang='lat' dir='ltr'>publicis</span> <span class='ocrx_word' id='word_1_192' title='bbox 1240 3769 1389 3910; x_wconf 87' lang='lat' dir='ltr'>Regni</span> <span class='ocrx_word' id='word_1_193' title='bbox 1425 3769 1565 3870; x_wconf 83' lang='lat' dir='ltr'>ratio·</span> 
     </span>
     <span class='ocr_line' id='line_1_25' title="bbox 96 3907 1565 4074; baseline 0.002 -66.008"><span class='ocrx_word' id='word_1_194' title='bbox 96 3907 277 4029; x_wconf 89' lang='lat' dir='ltr'>„nibus</span> <span class='ocrx_word' id='word_1_195' title='bbox 314 3909 574 4031; x_wconf 88' lang='lat' dir='ltr'>abhorrens,</span> <span class='ocrx_word' id='word_1_196' title='bbox 597 3911 824 4073; x_wconf 83' lang='lat' dir='ltr'>displicere</span> <span class='ocrx_word' id='word_1_197' title='bbox 859 3907 1150 4017; x_wconf 88' lang='lat' dir='ltr'>intellexero3</span> <span class='ocrx_word' id='word_1_198' title='bbox 1187 3912 1436 4074; x_wconf 82' lang='lat' dir='ltr'>praesertim</span> <span class='ocrx_word' id='word_1_199' title='bbox 1478 3951 1565 4012; x_wconf 87' lang='lat' dir='ltr'>vo·</span> 
     </span>
     <span class='ocr_line' id='line_1_26' title="bbox 95 4049 1566 4216; baseline 0.004 -66"><span class='ocrx_word' id='word_1_200' title='bbox 95 4049 216 4176; x_wconf 86' lang='lat' dir='ltr'>„bis</span> <span class='ocrx_word' id='word_1_201' title='bbox 252 4088 501 4194; x_wconf 86' lang='lat' dir='ltr'>vestraeque</span> <span class='ocrx_word' id='word_1_202' title='bbox 538 4055 738 4172; x_wconf 91' lang='lat' dir='ltr'>civitati,</span> <span class='ocrx_word' id='word_1_203' title='bbox 777 4092 888 4193; x_wconf 88' lang='lat' dir='ltr'>quae</span> <span class='ocrx_word' id='word_1_204' title='bbox 903 4052 1172 4216; x_wconf 85' lang='lat' dir='ltr'>principem</span> <span class='ocrx_word' id='word_1_205' title='bbox 1208 4054 1405 4153; x_wconf 91' lang='lat' dir='ltr'>locum</span> <span class='ocrx_word' id='word_1_206' title='bbox 1393 4095 1440 4154; x_wconf 92' lang='grc' dir='ltr'>ιιι</span> <span class='ocrx_word' id='word_1_207' title='bbox 1477 4055 1566 4157; x_wconf 86' lang='grc' dir='ltr'>Βιι·</span> 
     </span>
     <span class='ocr_line' id='line_1_27' title="bbox 99 4195 1564 4338; baseline 0.004 -44"><span class='ocrx_word' id='word_1_208' title='bbox 99 4195 295 4318; x_wconf 86' lang='lat' dir='ltr'>„tannia</span> <span class='ocrx_word' id='word_1_209' title='bbox 332 4232 473 4296; x_wconf 88' lang='lat' dir='ltr'>tenet.</span> <span class='ocrx_word' id='word_1_210' title='bbox 521 4197 616 4298; x_wconf 87' lang='lat' dir='ltr'>Erit</span> <span class='ocrx_word' id='word_1_211' title='bbox 661 4197 835 4338; x_wconf 87' lang='lat' dir='ltr'>igitur,</span> <span class='ocrx_word' id='word_1_212' title='bbox 870 4195 958 4297; x_wconf 90' lang='lat' dir='ltr'>viri</span> <span class='ocrx_word' id='word_1_213' title='bbox 994 4198 1328 4315; x_wconf 89' lang='lat' dir='ltr'>Londinenses,</span> <span class='ocrx_word' id='word_1_214' title='bbox 1362 4234 1564 4300; x_wconf 86' lang='lat' dir='ltr'>constan</span> 
     </span>
     <span class='ocr_line' id='line_1_28' title="bbox 99 4273 1564 4480; baseline 0.004 -43"><span class='ocrx_word' id='word_1_215' title='bbox 99 4339 239 4465; x_wconf 87' lang='lat' dir='ltr'>„tiae</span> <span class='ocrx_word' id='word_1_216' title='bbox 270 4376 437 4477; x_wconf 83' lang='lat' dir='ltr'>vestrae</span> <span class='ocrx_word' id='word_1_217' title='bbox 473 4376 516 4438; x_wconf 90' lang='lat' dir='ltr'>et</span> <span class='ocrx_word' id='word_1_218' title='bbox 551 4341 807 4480; x_wconf 87' lang='lat' dir='ltr'>gravitatis,</span> <span class='ocrx_word' id='word_1_219' title='bbox 847 4374 895 4439; x_wconf 92' lang='lat' dir='ltr'>ut</span> <span class='ocrx_word' id='word_1_220' title='bbox 929 4338 976 4438; x_wconf 88' lang='grc' dir='ltr'>ιιι</span> <span class='ocrx_word' id='word_1_221' title='bbox 1012 4336 1093 4438; x_wconf 87' lang='lat' dir='ltr'>hac</span> <span class='ocrx_word' id='word_1_222' title='bbox 1128 4273 1440 4479; x_wconf 79' lang='lat' dir='ltr'>improbbrum</span> <span class='ocrx_word' id='word_1_223' title='bbox 1476 4341 1564 4443; x_wconf 91' lang='lat' dir='ltr'>ho·</span> 
     </span>
     <span class='ocr_line' id='line_1_29' title="bbox 100 4480 1567 4623; baseline 0.005 -45"><span class='ocrx_word' id='word_1_224' title='bbox 100 4484 316 4601; x_wconf 89' lang='lat' dir='ltr'>„minum</span> <span class='ocrx_word' id='word_1_225' title='bbox 367 4481 589 4623; x_wconf 86' lang='lat' dir='ltr'>perfidia,</span> <span class='ocrx_word' id='word_1_226' title='bbox 626 4483 706 4623; x_wconf 89' lang='lat' dir='ltr'>qui</span> <span class='ocrx_word' id='word_1_227' title='bbox 760 4480 1045 4622; x_wconf 89' lang='lat' dir='ltr'>popularium</span> <span class='ocrx_word' id='word_1_228' title='bbox 1087 4482 1258 4581; x_wconf 89' lang='lat' dir='ltr'>animos</span> <span class='ocrx_word' id='word_1_229' title='bbox 1295 4485 1351 4583; x_wconf 91' lang='lat' dir='ltr'>ad</span> <span class='ocrx_word' id='word_1_230' title='bbox 1386 4524 1449 4586; x_wconf 87' lang='lat' dir='ltr'>res</span> <span class='ocrx_word' id='word_1_231' title='bbox 1485 4526 1567 4587; x_wconf 91' lang='lat' dir='ltr'>no</span> 
     </span>
     <span class='ocr_line' id='line_1_30' title="bbox 102 4616 1567 4766; baseline 0.005 -45"><span class='ocrx_word' id='word_1_232' title='bbox 102 4695 137 4743; x_wconf 90' lang='lat'>„</span> <span class='ocrx_word' id='word_1_233' title='bbox 153 4662 227 4724; x_wconf 86' lang='lat' dir='ltr'>vas</span> <span class='ocrx_word' id='word_1_234' title='bbox 285 4627 544 4766; x_wconf 88' lang='lat' dir='ltr'>scelerisque</span> <span class='ocrx_word' id='word_1_235' title='bbox 579 4628 832 4730; x_wconf 89' lang='lat' dir='ltr'>societatem</span> <span class='ocrx_word' id='word_1_236' title='bbox 877 4623 986 4723; x_wconf 92' lang='lat' dir='ltr'>dolis</span> <span class='ocrx_word' id='word_1_237' title='bbox 1032 4657 1074 4722; x_wconf 89' lang='lat' dir='ltr'>et</span> <span class='ocrx_word' id='word_1_238' title='bbox 1109 4616 1333 4726; x_wconf 86' lang='lat' dir='ltr'>fraudibus</span> <span class='ocrx_word' id='word_1_239' title='bbox 1372 4629 1567 4728; x_wconf 89' lang='lat' dir='ltr'>solicita</span> 
     </span>
     <span class='ocr_line' id='line_1_31' title="bbox 100 4769 1623 4917; baseline 0.002 -52"><span class='ocrx_word' id='word_1_240' title='bbox 100 4803 195 4887; x_wconf 88' lang='lat' dir='ltr'>„re</span> <span class='ocrx_word' id='word_1_241' title='bbox 229 4805 322 4871; x_wconf 89' lang='lat' dir='ltr'>non</span> <span class='ocrx_word' id='word_1_242' title='bbox 357 4770 594 4893; x_wconf 89' lang='lat' dir='ltr'>desistunt,</span> <span class='ocrx_word' id='word_1_243' title='bbox 629 4780 857 4917; x_wconf 85' lang='lat' dir='ltr'>majorum</span> <span class='ocrx_word' id='word_1_244' title='bbox 888 4799 1134 4873; x_wconf 82' lang='lat' dir='ltr'>vestrorum</span> <span class='ocrx_word' id='word_1_245' title='bbox 1170 4769 1380 4877; x_wconf 82' lang='lat' dir='ltr'>virtutem</span> <span class='ocrx_word' id='word_1_246' title='bbox 1416 4808 1566 4874; x_wconf 84' lang='lat' dir='ltr'>aemu</span> <span class='ocrx_word' id='word_1_247' title='bbox 1619 4843 1623 4849; x_wconf 25' lang='grc' dir='ltr'>ι</span> 
     </span>
    </p>
   </div>
   <div class='ocr_carea' id='block_1_3' title="bbox 1469 4913 1566 5034">
    <p class='ocr_par' dir='ltr' id='par_1_7' title="bbox 1469 4913 1566 5034">
     <span class='ocr_line' id='line_1_32' title="bbox 1469 4913 1566 5034; baseline -0.014 -20"><span class='ocrx_word' id='word_1_248' title='bbox 1469 4913 1566 5034; x_wconf 87' lang='lat' dir='ltr'>„le-</span> 
     </span>
    </p>
   </div>
   <div class='ocr_carea' id='block_1_4' title="bbox 0 0 2022 5850">
    <p class='ocr_par' dir='ltr' id='par_1_8' title="bbox 0 0 2022 5850">
     <span class='ocr_line' id='line_1_33' title="bbox 0 0 2022 5850; baseline 0 0"><span class='ocrx_word' id='word_1_249' title='bbox 0 0 2022 5850; x_wconf 95' lang='lat' dir='ltr'> </span> 
     </span>
    </p>
   </div>
  </div>
 </body>
</html>
