3998 5850
495 449 737 534 cauom
789 449 838 531 v.
872 451 990 530 tta.
1023 452 1169 532 xxrx.
1415 434 1504 550 489

86 616 313 749 Joannam
364 606 501 710 filiam
552 647 626 751 per
665 623 901 747 praecones
953 607 1178 747 Reginam
1229 609 1541 747 pronuntiare,

79 757 152 854 Ad
189 752 315 884 hujus
350 745 545 854 furorem
582 787 624 851 et
659 752 847 890 perditos
890 786 1070 851 conatus
1107 750 1407 888 reprimendos
1444 765 1540 854 Re-

79 898 185 1038 gina
235 893 554 997 Northantonis
599 894 869 1012 Comitem,
905 893 985 1033 qui
1037 934 1251 1035 magnum
1300 935 1424 995 usum
1478 900 1538 1002 rei

75 1041 270 1140 militaris
305 1036 543 1158 habebat,
592 1075 635 1139 et
681 1078 760 1138 suo
797 1038 980 1137 nomine
1032 1035 1319 1139 Suffolchium
1356 1041 1537 1163 oderat,
1615 1080 1616 1083 ‘

75 1222 179 1282 cum
215 1222 348 1284 manu
399 1219 564 1282 armata
599 1181 766 1282 mittit.
812 1178 1111 1301 Suffolchius,
1152 1221 1254 1280 cum
1298 1180 1406 1283 nihil
1455 1225 1534 1288 nec

74 1323 351 1426 adhortando
389 1327 619 1465 populares
651 1403 666 1442 ,
693 1344 785 1423 'nec
832 1359 1040 1425 terrorem
1082 1325 1338 1425 incutiendo
1381 1325 1534 1465 profe-

74 1467 224 1589 cisstt,
244 1473 300 1570 ad
335 1471 542 1570 nuntium
578 1467 849 1567 adventantis
884 1469 1074 1568 Comitis
1110 1469 1193 1568 suis
1228 1466 1357 1568 rebus
1411 1466 1531 1572 diffi-

75 1612 180 1713 dens
222 1613 451 1713 consilium
494 1612 624 1712 inivit
669 1611 848 1712 latenter
885 1647 1001 1711 extra
1036 1611 1303 1714 Britanniam
1340 1612 1429 1714 sine
1449 1654 1527 1716 co-

73 1754 233 1856 mitatu
269 1751 579 1898 profugiendi.
1518 1840 1520 1846 ,

145 1908 251 1998 ΧΧ.
326 1899 591 1998 Convocatis
627 1896 762 2038 igitur
797 1898 882 1998 suis
918 1898 1180 2036 pecuniam,
1218 1938 1353 2040 quam
1390 1898 1529 2001 habe-

75 2034 183 2160 bat,
203 2040 360 2181 exigua
395 2075 515 2180 parre
550 2038 634 2139 sibi
668 2075 863 2159 retenta,
883 2040 1187 2160 distribuit,et
1222 2044 1412 2142 diversos
1440 2043 1527 2145 abi·

74 2221 153 2300 re,
196 2221 240 2283 et
276 2223 375 2282 suae
411 2221 635 2323 quemque
670 2184 796 2284 saluti
831 2185 1050 2286 consulere
1083 2184 1235 2314 jubet.
1290 2198 1383 2326 Ipse
1419 2187 1526 2287 soli-

74 2324 204 2424 tarius
240 2367 344 2428 cum
381 2326 667 2444 discessisset,
700 2326 937 2467 agricolam
974 2329 1213 2469 quemdam
1249 2326 1333 2429 sibi
1369 2365 1528 2433 notum

74 2463 302 2571 hominem
351 2510 565 2611 suumque
616 2469 810 2570 villicum
845 2507 994 2571 nactus
1027 2548 1042 2590 ,
1083 2469 1186 2571 huic
1222 2512 1266 2570 sc
1314 2512 1528 2612 suamque

72 2611 256 2712 salutem
291 2613 496 2754 praemiis
531 2612 790 2754 magnisque
825 2611 1215 2754 pollicitationibus
1240 2619 1527 2713 commenda-

71 2752 168 2871 vit,
190 2755 277 2854 hoc
313 2795 452 2858 unum
487 2792 667 2897 petens,
701 2789 750 2856 ut
784 2796 828 2856 se
863 2791 1117 2898 opportuno
1153 2757 1305 2896 aliquo
1340 2756 1442 2855 loco
1469 2758 1525 2857 ad

71 2895 412 3000 delitescendum
453 2898 736 3000 constitueret
778 2899 1035 3040 deferque,
1080 2940 1172 3041 quo
1210 2938 1360 2998 manus
1396 2906 1526 2999 Nor-

68 3035 293 3140 thantonis
327 3041 515 3144 Comitis
552 3039 802 3183 effugeret,
842 3043 982 3144 donec
1023 3042 1102 3141 illo
1152 3042 1347 3182 digresso
1391 3040 1523 3144 tutius

70 3217 214 3319 posset
256 3179 362 3325 fuga
402 3183 486 3285 suis
528 3183 655 3286 rebus
696 3184 1035 3324 commodisque
1071 3187 1314 3325 prospicere
1353 3223 1365 3290 3
1399 3187 1524 3326 quod

70 3362 176 3425 cum
211 3328 389 3427 rusticus
424 3326 659 3427 liberaliter
694 3328 961 3466 recepisset,
1004 3325 1216 3426 deductus
1256 3325 1311 3426 ab
1355 3366 1410 3425 eo
1459 3364 1523 3428 est

70 3464 120 3565 in
160 3507 313 3571 cavam
354 3469 558 3570 arborem
592 3466 825 3573 latibulum
860 3506 1286 3610 peropportunum,
1325 3508 1419 3609 quo
1451 3508 1523 3568 ru-

71 3608 199 3711 sticus
251 3612 523 3756 temporibus
578 3612 748 3713 idoneis
810 3617 1014 3713 accedens
1076 3612 1280 3712 alimenta
1347 3609 1521 3709 submi*

67 3752 321 3874 nistrabar,
358 3758 493 3897 idque
528 3756 676 3858 sedulo
711 3749 814 3856 fecit
850 3754 1003 3856 diebus
1046 3753 1255 3894 aliquot,
1295 3746 1522 3858 officium«.

70 3933 160 4035 quc
193 3899 311 3998 Duci
348 3897 532 3999 fideliter
568 3898 807 4040 praestitit.

156 4049 281 4140 XXI.
368 4053 536 4142 Interea
570 4055 674 4142 Dux
729 4039 936 4144 omnibus
971 4036 1076 4139 locis
1113 4036 1373 4181 perquisitus
1417 4074 1521 4140 cum

69 4218 166 4281 non
216 4181 531 4292 inveniretuts
580 4185 864 4323 praeconibus
914 4222 1246 4324 quoquoversus
1307 4180 1522 4302 dimissis,

58 4322 220 4462 ,gravia
256 4326 468 4465 supplicia
503 4325 772 4448 celantibus,
792 4326 1072 4467 vicissimque
1108 4324 1401 4425 indicantibus
1436 4363 1522 4424 ma·

69 4505 160 4605 gna
195 4469 389 4608 praemia
426 4469 780 4610 proponebantur
813 4508 825 4577 3
860 4468 1006 4608 iraque
1043 4471 1220 4569 rusticus
1256 4467 1328 4566 ille
1365 4467 1433 4565 vel
1469 4467 1522 4588 ri-

68 4645 198 4707 more
257 4613 329 4711 vel
378 4612 616 4753 cupiditate
664 4614 867 4713 inductus
926 4610 1245 4712 Norrbanronis
1296 4610 1522 4727 Comitem

70 4749 213 4868 adit,
249 4764 509 4897 Ducemque
558 4757 736 4899 prodit.
787 4767 957 4856 Ductus
1000 4791 1150 4856 tamen
1193 4751 1250 4854 ad
1292 4751 1522 4854 latibulum

145 4893 328 4996 Tonall.
985 4911 1098 5041 Qqq
1427 4909 1523 4994 Du-
