4034 5858
502 420 586 507 520
874 413 983 538 ore·
1011 413 1216 497 araus
1239 412 1479 498 essars

458 614 551 681 non
587 595 768 714 gravate
810 568 980 668 statim
1002 569 1159 670 milites
1230 606 1313 707 pro
1368 578 1581 707 cujusque
1623 562 1815 671 civitatis
1846 566 1925 672 fa·

460 715 692 819 cultatibus
742 714 1036 855 imperantur.
1095 706 1307 813 Corduba
1344 747 1491 812 nostra
1532 746 1748 813 trecentos
1795 716 1913 855 pedi-

460 899 522 961 tes
586 897 630 958 et
672 857 846 997 ‘equites
867 915 887 925 Δ·
909 855 1131 997 sexaginta
1173 891 1277 955 cum
1321 895 1392 955 sex
1435 855 1656 959 mensium
1699 858 1911 1000 stipendio

458 1003 691 1119 decrevit,
730 1036 773 1102 et
811 994 1046 1139 praefectos
1090 1021 1145 1100 ex'
1186 995 1469 1101 Senatoribus
1490 1000 1787 1142 designavit.
1840 1002 1917 1104 Sed

459 1187 561 1249 cum
599 1145 868 1285 postulatum
905 1185 957 1242 ex
1003 1143 1216 1242 mandatis
1254 1181 1403 1262 esset,
1444 1180 1495 1243 ut
1520 1182 1613 1283 pro
1658 1144 1800 1245 milite
1843 1146 1916 1245 sti-

459 1291 672 1432 pendium
709 1289 896 1388 militare
932 1282 1222 1404 tribueretur,
1241 1324 1346 1387 nam
1381 1286 1497 1428 Regi
1534 1287 1693 1387 milites
1732 1326 1777 1389 et
1810 1328 1915 1429 prae·

459 1431 595 1536 lectos
632 1429 806 1532 abunde
843 1467 1097 1573 suppetete3
1133 1443 1309 1530 Senatus
1344 1469 1650 1533 commentum
1674 1433 1723 1533 id
1759 1474 1849 1533 esse
1869 1433 1918 1533 ad

394 1696 398 1707 Ι
459 1607 667 1679 nummos
703 1576 938 1675 eliciendos
975 1575 1205 1716 suspicatus
1243 1597 1339 1706 est:
1381 1574 1531 1714 itaque
1568 1574 1801 1678 civitatem
1836 1577 1918 1677 mi·

407 1772 419 1791 κ
460 1723 556 1821 lites
592 1721 639 1818 in
676 1717 841 1818 bellum
878 1712 1119 1839 Africum,
1161 1717 1241 1856 qui
1284 1716 1504 1857 stipendio
1549 1759 1629 1818 suo
1676 1718 1918 1842 alerentur,

460 1868 659 1964 daturam
696 1863 830 1971 dixit,
868 1863 1130 2002 pecuniam,
1149 1901 1261 2000 quae
1300 1898 1443 2001 posset
1470 1861 1516 1960 in
1553 1860 1661 1963 alios
1686 1903 1792 1963 usus
1820 1903 1918 1963 con·

460 2009 603 2127 verti,
639 2007 846 2147 negavit3
891 2006 953 2104 ita
994 2044 1075 2104 nec
1111 2004 1380 2144 stipendium
1434 2004 1651 2107 tributum
1696 2043 1762 2106 est
1796 2084 1809 2122 ,
1848 2044 1915 2106 nec

459 2152 668 2254 exercitus
704 2144 964 2269 confectus,
1000 2150 1075 2247 sed
1112 2147 1297 2286 pecunia
1334 2186 1435 2246 non·
1465 2149 1641 2289 grandis
1690 2189 1767 2289 pet
1811 2152 1915 2251 civi-

459 2334 567 2398 tates
603 2294 881 2437 singulorum
917 2292 1160 2411 voluntaria
1197 2288 1440 2391 tributione
1459 2293 1515 2391 ad
1552 2291 1756 2432 publicos
1777 2292 1916 2435 Regni

459 2477 604 2556 usus,
642 2436 930 2577 prudentibus
973 2435 1075 2534 viris
1117 2471 1161 2532 et
1203 2435 1370 2576 Regiae
1414 2429 1557 2533 famae
1594 2438 1795 2538 studiosis
1829 2474 1916 2538 nort

461 2577 841 2724 approbantibus,
862 2578 963 2679 huic
998 2571 1152 2678 officio
1178 2576 1400 2678 destinatis
1436 2577 1696 2680 hominibus
1729 2581 1891 2678 collata.

532 2732 671 2827 XVII.
745 2723 855 2824 Illud
891 2721 1029 2863 igitur
1065 2720 1112 2823 in
1143 2720 1293 2860 primis
1314 2719 1527 2863 >Regibus
1563 2725 1810 2824 cavendum
1847 2762 1912 2822 es-

458 2910 503 2972 se
538 2871 751 2983 videtur,
786 2907 841 2968 ne
876 2863 1089 2966 sumtibus
1126 2899 1243 2964 extra
1296 2867 1485 2965 modum
1522 2868 1779 3007 prodeant,
1812 2905 1916 2968 neue

459 3015 673 3114 aerarium
708 3010 1013 3150 largitionibus
1055 3044 1327 3116 extenuent3
1363 3012 1438 3107 sed
1482 3010 1689 3111 omnium
1734 3011 1915 3109 maxime

461 3153 575 3258 bella
610 3193 705 3254 non
741 3153 975 3254 necessaria
1011 3151 1234 3270 vitanda,
1271 3191 1384 3290 quae
1421 3149 1545 3253 brevi
1580 3188 1816 3294 tempore,
1851 3193 1914 3251 ne·

461 3302 574 3401 dum
616 3298 765 3397 multis
806 3295 931 3396 annis
964 3373 980 3415 ‚
1019 3295 1160 3395 solent
1206 3294 1417 3395 ditissima
1461 3297 1594 3396 etiam
1652 3309 1817 3438 Regna
1875 3329 1914 3394 tt

462 3441 808 3585 opulentissimas
843 3436 1127 3579 Respublicas
1163 3437 1415 3547 exinanire3
1453 3479 1510 3574 ne
1546 3443 1789 3541 consumtis
1824 3437 1917 3579 opi-

462 3585 583 3705 bus,
613 3626 728 3727 quae
771 3621 977 3725 magnam
1021 3579 1293 3720 Principibus
1337 3583 1597 3722 opinionem
1642 3620 1687 3683 et
1728 3582 1920 3683 auctori·

462 3764 593 3833 tatem
630 3726 879 3869 praebent,
914 3722 1072 3827 talibus
1108 3722 1275 3825 casibus
1316 3723 1421 3826 fiant
1457 3726 1730 3870 opportuni,
1769 3763 1816 3827 et
1848 3765 1920 3827 au-

465 3875 667 3976 ctoritate
709 3872 843 3971 etiam
897 3870 944 3970 in
989 3910 1091 3971 suos
1139 3905 1183 3970 et
1228 3868 1395 3969 amicos
1440 3871 1679 3972 imminuta
1724 3867 1920 3971 hostibus

462 4020 661 4120 desinant
697 4055 784 4114 esse
819 4009 1123 4115 formidolosi.
1174 4024 1226 4113 In
1262 4049 1381 4113 tanta
1424 4014 1562 4157 igitur
1606 4015 1670 4115 tei
1713 4053 1917 4117 numma-

461 4164 550 4268 riae
600 4156 861 4289 difficultate
958 4191 1290 4299 peropportune
1354 4159 1513 4259 accidit
1573 4159 1737 4260 eodem
1804 4194 1916 4259 anno

388 4375 392 4380 ·
464 4336 613 4409 mense
650 4312 891 4446 Augusto,
927 4339 978 4401 ut
1013 4301 1310 4445 argentarium
1358 4302 1584 4404 metallum
1634 4305 1691 4403 ad
1739 4299 1922 4403 Guadal·

462 4452 609 4552 canale
650 4449 848 4548 Baeticae
874 4444 1094 4589 oppidum
1131 4446 1187 4546 ab
1215 4456 1303 4576 ejus
1338 4449 1565 4590 municipe
1596 4445 1798 4548 Martino
1820 4442 1948 4544 Del-c

423 4677 426 4686 ,
494 4595 581 4693 ado
616 4592 922 4712 inveniretur,
953 4592 1032 4733 qui
1070 4591 1379 4694 multis'annis
1415 4596 1469 4692 ad
1515 4589 1690 4693 Orbem
1735 4600 1927 4691 Novum

461 4631 620 4844 lustra
654 4737 892 4840 consumtis
927 4734 1070 4841 inanis
1106 4736 1201 4839 auri
1236 4772 1280 4838 et
1316 4736 1510 4878 argenti,
1531 4737 1606 4838 sed
1640 4733 1930 4836 metallorum

1861 4911 1930 5013 Pe.
