<?xml version="1.0" encoding="UTF-8"?>
<!DOCTYPE html PUBLIC "-//W3C//DTD XHTML 1.0 Transitional//EN"
    "http://www.w3.org/TR/xhtml1/DTD/xhtml1-transitional.dtd">
<html xmlns="http://www.w3.org/1999/xhtml" xml:lang="en" lang="en">
 <head>
  <title>
</title>
<meta http-equiv="Content-Type" content="text/html;charset=utf-8" />
  <meta name='ocr-system' content='tesseract 3.04.00' />
  <meta name='ocr-capabilities' content='ocr_page ocr_carea ocr_par ocr_line ocrx_word'/>
</head>
<body>
  <div class='ocr_page' id='page_1' title='image "./joannisgenesiis00sepgoog_0657.png"; bbox 0 0 4042 5864; ppageno 0'>
   <div class='ocr_carea' id='block_1_1' title="bbox 69 464 736 861">
    <p class='ocr_par' dir='ltr' id='par_1_1' title="bbox 69 464 736 861">
     <span class='ocr_line' id='line_1_1' title="bbox 340 464 448 535; baseline -0.046 1"><span class='ocrx_word' id='word_1_1' title='bbox 340 464 448 535; x_wconf 87' lang='lat' dir='ltr'>PHI·</span> 
     </span>
     <span class='ocr_line' id='line_1_2' title="bbox 69 562 733 662; baseline -0.023 -20"><span class='ocrx_word' id='word_1_2' title='bbox 69 567 278 662; x_wconf 78' lang='lat' dir='ltr'>chlepiscopo</span> <span class='ocrx_word' id='word_1_3' title='bbox 327 565 508 634; x_wconf 89' lang='lat' dir='ltr'>salutatur.</span> <span class='ocrx_word' id='word_1_4' title='bbox 556 562 603 633; x_wconf 89' lang='lat' dir='ltr'>ll.</span> <span class='ocrx_word' id='word_1_5' title='bbox 657 584 733 657; x_wconf 82' lang='lat'><strong>377.</strong></span> 
     </span>
     <span class='ocr_line' id='line_1_3' title="bbox 70 662 736 760; baseline -0.014 -19"><span class='ocrx_word' id='word_1_6' title='bbox 70 674 310 741; x_wconf 85' lang='lat' dir='ltr'>Commeatum</span> <span class='ocrx_word' id='word_1_7' title='bbox 342 662 526 760; x_wconf 89' lang='lat' dir='ltr'>gratuitum</span> <span class='ocrx_word' id='word_1_8' title='bbox 558 680 591 743; x_wconf 83' lang='lat' dir='ltr'>et</span> <span class='ocrx_word' id='word_1_9' title='bbox 628 686 736 759; x_wconf 89' lang='lat' dir='ltr'>pocu-</span> 
     </span>
     <span class='ocr_line' id='line_1_4' title="bbox 70 760 736 861; baseline -0.018 -23"><span class='ocrx_word' id='word_1_10' title='bbox 70 771 142 838; x_wconf 91' lang='lat' dir='ltr'>lum</span> <span class='ocrx_word' id='word_1_11' title='bbox 187 782 380 861; x_wconf 80' lang='lat' dir='ltr'>argentcum</span> <span class='ocrx_word' id='word_1_12' title='bbox 427 785 505 833; x_wconf 91' lang='lat' dir='ltr'>cum</span> <span class='ocrx_word' id='word_1_13' title='bbox 545 760 736 860; x_wconf 84' lang='lat' dir='ltr'>quingentis</span> 
     </span>
    </p>
   </div>
   <div class='ocr_carea' id='block_1_2' title="bbox 71 860 756 956">
    <p class='ocr_par' dir='ltr' id='par_1_2' title="bbox 71 860 756 956">
     <span class='ocr_line' id='line_1_5' title="bbox 71 860 756 956; baseline -0.025 -11"><span class='ocrx_word' id='word_1_14' title='bbox 71 864 204 944; x_wconf 80' lang='lat' dir='ltr'>florenis</span> <span class='ocrx_word' id='word_1_15' title='bbox 223 864 318 937; x_wconf 90' lang='lat' dir='ltr'>dono</span> <span class='ocrx_word' id='word_1_16' title='bbox 341 886 360 933; x_wconf 90' lang='lat' dir='ltr'>a</span> <span class='ocrx_word' id='word_1_17' title='bbox 381 860 514 932; x_wconf 86' lang='lat' dir='ltr'>civitate</span> <span class='ocrx_word' id='word_1_18' title='bbox 537 860 628 956; x_wconf 88' lang='lat' dir='ltr'>Spira</span> <span class='ocrx_word' id='word_1_19' title='bbox 647 861 756 932; x_wconf 46' lang='lat' dir='ltr'><strong>acci..</strong></span> 
     </span>
    </p>
   </div>
   <div class='ocr_carea' id='block_1_3' title="bbox 25 960 738 3228">
    <p class='ocr_par' dir='ltr' id='par_1_3' title="bbox 25 960 738 3228">
     <span class='ocr_line' id='line_1_6' title="bbox 71 960 738 1062; baseline -0.004 -28"><span class='ocrx_word' id='word_1_20' title='bbox 71 965 140 1062; x_wconf 92' lang='lat' dir='ltr'>pit.</span> <span class='ocrx_word' id='word_1_21' title='bbox 170 969 215 1034; x_wconf 89' lang='grc' dir='ltr'>ΙΙ.</span> <span class='ocrx_word' id='word_1_22' title='bbox 241 985 317 1056; x_wconf 91' lang='grc'><strong>777.</strong></span> <span class='ocrx_word' id='word_1_23' title='bbox 353 960 578 1030; x_wconf 87' lang='lat' dir='ltr'>Sarbruchum</span> <span class='ocrx_word' id='word_1_24' title='bbox 602 984 738 1058; x_wconf 89' lang='lat' dir='ltr'>progre-</span> 
     </span>
     <span class='ocr_line' id='line_1_7' title="bbox 71 1061 736 1153; baseline -0.006 -18"><span class='ocrx_word' id='word_1_25' title='bbox 71 1064 183 1135; x_wconf 88' lang='lat' dir='ltr'><strong>ditur.</strong></span> <span class='ocrx_word' id='word_1_26' title='bbox 205 1067 251 1134; x_wconf 93' lang='lat' dir='ltr'>Il.</span> <span class='ocrx_word' id='word_1_27' title='bbox 269 1085 345 1153; x_wconf 89' lang='grc'><strong>777.</strong></span> <span class='ocrx_word' id='word_1_28' title='bbox 371 1063 404 1130; x_wconf 87' lang='lat' dir='ltr'>A</span> <span class='ocrx_word' id='word_1_29' title='bbox 421 1064 550 1152; x_wconf 83' lang='lat' dir='ltr'>Joanne</span> <span class='ocrx_word' id='word_1_30' title='bbox 565 1061 736 1131; x_wconf 70' lang='grc'><strong>110101101-</strong></span> 
     </span>
     <span class='ocr_line' id='line_1_8' title="bbox 69 1159 735 1262; baseline 0 -31"><span class='ocrx_word' id='word_1_31' title='bbox 69 1163 160 1262; x_wconf 84' lang='lat' dir='ltr'>gensi</span> <span class='ocrx_word' id='word_1_32' title='bbox 183 1159 444 1256; x_wconf 89' lang='lat' dir='ltr'>Archiepiscopo</span> <span class='ocrx_word' id='word_1_33' title='bbox 477 1160 658 1229; x_wconf 85' lang='lat' dir='ltr'>salutatur.</span> <span class='ocrx_word' id='word_1_34' title='bbox 690 1165 735 1231; x_wconf 93' lang='lat' dir='ltr'>ll.</span> 
     </span>
     <span class='ocr_line' id='line_1_9' title="bbox 75 1256 733 1355; baseline 0 -26"><span class='ocrx_word' id='word_1_35' title='bbox 75 1261 154 1354; x_wconf 78' lang='lat'><strong>378.</strong></span> <span class='ocrx_word' id='word_1_36' title='bbox 182 1259 459 1355; x_wconf 86' lang='lat' dir='ltr'>Luxemburgum</span> <span class='ocrx_word' id='word_1_37' title='bbox 486 1256 655 1353; x_wconf 89' lang='lat' dir='ltr'>procedit.</span> <span class='ocrx_word' id='word_1_38' title='bbox 687 1265 733 1329; x_wconf 96' lang='lat' dir='ltr'>lI.</span> 
     </span>
     <span class='ocr_line' id='line_1_10' title="bbox 75 1357 735 1454; baseline 0 -26"><span class='ocrx_word' id='word_1_39' title='bbox 75 1361 152 1454; x_wconf 84' lang='lat'><strong>378.</strong></span> <span class='ocrx_word' id='word_1_40' title='bbox 181 1359 240 1429; x_wconf 89' lang='lat' dir='ltr'>Ad</span> <span class='ocrx_word' id='word_1_41' title='bbox 254 1361 415 1429; x_wconf 88' lang='lat' dir='ltr'>Arionem</span> <span class='ocrx_word' id='word_1_42' title='bbox 438 1361 599 1454; x_wconf 85' lang='lat' dir='ltr'>Legatum</span> <span class='ocrx_word' id='word_1_43' title='bbox 617 1357 735 1454; x_wconf 90' lang='lat' dir='ltr'>accipit</span> 
     </span>
     <span class='ocr_line' id='line_1_11' title="bbox 72 1455 737 1555; baseline 0 -27"><span class='ocrx_word' id='word_1_44' title='bbox 72 1483 91 1528; x_wconf 90' lang='lat' dir='ltr'>a</span> <span class='ocrx_word' id='word_1_45' title='bbox 124 1459 305 1529; x_wconf 81' lang='lat' dir='ltr'>Gallorum</span> <span class='ocrx_word' id='word_1_46' title='bbox 330 1461 424 1555; x_wconf 89' lang='lat' dir='ltr'>Rege</span> <span class='ocrx_word' id='word_1_47' title='bbox 451 1455 555 1527; x_wconf 75' lang='lat' dir='ltr'>oflicii</span> <span class='ocrx_word' id='word_1_48' title='bbox 583 1476 616 1525; x_wconf 94' lang='lat' dir='ltr'>et</span> <span class='ocrx_word' id='word_1_49' title='bbox 648 1462 737 1528; x_wconf 86' lang='lat' dir='ltr'>salu-</span> 
     </span>
     <span class='ocr_line' id='line_1_12' title="bbox 71 1555 737 1657; baseline -0.002 -32"><span class='ocrx_word' id='word_1_50' title='bbox 71 1556 167 1628; x_wconf 79' lang='lat' dir='ltr'>tandi</span> <span class='ocrx_word' id='word_1_51' title='bbox 189 1557 294 1657; x_wconf 88' lang='lat' dir='ltr'>gratia</span> <span class='ocrx_word' id='word_1_52' title='bbox 319 1555 479 1624; x_wconf 89' lang='lat' dir='ltr'>missum.</span> <span class='ocrx_word' id='word_1_53' title='bbox 503 1557 549 1625; x_wconf 90' lang='lat' dir='ltr'>ll.</span> <span class='ocrx_word' id='word_1_54' title='bbox 571 1556 647 1648; x_wconf 89' lang='grc'><strong>778.</strong></span> <span class='ocrx_word' id='word_1_55' title='bbox 676 1556 737 1629; x_wconf 88' lang='lat' dir='ltr'>Ad</span> 
     </span>
     <span class='ocr_line' id='line_1_13' title="bbox 72 1654 735 1726; baseline -0.002 0"><span class='ocrx_word' id='word_1_56' title='bbox 72 1659 204 1726; x_wconf 89' lang='lat' dir='ltr'>Namur</span> <span class='ocrx_word' id='word_1_57' title='bbox 236 1654 417 1724; x_wconf 88' lang='lat' dir='ltr'>Sabaudiae</span> <span class='ocrx_word' id='word_1_58' title='bbox 440 1654 547 1724; x_wconf 89' lang='lat' dir='ltr'>Ducis</span> <span class='ocrx_word' id='word_1_59' title='bbox 567 1656 674 1726; x_wconf 86' lang='lat' dir='ltr'>lilium</span> <span class='ocrx_word' id='word_1_60' title='bbox 702 1676 735 1725; x_wconf 91' lang='lat' dir='ltr'>et</span> 
     </span>
     <span class='ocr_line' id='line_1_14' title="bbox 73 1752 736 1826; baseline -0.003 -1"><span class='ocrx_word' id='word_1_61' title='bbox 73 1752 240 1826; x_wconf 88' lang='lat' dir='ltr'>Adolfum</span> <span class='ocrx_word' id='word_1_62' title='bbox 260 1757 393 1825; x_wconf 85' lang='lat' dir='ltr'>Ducem</span> <span class='ocrx_word' id='word_1_63' title='bbox 419 1775 460 1821; x_wconf 90' lang='lat' dir='ltr'>ex</span> <span class='ocrx_word' id='word_1_64' title='bbox 488 1753 647 1822; x_wconf 88' lang='lat' dir='ltr'>Bruxellis</span> <span class='ocrx_word' id='word_1_65' title='bbox 670 1755 736 1823; x_wconf 84' lang='lat' dir='ltr'>ob·</span> 
     </span>
     <span class='ocr_line' id='line_1_15' title="bbox 73 1851 735 1944; baseline -0.002 -22"><span class='ocrx_word' id='word_1_66' title='bbox 73 1853 142 1924; x_wconf 75' lang='lat' dir='ltr'>rios</span> <span class='ocrx_word' id='word_1_67' title='bbox 162 1851 284 1923; x_wconf 89' lang='lat' dir='ltr'>habet.</span> <span class='ocrx_word' id='word_1_68' title='bbox 313 1855 359 1920; x_wconf 94' lang='lat' dir='ltr'>II.</span> <span class='ocrx_word' id='word_1_69' title='bbox 387 1851 463 1944; x_wconf 82' lang='lat'><strong>378.</strong></span> <span class='ocrx_word' id='word_1_70' title='bbox 488 1854 520 1919; x_wconf 93' lang='lat' dir='ltr'>A</span> <span class='ocrx_word' id='word_1_71' title='bbox 541 1855 735 1921; x_wconf 91' lang='lat' dir='ltr'>Namurcn-</span> 
     </span>
     <span class='ocr_line' id='line_1_16' title="bbox 74 1946 735 2046; baseline 0.002 -25"><span class='ocrx_word' id='word_1_72' title='bbox 74 1951 162 2022; x_wconf 85' lang='lat' dir='ltr'>sibus</span> <span class='ocrx_word' id='word_1_73' title='bbox 172 1946 585 2044; x_wconf 84' lang='lat' dir='ltr'>Luxemburgensibusque</span> <span class='ocrx_word' id='word_1_74' title='bbox 601 1950 735 2046; x_wconf 86' lang='lat' dir='ltr'>singulis</span> 
     </span>
     <span class='ocr_line' id='line_1_17' title="bbox 74 2046 734 2123; baseline 0.009 -7"><span class='ocrx_word' id='word_1_75' title='bbox 74 2068 281 2118; x_wconf 75' lang='lat' dir='ltr'>scutatorum</span> <span class='ocrx_word' id='word_1_76' title='bbox 330 2069 547 2119; x_wconf 89' lang='lat' dir='ltr'>nummorum</span> <span class='ocrx_word' id='word_1_77' title='bbox 589 2046 734 2123; x_wconf 79' lang='lat' dir='ltr'>millibus</span> 
     </span>
     <span class='ocr_line' id='line_1_18' title="bbox 75 2145 733 2238; baseline 0 -21"><span class='ocrx_word' id='word_1_78' title='bbox 75 2165 279 2217; x_wconf 90' lang='lat' dir='ltr'>muneratur.</span> <span class='ocrx_word' id='word_1_79' title='bbox 297 2149 342 2213; x_wconf 93' lang='lat' dir='ltr'>II.</span> <span class='ocrx_word' id='word_1_80' title='bbox 363 2147 441 2238; x_wconf 89' lang='grc'><strong>778.</strong></span> <span class='ocrx_word' id='word_1_81' title='bbox 459 2145 608 2215; x_wconf 89' lang='lat' dir='ltr'>Vabram</span> <span class='ocrx_word' id='word_1_82' title='bbox 632 2152 733 2232; x_wconf 88' lang='lat' dir='ltr'>venit,</span> 
     </span>
     <span class='ocr_line' id='line_1_19' title="bbox 74 2242 733 2319; baseline 0 -3"><span class='ocrx_word' id='word_1_83' title='bbox 74 2245 163 2319; x_wconf 88' lang='lat' dir='ltr'>unde</span> <span class='ocrx_word' id='word_1_84' title='bbox 181 2244 225 2315; x_wconf 92' lang='lat' dir='ltr'>ad</span> <span class='ocrx_word' id='word_1_85' title='bbox 237 2247 364 2314; x_wconf 89' lang='lat' dir='ltr'>Vuram</span> <span class='ocrx_word' id='word_1_86' title='bbox 382 2242 516 2314; x_wconf 84' lang='lat' dir='ltr'>divertit</span> <span class='ocrx_word' id='word_1_87' title='bbox 532 2244 576 2314; x_wconf 95' lang='lat' dir='ltr'>ad</span> <span class='ocrx_word' id='word_1_88' title='bbox 590 2247 733 2316; x_wconf 87' lang='lat' dir='ltr'>Mariam</span> 
     </span>
     <span class='ocr_line' id='line_1_20' title="bbox 73 2344 734 2440; baseline 0.005 -29"><span class='ocrx_word' id='word_1_89' title='bbox 73 2346 141 2433; x_wconf 79' lang='lat' dir='ltr'>ejus</span> <span class='ocrx_word' id='word_1_90' title='bbox 156 2345 291 2413; x_wconf 90' lang='lat' dir='ltr'>amitam</span> <span class='ocrx_word' id='word_1_91' title='bbox 309 2392 320 2425; x_wconf 95' lang='lat'>,</span> <span class='ocrx_word' id='word_1_92' title='bbox 337 2367 441 2437; x_wconf 87' lang='lat' dir='ltr'>aqua</span> <span class='ocrx_word' id='word_1_93' title='bbox 461 2344 558 2439; x_wconf 88' lang='lat' dir='ltr'>regali</span> <span class='ocrx_word' id='word_1_94' title='bbox 572 2365 734 2440; x_wconf 87' lang='lat' dir='ltr'>apparatu</span> 
     </span>
     <span class='ocr_line' id='line_1_21' title="bbox 74 2440 732 2538; baseline 0.002 -26"><span class='ocrx_word' id='word_1_95' title='bbox 74 2443 208 2534; x_wconf 88' lang='lat' dir='ltr'>aliisque</span> <span class='ocrx_word' id='word_1_96' title='bbox 257 2440 396 2512; x_wconf 88' lang='lat' dir='ltr'>lactitiae</span> <span class='ocrx_word' id='word_1_97' title='bbox 441 2440 732 2538; x_wconf 85' lang='lat' dir='ltr'>significationibus</span> 
     </span>
     <span class='ocr_line' id='line_1_22' title="bbox 25 2541 734 2636; baseline 0.003 -27"><span class='ocrx_word' id='word_1_98' title='bbox 25 2590 30 2609; x_wconf 80' lang='lat'><strong>.</strong></span> <span class='ocrx_word' id='word_1_99' title='bbox 74 2542 208 2611; x_wconf 91' lang='lat' dir='ltr'>colitur.</span> <span class='ocrx_word' id='word_1_100' title='bbox 223 2545 269 2610; x_wconf 94' lang='lat' dir='ltr'>Il.</span> <span class='ocrx_word' id='word_1_101' title='bbox 287 2559 363 2634; x_wconf 88' lang='grc'><strong>779.</strong></span> <span class='ocrx_word' id='word_1_102' title='bbox 382 2546 474 2612; x_wconf 90' lang='lat' dir='ltr'>Cum</span> <span class='ocrx_word' id='word_1_103' title='bbox 486 2541 624 2611; x_wconf 85' lang='lat' dir='ltr'>solemni</span> <span class='ocrx_word' id='word_1_104' title='bbox 635 2565 734 2636; x_wconf 90' lang='lat' dir='ltr'>pom·</span> 
     </span>
     <span class='ocr_line' id='line_1_23' title="bbox 73 2639 734 2736; baseline 0.002 -28"><span class='ocrx_word' id='word_1_105' title='bbox 73 2662 115 2736; x_wconf 91' lang='lat' dir='ltr'>pa</span> <span class='ocrx_word' id='word_1_106' title='bbox 134 2641 301 2711; x_wconf 85' lang='lat' dir='ltr'>Bruxellas</span> <span class='ocrx_word' id='word_1_107' title='bbox 326 2640 451 2721; x_wconf 87' lang='lat' dir='ltr'>intrat,</span> <span class='ocrx_word' id='word_1_108' title='bbox 480 2658 514 2708; x_wconf 89' lang='lat' dir='ltr'>et</span> <span class='ocrx_word' id='word_1_109' title='bbox 548 2640 590 2709; x_wconf 92' lang='lat' dir='ltr'>ab</span> <span class='ocrx_word' id='word_1_110' title='bbox 627 2639 734 2709; x_wconf 90' lang='lat' dir='ltr'>amitis</span> 
     </span>
     <span class='ocr_line' id='line_1_24' title="bbox 72 2736 734 2834; baseline -0.005 -24"><span class='ocrx_word' id='word_1_111' title='bbox 72 2738 238 2810; x_wconf 85' lang='lat' dir='ltr'>Eleonora</span> <span class='ocrx_word' id='word_1_112' title='bbox 250 2738 391 2820; x_wconf 90' lang='lat' dir='ltr'>Galliae,</span> <span class='ocrx_word' id='word_1_113' title='bbox 408 2761 442 2807; x_wconf 91' lang='lat' dir='ltr'>et</span> <span class='ocrx_word' id='word_1_114' title='bbox 467 2736 571 2807; x_wconf 87' lang='lat' dir='ltr'>Maria</span> <span class='ocrx_word' id='word_1_115' title='bbox 588 2739 734 2834; x_wconf 89' lang='lat' dir='ltr'>Hunga·</span> 
     </span>
     <span class='ocr_line' id='line_1_25' title="bbox 73 2835 735 2934; baseline -0.005 -25"><span class='ocrx_word' id='word_1_116' title='bbox 73 2838 140 2909; x_wconf 86' lang='lat' dir='ltr'>riae</span> <span class='ocrx_word' id='word_1_117' title='bbox 155 2835 290 2934; x_wconf 84' lang='lat' dir='ltr'>Reginis</span> <span class='ocrx_word' id='word_1_118' title='bbox 302 2835 345 2905; x_wconf 89' lang='lat' dir='ltr'>ad</span> <span class='ocrx_word' id='word_1_119' title='bbox 361 2838 523 2907; x_wconf 84' lang='lat' dir='ltr'>Carolum</span> <span class='ocrx_word' id='word_1_120' title='bbox 535 2855 663 2931; x_wconf 88' lang='lat' dir='ltr'>patrem</span> <span class='ocrx_word' id='word_1_121' title='bbox 675 2835 735 2906; x_wconf 82' lang='lat' dir='ltr'>tle-</span> 
     </span>
     <span class='ocr_line' id='line_1_26' title="bbox 74 2935 733 3028; baseline 0.002 -23"><span class='ocrx_word' id='word_1_122' title='bbox 74 2935 220 3006; x_wconf 88' lang='lat' dir='ltr'>ducitur.</span> <span class='ocrx_word' id='word_1_123' title='bbox 240 2940 285 3004; x_wconf 93' lang='lat' dir='ltr'>ll.</span> <span class='ocrx_word' id='word_1_124' title='bbox 302 2936 379 3028; x_wconf 86' lang='grc'><strong>780.</strong></span> <span class='ocrx_word' id='word_1_125' title='bbox 396 2938 479 3003; x_wconf 90' lang='lat' dir='ltr'>Tres</span> <span class='ocrx_word' id='word_1_126' title='bbox 490 2935 619 3005; x_wconf 91' lang='lat' dir='ltr'>circiter</span> <span class='ocrx_word' id='word_1_127' title='bbox 629 2957 733 3007; x_wconf 87' lang='lat' dir='ltr'>annos</span> 
     </span>
     <span class='ocr_line' id='line_1_27' title="bbox 73 3032 733 3131; baseline 0.002 -28"><span class='ocrx_word' id='word_1_128' title='bbox 73 3032 117 3104; x_wconf 92' lang='lat' dir='ltr'>ad</span> <span class='ocrx_word' id='word_1_129' title='bbox 141 3032 292 3130; x_wconf 83' lang='lat' dir='ltr'>Belgium</span> <span class='ocrx_word' id='word_1_130' title='bbox 316 3033 554 3131; x_wconf 86' lang='lat' dir='ltr'>contiguasquc</span> <span class='ocrx_word' id='word_1_131' title='bbox 585 3034 733 3131; x_wconf 83' lang='lat' dir='ltr'>regiones</span> 
     </span>
     <span class='ocr_line' id='line_1_28' title="bbox 72 3133 734 3228; baseline 0 -26"><span class='ocrx_word' id='word_1_132' title='bbox 72 3154 151 3202; x_wconf 94' lang='lat' dir='ltr'>cum</span> <span class='ocrx_word' id='word_1_133' title='bbox 164 3153 256 3228; x_wconf 90' lang='lat' dir='ltr'>patre</span> <span class='ocrx_word' id='word_1_134' title='bbox 271 3152 512 3215; x_wconf 84' lang='lat' dir='ltr'>commoratur,</span> <span class='ocrx_word' id='word_1_135' title='bbox 529 3152 561 3201; x_wconf 92' lang='lat' dir='ltr'>et</span> <span class='ocrx_word' id='word_1_136' title='bbox 576 3155 638 3228; x_wconf 90' lang='lat' dir='ltr'>pro</span> <span class='ocrx_word' id='word_1_137' title='bbox 660 3133 734 3202; x_wconf 90' lang='lat' dir='ltr'>illa-</span> 
     </span>
    </p>
   </div>
   <div class='ocr_carea' id='block_1_4' title="bbox 74 3230 775 3328">
    <p class='ocr_par' dir='ltr' id='par_1_4' title="bbox 74 3230 775 3328">
     <span class='ocr_line' id='line_1_29' title="bbox 74 3230 775 3328; baseline 0.001 -28"><span class='ocrx_word' id='word_1_138' title='bbox 74 3253 148 3300; x_wconf 91' lang='lat' dir='ltr'>rum</span> <span class='ocrx_word' id='word_1_139' title='bbox 159 3252 338 3300; x_wconf 85' lang='lat' dir='ltr'>successore</span> <span class='ocrx_word' id='word_1_140' title='bbox 348 3230 499 3328; x_wconf 89' lang='lat' dir='ltr'>legitimo</span> <span class='ocrx_word' id='word_1_141' title='bbox 511 3231 641 3326; x_wconf 88' lang='lat' dir='ltr'>publice</span> <span class='ocrx_word' id='word_1_142' title='bbox 652 3233 735 3301; x_wconf 59' lang='lat' dir='ltr'>salu*</span> <span class='ocrx_word' id='word_1_143' title='bbox 772 3302 775 3309; x_wconf 71' lang='grc'>,</span> 
     </span>
    </p>
   </div>
   <div class='ocr_carea' id='block_1_5' title="bbox 71 3324 732 3695">
    <p class='ocr_par' dir='ltr' id='par_1_5' title="bbox 71 3324 732 3695">
     <span class='ocr_line' id='line_1_30' title="bbox 71 3324 732 3427; baseline 0.003 -29"><span class='ocrx_word' id='word_1_144' title='bbox 71 3324 257 3411; x_wconf 89' lang='lat' dir='ltr'>tatur,dato</span> <span class='ocrx_word' id='word_1_145' title='bbox 272 3330 343 3415; x_wconf 90' lang='lat' dir='ltr'>jure</span> <span class='ocrx_word' id='word_1_146' title='bbox 355 3329 498 3416; x_wconf 88' lang='lat' dir='ltr'>jurando</span> <span class='ocrx_word' id='word_1_147' title='bbox 511 3353 542 3397; x_wconf 87' lang='lat' dir='ltr'>se</span> <span class='ocrx_word' id='word_1_148' title='bbox 557 3330 653 3427; x_wconf 90' lang='lat' dir='ltr'>leges,</span> <span class='ocrx_word' id='word_1_149' title='bbox 668 3329 732 3426; x_wconf 88' lang='lat' dir='ltr'>pri-</span> 
     </span>
     <span class='ocr_line' id='line_1_31' title="bbox 72 3426 732 3523; baseline 0.005 -28"><span class='ocrx_word' id='word_1_150' title='bbox 72 3426 216 3523; x_wconf 83' lang='lat' dir='ltr'>vilegia,</span> <span class='ocrx_word' id='word_1_151' title='bbox 240 3450 412 3519; x_wconf 88' lang='lat' dir='ltr'>moresque</span> <span class='ocrx_word' id='word_1_152' title='bbox 434 3427 600 3516; x_wconf 84' lang='lat' dir='ltr'>majorum.</span> <span class='ocrx_word' id='word_1_153' title='bbox 624 3450 732 3498; x_wconf 81' lang='lat' dir='ltr'>serva·</span> 
     </span>
     <span class='ocr_line' id='line_1_32' title="bbox 71 3525 732 3618; baseline 0.003 -23"><span class='ocrx_word' id='word_1_154' title='bbox 71 3542 198 3595; x_wconf 90' lang='lat' dir='ltr'>turum.</span> <span class='ocrx_word' id='word_1_155' title='bbox 221 3527 268 3595; x_wconf 92' lang='lat' dir='ltr'>II.</span> <span class='ocrx_word' id='word_1_156' title='bbox 288 3526 365 3618; x_wconf 82' lang='lat'><strong>380.</strong></span> <span class='ocrx_word' id='word_1_157' title='bbox 385 3526 477 3595; x_wconf 92' lang='lat' dir='ltr'>Nihil</span> <span class='ocrx_word' id='word_1_158' title='bbox 493 3525 536 3595; x_wconf 92' lang='lat' dir='ltr'>ad</span> <span class='ocrx_word' id='word_1_159' title='bbox 551 3528 732 3597; x_wconf 86' lang='lat' dir='ltr'>concilian-</span> 
     </span>
     <span class='ocr_line' id='line_1_33' title="bbox 72 3621 732 3695; baseline 0.002 -1"><span class='ocrx_word' id='word_1_160' title='bbox 72 3621 135 3694; x_wconf 89' lang='lat' dir='ltr'>dos</span> <span class='ocrx_word' id='word_1_161' title='bbox 161 3622 221 3692; x_wconf 85' lang='lat' dir='ltr'>sibi</span> <span class='ocrx_word' id='word_1_162' title='bbox 243 3623 418 3693; x_wconf 90' lang='lat' dir='ltr'>hominum</span> <span class='ocrx_word' id='word_1_163' title='bbox 442 3624 570 3695; x_wconf 90' lang='lat' dir='ltr'>animos</span> <span class='ocrx_word' id='word_1_164' title='bbox 592 3626 732 3695; x_wconf 90' lang='lat' dir='ltr'>omittit.</span> 
     </span>
    </p>
   </div>
   <div class='ocr_carea' id='block_1_6' title="bbox 74 3721 769 3817">
    <p class='ocr_par' dir='ltr' id='par_1_6' title="bbox 74 3721 769 3817">
     <span class='ocr_line' id='line_1_34' title="bbox 74 3721 769 3817; baseline 0.003 -28"><span class='ocrx_word' id='word_1_165' title='bbox 74 3726 120 3789; x_wconf 93' lang='lat' dir='ltr'>ll.</span> <span class='ocrx_word' id='word_1_166' title='bbox 138 3722 215 3815; x_wconf 91' lang='grc'><strong>780.</strong></span> <span class='ocrx_word' id='word_1_167' title='bbox 232 3725 323 3791; x_wconf 91' lang='lat' dir='ltr'>Cum</span> <span class='ocrx_word' id='word_1_168' title='bbox 339 3721 543 3817; x_wconf 90' lang='lat' dir='ltr'>principibus</span> <span class='ocrx_word' id='word_1_169' title='bbox 552 3722 628 3793; x_wconf 87' lang='lat' dir='ltr'>viris</span> <span class='ocrx_word' id='word_1_170' title='bbox 636 3723 733 3816; x_wconf 85' lang='lat' dir='ltr'>equi·</span> <span class='ocrx_word' id='word_1_171' title='bbox 767 3750 769 3755; x_wconf 60' lang='grc'>’</span> 
     </span>
    </p>
   </div>
   <div class='ocr_carea' id='block_1_7' title="bbox 69 3820 732 4998">
    <p class='ocr_par' dir='ltr' id='par_1_7' title="bbox 69 3820 732 4998">
     <span class='ocr_line' id='line_1_35' title="bbox 73 3820 732 3920; baseline 0.006 -33"><span class='ocrx_word' id='word_1_172' title='bbox 73 3837 147 3901; x_wconf 89' lang='lat' dir='ltr'>tat,</span> <span class='ocrx_word' id='word_1_173' title='bbox 167 3820 353 3906; x_wconf 89' lang='lat' dir='ltr'>jaculatur,</span> <span class='ocrx_word' id='word_1_174' title='bbox 370 3840 402 3889; x_wconf 91' lang='lat' dir='ltr'>et</span> <span class='ocrx_word' id='word_1_175' title='bbox 422 3822 579 3912; x_wconf 84' lang='lat' dir='ltr'>equestris</span> <span class='ocrx_word' id='word_1_176' title='bbox 602 3845 732 3920; x_wconf 86' lang='lat' dir='ltr'>pugnae</span> 
     </span>
     <span class='ocr_line' id='line_1_36' title="bbox 70 3917 730 4014; baseline -0.003 -26"><span class='ocrx_word' id='word_1_177' title='bbox 70 3917 246 3988; x_wconf 81' lang='lat' dir='ltr'>simulacra</span> <span class='ocrx_word' id='word_1_178' title='bbox 272 3919 412 3988; x_wconf 83' lang='lat' dir='ltr'>libenter</span> <span class='ocrx_word' id='word_1_179' title='bbox 441 3919 536 3988; x_wconf 93' lang='lat' dir='ltr'>obit.</span> <span class='ocrx_word' id='word_1_180' title='bbox 569 3923 615 3990; x_wconf 90' lang='lat'>11.</span> <span class='ocrx_word' id='word_1_181' title='bbox 653 3923 730 4014; x_wconf 87' lang='grc'><strong>780.</strong></span> 
     </span>
     <span class='ocr_line' id='line_1_37' title="bbox 72 4017 730 4114; baseline 0.008 -31"><span class='ocrx_word' id='word_1_182' title='bbox 72 4019 112 4084; x_wconf 92' lang='lat' dir='ltr'>In</span> <span class='ocrx_word' id='word_1_183' title='bbox 129 4017 284 4106; x_wconf 89' lang='lat' dir='ltr'>equestris</span> <span class='ocrx_word' id='word_1_184' title='bbox 306 4039 437 4114; x_wconf 86' lang='lat' dir='ltr'>pugnae</span> <span class='ocrx_word' id='word_1_185' title='bbox 459 4018 635 4089; x_wconf 86' lang='lat' dir='ltr'>simulacro</span> <span class='ocrx_word' id='word_1_186' title='bbox 651 4042 730 4089; x_wconf 89' lang='lat' dir='ltr'>cum</span> 
     </span>
     <span class='ocr_line' id='line_1_38' title="bbox 70 4112 731 4213; baseline 0.011 -33"><span class='ocrx_word' id='word_1_187' title='bbox 70 4112 247 4187; x_wconf 86' lang='lat' dir='ltr'>Ludovico</span> <span class='ocrx_word' id='word_1_188' title='bbox 304 4116 454 4213; x_wconf 88' lang='lat' dir='ltr'>Zugniga</span> <span class='ocrx_word' id='word_1_189' title='bbox 508 4118 731 4210; x_wconf 86' lang='lat' dir='ltr'>Requcsensio</span> 
     </span>
     <span class='ocr_line' id='line_1_39' title="bbox 69 4212 731 4311; baseline 0.003 -27"><span class='ocrx_word' id='word_1_190' title='bbox 69 4212 407 4294; x_wconf 88' lang='lat' dir='ltr'>concurrens,ictum</span> <span class='ocrx_word' id='word_1_191' title='bbox 423 4215 542 4310; x_wconf 90' lang='lat' dir='ltr'>accipit</span> <span class='ocrx_word' id='word_1_192' title='bbox 568 4216 601 4285; x_wconf 93' lang='lat' dir='ltr'>in</span> <span class='ocrx_word' id='word_1_193' title='bbox 625 4217 731 4311; x_wconf 89' lang='lat' dir='ltr'>capite</span> 
     </span>
     <span class='ocr_line' id='line_1_40' title="bbox 71 4311 730 4395; baseline 0.012 -17"><span class='ocrx_word' id='word_1_194' title='bbox 71 4328 140 4380; x_wconf 89' lang='lat' dir='ltr'>tam</span> <span class='ocrx_word' id='word_1_195' title='bbox 173 4311 431 4395; x_wconf 87' lang='lat' dir='ltr'>vehementem,</span> <span class='ocrx_word' id='word_1_196' title='bbox 462 4333 500 4383; x_wconf 92' lang='lat' dir='ltr'>ut</span> <span class='ocrx_word' id='word_1_197' title='bbox 533 4314 730 4386; x_wconf 84' lang='lat' dir='ltr'>semianimis</span> 
     </span>
     <span class='ocr_line' id='line_1_41' title="bbox 72 4408 730 4505; baseline 0.006 -27"><span class='ocrx_word' id='word_1_198' title='bbox 72 4408 225 4478; x_wconf 88' lang='lat' dir='ltr'>ceciderit</span> <span class='ocrx_word' id='word_1_199' title='bbox 249 4427 291 4478; x_wconf 89' lang='lat' dir='ltr'>ct.</span> <span class='ocrx_word' id='word_1_200' title='bbox 304 4409 461 4496; x_wconf 83' lang='lat' dir='ltr'>jacuerit.</span> <span class='ocrx_word' id='word_1_201' title='bbox 478 4416 524 4480; x_wconf 94' lang='lat' dir='ltr'>II.</span> <span class='ocrx_word' id='word_1_202' title='bbox 547 4414 625 4505; x_wconf 82' lang='lat'><strong>381.</strong></span> <span class='ocrx_word' id='word_1_203' title='bbox 649 4415 730 4482; x_wconf 86' lang='lat' dir='ltr'>Lin-</span> 
     </span>
     <span class='ocr_line' id='line_1_42' title="bbox 72 4505 729 4607; baseline 0.009 -33"><span class='ocrx_word' id='word_1_204' title='bbox 72 4523 128 4575; x_wconf 91' lang='lat' dir='ltr'>tco</span> <span class='ocrx_word' id='word_1_205' title='bbox 151 4511 229 4576; x_wconf 88' lang='lat' dir='ltr'>vino</span> <span class='ocrx_word' id='word_1_206' title='bbox 252 4506 406 4578; x_wconf 88' lang='lat' dir='ltr'>madente</span> <span class='ocrx_word' id='word_1_207' title='bbox 426 4505 538 4590; x_wconf 90' lang='lat' dir='ltr'>fotus,</span> <span class='ocrx_word' id='word_1_208' title='bbox 552 4511 729 4607; x_wconf 87' lang='lat' dir='ltr'>sanguine·</span> 
     </span>
     <span class='ocr_line' id='line_1_43' title="bbox 72 4605 728 4697; baseline 0.014 -27"><span class='ocrx_word' id='word_1_209' title='bbox 72 4626 140 4697; x_wconf 87' lang='lat' dir='ltr'>que</span> <span class='ocrx_word' id='word_1_210' title='bbox 163 4605 273 4687; x_wconf 88' lang='lat' dir='ltr'>misso,</span> <span class='ocrx_word' id='word_1_211' title='bbox 293 4606 326 4676; x_wconf 92' lang='lat' dir='ltr'>in</span> <span class='ocrx_word' id='word_1_212' title='bbox 349 4607 485 4677; x_wconf 92' lang='lat' dir='ltr'>tertium</span> <span class='ocrx_word' id='word_1_213' title='bbox 501 4608 589 4679; x_wconf 90' lang='lat' dir='ltr'>diem</span> <span class='ocrx_word' id='word_1_214' title='bbox 606 4610 728 4679; x_wconf 88' lang='lat' dir='ltr'>morbo</span> 
     </span>
     <span class='ocr_line' id='line_1_44' title="bbox 70 4702 728 4804; baseline 0.009 -32"><span class='ocrx_word' id='word_1_215' title='bbox 70 4702 223 4772; x_wconf 92' lang='lat' dir='ltr'>laborat.</span> <span class='ocrx_word' id='word_1_216' title='bbox 248 4707 291 4771; x_wconf 91' lang='lat' dir='ltr'>ll.</span> <span class='ocrx_word' id='word_1_217' title='bbox 321 4706 399 4796; x_wconf 80' lang='lat'><strong>381.</strong></span> <span class='ocrx_word' id='word_1_218' title='bbox 434 4711 467 4776; x_wconf 93' lang='lat' dir='ltr'>A</span> <span class='ocrx_word' id='word_1_219' title='bbox 492 4709 618 4778; x_wconf 88' lang='lat' dir='ltr'>Carolo</span> <span class='ocrx_word' id='word_1_220' title='bbox 637 4728 728 4804; x_wconf 83' lang='lat' dir='ltr'>patre</span> 
     </span>
     <span class='ocr_line' id='line_1_45' title="bbox 71 4798 728 4895; baseline 0.015 -25"><span class='ocrx_word' id='word_1_221' title='bbox 71 4798 296 4870; x_wconf 82' lang='lat' dir='ltr'>amantissimis</span> <span class='ocrx_word' id='word_1_222' title='bbox 319 4803 424 4873; x_wconf 89' lang='lat' dir='ltr'>verbis</span> <span class='ocrx_word' id='word_1_223' title='bbox 440 4802 482 4874; x_wconf 88' lang='lat' dir='ltr'>de</span> <span class='ocrx_word' id='word_1_224' title='bbox 506 4807 621 4895; x_wconf 88' lang='lat' dir='ltr'>majori</span> <span class='ocrx_word' id='word_1_225' title='bbox 648 4831 728 4880; x_wconf 84' lang='lat' dir='ltr'>cura</span> 
     </span>
     <span class='ocr_line' id='line_1_46' title="bbox 70 4898 725 4998; baseline 0.005 -25"><span class='ocrx_word' id='word_1_226' title='bbox 70 4899 167 4973; x_wconf 90' lang='lat' dir='ltr'>saluti</span> <span class='ocrx_word' id='word_1_227' title='bbox 187 4898 408 4998; x_wconf 86' lang='lat' dir='ltr'>impendenda</span> <span class='ocrx_word' id='word_1_228' title='bbox 428 4903 651 4978; x_wconf 89' lang='lat' dir='ltr'>admonetur.</span> <span class='ocrx_word' id='word_1_229' title='bbox 680 4911 725 4978; x_wconf 90' lang='lat'>11.</span> 
     </span>
    </p>
   </div>
   <div class='ocr_carea' id='block_1_8' title="bbox 831 557 1549 1258">
    <p class='ocr_par' dir='ltr' id='par_1_8' title="bbox 831 557 1549 1258">
     <span class='ocr_line' id='line_1_47' title="bbox 836 557 1549 662; baseline -0.003 -27"><span class='ocrx_word' id='word_1_230' title='bbox 836 563 1057 662; x_wconf 74' lang='lat' dir='ltr'>381.Joanne</span> <span class='ocrx_word' id='word_1_231' title='bbox 1070 563 1222 660; x_wconf 88' lang='lat' dir='ltr'>Zugniga</span> <span class='ocrx_word' id='word_1_232' title='bbox 1241 559 1380 631; x_wconf 79' lang='lat' dir='ltr'>nutritio</span> <span class='ocrx_word' id='word_1_233' title='bbox 1393 557 1495 655; x_wconf 86' lang='lat' dir='ltr'>magi·</span> <span class='ocrx_word' id='word_1_234' title='bbox 1546 628 1549 633; x_wconf 79' lang='grc'>,</span> 
     </span>
     <span class='ocr_line' id='line_1_48' title="bbox 832 659 1497 757; baseline -0.012 -22"><span class='ocrx_word' id='word_1_235' title='bbox 832 685 970 757; x_wconf 87' lang='lat' dir='ltr'>stroque</span> <span class='ocrx_word' id='word_1_236' title='bbox 988 687 1121 733; x_wconf 91' lang='lat' dir='ltr'>morum</span> <span class='ocrx_word' id='word_1_237' title='bbox 1142 685 1217 733; x_wconf 88' lang='lat' dir='ltr'>usus</span> <span class='ocrx_word' id='word_1_238' title='bbox 1228 659 1346 737; x_wconf 80' lang='lat' dir='ltr'>fuerat.</span> <span class='ocrx_word' id='word_1_239' title='bbox 1364 659 1497 752; x_wconf 78' lang='lat' dir='ltr'>ll.381.</span> 
     </span>
     <span class='ocr_line' id='line_1_49' title="bbox 831 759 1495 860; baseline -0.018 -22"><span class='ocrx_word' id='word_1_240' title='bbox 831 762 1010 860; x_wconf 87' lang='lat' dir='ltr'>Hispaniae</span> <span class='ocrx_word' id='word_1_241' title='bbox 1052 759 1214 833; x_wconf 89' lang='lat' dir='ltr'>desiderio</span> <span class='ocrx_word' id='word_1_242' title='bbox 1260 778 1409 831; x_wconf 85' lang='lat' dir='ltr'>aestuat.</span> <span class='ocrx_word' id='word_1_243' title='bbox 1449 763 1495 827; x_wconf 91' lang='grc' dir='ltr'>ΙΙ.</span> 
     </span>
     <span class='ocr_line' id='line_1_50' title="bbox 833 857 1542 957; baseline -0.013 -24"><span class='ocrx_word' id='word_1_244' title='bbox 833 887 917 954; x_wconf 84' lang='lat'><strong>401.</strong></span> <span class='ocrx_word' id='word_1_245' title='bbox 954 861 1141 957; x_wconf 83' lang='lat' dir='ltr'>Repentina</span> <span class='ocrx_word' id='word_1_246' title='bbox 1175 858 1260 931; x_wconf 86' lang='lat' dir='ltr'>febri</span> <span class='ocrx_word' id='word_1_247' title='bbox 1300 857 1498 954; x_wconf 86' lang='lat' dir='ltr'>pleurisiquc</span> <span class='ocrx_word' id='word_1_248' title='bbox 1537 900 1542 907; x_wconf 86' lang='lat'><strong>·</strong></span> 
     </span>
     <span class='ocr_line' id='line_1_51' title="bbox 832 961 1496 1056; baseline -0.017 -22"><span class='ocrx_word' id='word_1_249' title='bbox 832 961 1034 1056; x_wconf 89' lang='lat' dir='ltr'>corripitur.</span> <span class='ocrx_word' id='word_1_250' title='bbox 1067 966 1112 1031; x_wconf 91' lang='grc' dir='ltr'>ΙΙ.</span> <span class='ocrx_word' id='word_1_251' title='bbox 1140 979 1223 1049; x_wconf 87' lang='grc'><strong>401.</strong></span> <span class='ocrx_word' id='word_1_252' title='bbox 1257 963 1407 1053; x_wconf 89' lang='lat' dir='ltr'>Recepta</span> <span class='ocrx_word' id='word_1_253' title='bbox 1434 979 1496 1024; x_wconf 83' lang='lat' dir='ltr'>va·</span> 
     </span>
     <span class='ocr_line' id='line_1_52' title="bbox 832 1058 1498 1155; baseline -0.009 -23"><span class='ocrx_word' id='word_1_254' title='bbox 832 1060 981 1132; x_wconf 88' lang='lat' dir='ltr'>letudine</span> <span class='ocrx_word' id='word_1_255' title='bbox 1003 1060 1038 1129; x_wconf 92' lang='lat' dir='ltr'>in</span> <span class='ocrx_word' id='word_1_256' title='bbox 1061 1058 1255 1155; x_wconf 88' lang='lat' dir='ltr'>Hispaniam</span> <span class='ocrx_word' id='word_1_257' title='bbox 1277 1082 1318 1129; x_wconf 90' lang='lat' dir='ltr'>ex</span> <span class='ocrx_word' id='word_1_258' title='bbox 1344 1064 1498 1154; x_wconf 78' lang='lat' dir='ltr'>Augusta</span> 
     </span>
     <span class='ocr_line' id='line_1_53' title="bbox 833 1156 1500 1258; baseline -0.015 -27"><span class='ocrx_word' id='word_1_259' title='bbox 833 1159 1057 1258; x_wconf 83' lang='lat' dir='ltr'>proficiscitur</span> <span class='ocrx_word' id='word_1_260' title='bbox 1086 1165 1132 1229; x_wconf 94' lang='lat' dir='ltr'>II.</span> <span class='ocrx_word' id='word_1_261' title='bbox 1160 1182 1243 1249; x_wconf 89' lang='grc'><strong>401.</strong></span> <span class='ocrx_word' id='word_1_262' title='bbox 1276 1165 1412 1228; x_wconf 89' lang='lat' dir='ltr'>Paterna</span> <span class='ocrx_word' id='word_1_263' title='bbox 1428 1156 1500 1243; x_wconf 87' lang='lat' dir='ltr'>jus·</span> 
     </span>
    </p>
   </div>
   <div class='ocr_carea' id='block_1_9' title="bbox 833 1257 1613 1356">
    <p class='ocr_par' dir='ltr' id='par_1_9' title="bbox 833 1257 1613 1356">
     <span class='ocr_line' id='line_1_54' title="bbox 833 1257 1613 1356; baseline -0.013 -23"><span class='ocrx_word' id='word_1_264' title='bbox 833 1286 867 1333; x_wconf 92' lang='lat' dir='ltr'>sa</span> <span class='ocrx_word' id='word_1_265' title='bbox 890 1259 1066 1356; x_wconf 87' lang='lat' dir='ltr'>diligenter</span> <span class='ocrx_word' id='word_1_266' title='bbox 1089 1257 1321 1331; x_wconf 88' lang='lat' dir='ltr'>administrans</span> <span class='ocrx_word' id='word_1_267' title='bbox 1342 1257 1499 1352; x_wconf 88' lang='lat' dir='ltr'>magnam</span> <span class='ocrx_word' id='word_1_268' title='bbox 1607 1304 1613 1323; x_wconf 73' lang='lat'><em>„</em></span> 
     </span>
    </p>
   </div>
   <div class='ocr_carea' id='block_1_10' title="bbox 829 1356 1518 4800">
    <p class='ocr_par' dir='ltr' id='par_1_10' title="bbox 829 1356 1518 4800">
     <span class='ocr_line' id='line_1_55' title="bbox 833 1356 1499 1455; baseline -0.008 -26"><span class='ocrx_word' id='word_1_269' title='bbox 833 1361 991 1455; x_wconf 92' lang='lat' dir='ltr'>pecuniae</span> <span class='ocrx_word' id='word_1_270' title='bbox 1027 1356 1119 1437; x_wconf 86' lang='lat' dir='ltr'>vim,</span> <span class='ocrx_word' id='word_1_271' title='bbox 1147 1378 1180 1428; x_wconf 93' lang='lat' dir='ltr'>et</span> <span class='ocrx_word' id='word_1_272' title='bbox 1211 1358 1355 1427; x_wconf 90' lang='lat' dir='ltr'>militum</span> <span class='ocrx_word' id='word_1_273' title='bbox 1380 1377 1499 1424; x_wconf 88' lang='lat' dir='ltr'>manus</span> 
     </span>
     <span class='ocr_line' id='line_1_56' title="bbox 833 1454 1499 1540; baseline -0.011 -12"><span class='ocrx_word' id='word_1_274' title='bbox 833 1459 979 1528; x_wconf 89' lang='lat' dir='ltr'>celeriter</span> <span class='ocrx_word' id='word_1_275' title='bbox 1002 1456 1138 1527; x_wconf 87' lang='lat' dir='ltr'>conficit</span> <span class='ocrx_word' id='word_1_276' title='bbox 1158 1507 1169 1540; x_wconf 93' lang='lat'>,</span> <span class='ocrx_word' id='word_1_277' title='bbox 1193 1475 1226 1526; x_wconf 90' lang='lat' dir='ltr'>et</span> <span class='ocrx_word' id='word_1_278' title='bbox 1266 1457 1431 1528; x_wconf 85' lang='lat' dir='ltr'>Malacam</span> <span class='ocrx_word' id='word_1_279' title='bbox 1464 1454 1499 1522; x_wconf 90' lang='lat' dir='ltr'>in</span> 
     </span>
     <span class='ocr_line' id='line_1_57' title="bbox 834 1553 1497 1628; baseline -0.011 0"><span class='ocrx_word' id='word_1_280' title='bbox 834 1557 1050 1628; x_wconf 87' lang='lat' dir='ltr'>Germaniam</span> <span class='ocrx_word' id='word_1_281' title='bbox 1068 1553 1262 1626; x_wconf 84' lang='lat' dir='ltr'>deferendos</span> <span class='ocrx_word' id='word_1_282' title='bbox 1289 1555 1412 1624; x_wconf 91' lang='lat' dir='ltr'>mittit.</span> <span class='ocrx_word' id='word_1_283' title='bbox 1449 1558 1497 1622; x_wconf 92' lang='lat' dir='ltr'>Il.</span> 
     </span>
     <span class='ocr_line' id='line_1_58' title="bbox 831 1651 1495 1750; baseline 0.002 -26"><span class='ocrx_word' id='word_1_284' title='bbox 831 1679 915 1750; x_wconf 79' lang='lat'>43⁰·</span> <span class='ocrx_word' id='word_1_285' title='bbox 955 1661 994 1724; x_wconf 95' lang='lat' dir='ltr'>In</span> <span class='ocrx_word' id='word_1_286' title='bbox 1019 1655 1224 1724; x_wconf 89' lang='lat' dir='ltr'>Britanniam</span> <span class='ocrx_word' id='word_1_287' title='bbox 1257 1651 1495 1749; x_wconf 86' lang='lat' dir='ltr'>profectionem</span> 
     </span>
     <span class='ocr_line' id='line_1_59' title="bbox 834 1755 1496 1850; baseline -0.011 -24"><span class='ocrx_word' id='word_1_288' title='bbox 834 1773 1028 1850; x_wconf 89' lang='lat' dir='ltr'>comparat.</span> <span class='ocrx_word' id='word_1_289' title='bbox 1047 1759 1093 1822; x_wconf 94' lang='lat' dir='ltr'>II.</span> <span class='ocrx_word' id='word_1_290' title='bbox 1111 1758 1194 1844; x_wconf 86' lang='grc'><strong>496.</strong></span> <span class='ocrx_word' id='word_1_291' title='bbox 1217 1755 1382 1845; x_wconf 87' lang='lat' dir='ltr'>Joannam</span> <span class='ocrx_word' id='word_1_292' title='bbox 1400 1775 1496 1820; x_wconf 82' lang='lat' dir='ltr'>soro·</span> 
     </span>
     <span class='ocr_line' id='line_1_60' title="bbox 833 1849 1495 1949; baseline -0.009 -25"><span class='ocrx_word' id='word_1_293' title='bbox 833 1876 903 1924; x_wconf 88' lang='lat' dir='ltr'>rem</span> <span class='ocrx_word' id='word_1_294' title='bbox 937 1875 978 1922; x_wconf 84' lang='lat' dir='ltr'>ex</span> <span class='ocrx_word' id='word_1_295' title='bbox 1013 1852 1215 1949; x_wconf 89' lang='lat' dir='ltr'>Portugallia</span> <span class='ocrx_word' id='word_1_296' title='bbox 1252 1849 1295 1921; x_wconf 89' lang='lat' dir='ltr'>ad</span> <span class='ocrx_word' id='word_1_297' title='bbox 1332 1851 1495 1920; x_wconf 88' lang='lat' dir='ltr'>Castellae</span> 
     </span>
     <span class='ocr_line' id='line_1_61' title="bbox 834 1948 1498 2049; baseline -0.011 -27"><span class='ocrx_word' id='word_1_298' title='bbox 834 1949 1104 2049; x_wconf 87' lang='lat' dir='ltr'>procurationem</span> <span class='ocrx_word' id='word_1_299' title='bbox 1128 1974 1169 2020; x_wconf 89' lang='lat' dir='ltr'>ex</span> <span class='ocrx_word' id='word_1_300' title='bbox 1195 1950 1295 2044; x_wconf 88' lang='lat' dir='ltr'>patris</span> <span class='ocrx_word' id='word_1_301' title='bbox 1320 1948 1435 2017; x_wconf 87' lang='lat' dir='ltr'>litteris</span> <span class='ocrx_word' id='word_1_302' title='bbox 1462 1970 1498 2016; x_wconf 81' lang='lat' dir='ltr'>e-</span> 
     </span>
     <span class='ocr_line' id='line_1_62' title="bbox 834 2046 1494 2139; baseline -0.008 -19"><span class='ocrx_word' id='word_1_303' title='bbox 834 2069 956 2120; x_wconf 92' lang='lat' dir='ltr'>vocat.</span> <span class='ocrx_word' id='word_1_304' title='bbox 981 2053 1028 2117; x_wconf 92' lang='lat' dir='ltr'>II.</span> <span class='ocrx_word' id='word_1_305' title='bbox 1047 2052 1129 2139; x_wconf 89' lang='lat'><strong>496.</strong></span> <span class='ocrx_word' id='word_1_306' title='bbox 1156 2049 1358 2119; x_wconf 86' lang='lat' dir='ltr'>Gallaeciam</span> <span class='ocrx_word' id='word_1_307' title='bbox 1390 2046 1494 2131; x_wconf 87' lang='lat' dir='ltr'>venit,</span> 
     </span>
     <span class='ocr_line' id='line_1_63' title="bbox 834 2146 1497 2244; baseline -0.008 -25"><span class='ocrx_word' id='word_1_308' title='bbox 834 2149 894 2218; x_wconf 93' lang='lat' dir='ltr'>ubi</span> <span class='ocrx_word' id='word_1_309' title='bbox 916 2153 1057 2244; x_wconf 88' lang='lat' dir='ltr'>Legatos</span> <span class='ocrx_word' id='word_1_310' title='bbox 1070 2148 1188 2219; x_wconf 87' lang='lat' dir='ltr'>duosa</span> <span class='ocrx_word' id='word_1_311' title='bbox 1212 2146 1400 2217; x_wconf 89' lang='lat' dir='ltr'>Britanniae</span> <span class='ocrx_word' id='word_1_312' title='bbox 1424 2151 1497 2219; x_wconf 89' lang='lat' dir='ltr'>Rc·</span> 
     </span>
     <span class='ocr_line' id='line_1_64' title="bbox 834 2245 1496 2345; baseline 0.002 -31"><span class='ocrx_word' id='word_1_313' title='bbox 834 2248 910 2345; x_wconf 89' lang='lat' dir='ltr'>gina</span> <span class='ocrx_word' id='word_1_314' title='bbox 926 2251 1113 2343; x_wconf 88' lang='lat' dir='ltr'>Regnoque</span> <span class='ocrx_word' id='word_1_315' title='bbox 1140 2245 1271 2342; x_wconf 91' lang='lat' dir='ltr'>publice</span> <span class='ocrx_word' id='word_1_316' title='bbox 1289 2247 1401 2314; x_wconf 89' lang='lat' dir='ltr'>missos</span> <span class='ocrx_word' id='word_1_317' title='bbox 1428 2245 1496 2315; x_wconf 87' lang='lat' dir='ltr'>ob·</span> 
     </span>
     <span class='ocr_line' id='line_1_65' title="bbox 835 2343 1495 2439; baseline 0 -27"><span class='ocrx_word' id='word_1_318' title='bbox 835 2347 906 2415; x_wconf 89' lang='lat' dir='ltr'>vios</span> <span class='ocrx_word' id='word_1_319' title='bbox 916 2343 1040 2417; x_wconf 85' lang='lat' dir='ltr'>habet.</span> <span class='ocrx_word' id='word_1_320' title='bbox 1057 2349 1101 2416; x_wconf 92' lang='lat' dir='ltr'>Il.</span> <span class='ocrx_word' id='word_1_321' title='bbox 1114 2350 1196 2436; x_wconf 88' lang='lat'><strong>496.</strong></span> <span class='ocrx_word' id='word_1_322' title='bbox 1221 2344 1495 2439; x_wconf 76' lang='lat' dir='ltr'>compostellam,</span> 
     </span>
     <span class='ocr_line' id='line_1_66' title="bbox 836 2442 1496 2540; baseline -0.003 -27"><span class='ocrx_word' id='word_1_323' title='bbox 836 2443 954 2513; x_wconf 88' lang='lat' dir='ltr'>deinde</span> <span class='ocrx_word' id='word_1_324' title='bbox 971 2443 1005 2511; x_wconf 92' lang='lat' dir='ltr'>in</span> <span class='ocrx_word' id='word_1_325' title='bbox 1030 2464 1168 2539; x_wconf 89' lang='lat' dir='ltr'>portum</span> <span class='ocrx_word' id='word_1_326' title='bbox 1185 2446 1351 2540; x_wconf 89' lang='lat' dir='ltr'>Magnum</span> <span class='ocrx_word' id='word_1_327' title='bbox 1367 2442 1410 2510; x_wconf 92' lang='lat' dir='ltr'>ad</span> <span class='ocrx_word' id='word_1_328' title='bbox 1426 2445 1496 2513; x_wconf 79' lang='lat' dir='ltr'>Fla·</span> 
     </span>
     <span class='ocr_line' id='line_1_67' title="bbox 838 2541 1495 2640; baseline -0.005 -29"><span class='ocrx_word' id='word_1_329' title='bbox 838 2543 932 2612; x_wconf 89' lang='lat' dir='ltr'>vium</span> <span class='ocrx_word' id='word_1_330' title='bbox 964 2542 1173 2640; x_wconf 89' lang='lat' dir='ltr'>Brigantium</span> <span class='ocrx_word' id='word_1_331' title='bbox 1202 2543 1249 2611; x_wconf 92' lang='lat' dir='ltr'>ire</span> <span class='ocrx_word' id='word_1_332' title='bbox 1285 2541 1412 2637; x_wconf 89' lang='lat' dir='ltr'>pergit.</span> <span class='ocrx_word' id='word_1_333' title='bbox 1448 2544 1495 2610; x_wconf 91' lang='grc'>11.</span> 
     </span>
     <span class='ocr_line' id='line_1_68' title="bbox 836 2640 1496 2739; baseline -0.002 -29"><span class='ocrx_word' id='word_1_334' title='bbox 836 2660 920 2731; x_wconf 89' lang='grc'><strong>497.</strong></span> <span class='ocrx_word' id='word_1_335' title='bbox 964 2644 1054 2710; x_wconf 92' lang='lat' dir='ltr'>Cum</span> <span class='ocrx_word' id='word_1_336' title='bbox 1091 2666 1211 2739; x_wconf 87' lang='lat' dir='ltr'>magna</span> <span class='ocrx_word' id='word_1_337' title='bbox 1249 2641 1346 2710; x_wconf 89' lang='lat' dir='ltr'>classe</span> <span class='ocrx_word' id='word_1_338' title='bbox 1382 2640 1496 2709; x_wconf 89' lang='lat' dir='ltr'>multis</span> 
     </span>
     <span class='ocr_line' id='line_1_69' title="bbox 834 2736 1497 2813; baseline -0.011 0"><span class='ocrx_word' id='word_1_339' title='bbox 834 2736 1028 2813; x_wconf 88' lang='lat' dir='ltr'>Proceribus</span> <span class='ocrx_word' id='word_1_340' title='bbox 1050 2738 1286 2810; x_wconf 87' lang='lat' dir='ltr'>comitantibus</span> <span class='ocrx_word' id='word_1_341' title='bbox 1313 2740 1346 2806; x_wconf 92' lang='lat' dir='ltr'>in</span> <span class='ocrx_word' id='word_1_342' title='bbox 1363 2737 1497 2811; x_wconf 88' lang='lat' dir='ltr'>Britan-</span> 
     </span>
     <span class='ocr_line' id='line_1_70' title="bbox 836 2835 1495 2929; baseline -0.003 -22"><span class='ocrx_word' id='word_1_343' title='bbox 836 2837 925 2908; x_wconf 90' lang='lat' dir='ltr'>niam</span> <span class='ocrx_word' id='word_1_344' title='bbox 953 2837 1068 2906; x_wconf 89' lang='lat' dir='ltr'>solvit.</span> <span class='ocrx_word' id='word_1_345' title='bbox 1100 2841 1145 2908; x_wconf 89' lang='grc' dir='ltr'>ΙΙ.</span> <span class='ocrx_word' id='word_1_346' title='bbox 1173 2857 1254 2929; x_wconf 91' lang='grc'><strong>497.</strong></span> <span class='ocrx_word' id='word_1_347' title='bbox 1289 2835 1347 2907; x_wconf 86' lang='lat' dir='ltr'>Ad</span> <span class='ocrx_word' id='word_1_348' title='bbox 1364 2836 1495 2905; x_wconf 88' lang='lat' dir='ltr'>Britan-</span> 
     </span>
     <span class='ocr_line' id='line_1_71' title="bbox 835 2934 1493 3031; baseline -0.002 -25"><span class='ocrx_word' id='word_1_349' title='bbox 835 2936 925 3006; x_wconf 90' lang='lat' dir='ltr'>niam</span> <span class='ocrx_word' id='word_1_350' title='bbox 965 2954 1085 3005; x_wconf 90' lang='lat' dir='ltr'>terram</span> <span class='ocrx_word' id='word_1_351' title='bbox 1128 2937 1283 3007; x_wconf 92' lang='lat' dir='ltr'>accedens</span> <span class='ocrx_word' id='word_1_352' title='bbox 1327 2934 1493 3031; x_wconf 86' lang='lat' dir='ltr'>Belgicam</span> 
     </span>
     <span class='ocr_line' id='line_1_72' title="bbox 839 3033 1494 3115; baseline -0.002 -10"><span class='ocrx_word' id='word_1_353' title='bbox 839 3037 971 3105; x_wconf 88' lang='lat' dir='ltr'>classem</span> <span class='ocrx_word' id='word_1_354' title='bbox 1000 3034 1135 3104; x_wconf 83' lang='lat' dir='ltr'>obviam</span> <span class='ocrx_word' id='word_1_355' title='bbox 1166 3035 1265 3105; x_wconf 92' lang='lat' dir='ltr'>habet</span> <span class='ocrx_word' id='word_1_356' title='bbox 1288 3082 1299 3115; x_wconf 96' lang='lat'>,</span> <span class='ocrx_word' id='word_1_357' title='bbox 1323 3053 1356 3102; x_wconf 90' lang='lat' dir='ltr'>ct</span> <span class='ocrx_word' id='word_1_358' title='bbox 1380 3033 1494 3104; x_wconf 86' lang='lat' dir='ltr'>Caroli</span> 
     </span>
     <span class='ocr_line' id='line_1_73' title="bbox 838 3132 1496 3229; baseline -0.002 -26"><span class='ocrx_word' id='word_1_359' title='bbox 838 3133 984 3204; x_wconf 89' lang='lat' dir='ltr'>Caesaris</span> <span class='ocrx_word' id='word_1_360' title='bbox 1016 3133 1245 3227; x_wconf 88' lang='lat' dir='ltr'>Fernandique</span> <span class='ocrx_word' id='word_1_361' title='bbox 1259 3132 1366 3229; x_wconf 35' lang='lat' dir='ltr'>‚Regis</span> <span class='ocrx_word' id='word_1_362' title='bbox 1392 3137 1496 3229; x_wconf 86' lang='lat' dir='ltr'>Lega-</span> 
     </span>
     <span class='ocr_line' id='line_1_74' title="bbox 833 3231 1493 3321; baseline -0.005 -20"><span class='ocrx_word' id='word_1_363' title='bbox 833 3251 910 3301; x_wconf 92' lang='lat' dir='ltr'>tos.</span> <span class='ocrx_word' id='word_1_364' title='bbox 928 3237 974 3301; x_wconf 91' lang='lat'>11.</span> <span class='ocrx_word' id='word_1_365' title='bbox 986 3233 1071 3321; x_wconf 85' lang='lat'><strong>498.</strong></span> <span class='ocrx_word' id='word_1_366' title='bbox 1101 3239 1134 3303; x_wconf 91' lang='lat' dir='ltr'>A</span> <span class='ocrx_word' id='word_1_367' title='bbox 1162 3231 1350 3303; x_wconf 92' lang='lat' dir='ltr'>Britannico</span> <span class='ocrx_word' id='word_1_368' title='bbox 1373 3253 1493 3298; x_wconf 87' lang='lat' dir='ltr'>navar-</span> 
     </span>
     <span class='ocr_line' id='line_1_75' title="bbox 834 3326 1494 3427; baseline -0.005 -27"><span class='ocrx_word' id='word_1_369' title='bbox 834 3330 900 3400; x_wconf 91' lang='lat' dir='ltr'>cho</span> <span class='ocrx_word' id='word_1_370' title='bbox 919 3329 953 3399; x_wconf 91' lang='lat' dir='ltr'>in</span> <span class='ocrx_word' id='word_1_371' title='bbox 969 3337 1126 3401; x_wconf 91' lang='lat' dir='ltr'>Antonae</span> <span class='ocrx_word' id='word_1_372' title='bbox 1144 3349 1280 3427; x_wconf 93' lang='lat' dir='ltr'>portum</span> <span class='ocrx_word' id='word_1_373' title='bbox 1299 3326 1494 3397; x_wconf 88' lang='lat' dir='ltr'>devehitur.</span> 
     </span>
     <span class='ocr_line' id='line_1_76' title="bbox 833 3426 1494 3524; baseline -0.006 -25"><span class='ocrx_word' id='word_1_374' title='bbox 833 3433 879 3499; x_wconf 90' lang='lat' dir='ltr'>Il.</span> <span class='ocrx_word' id='word_1_375' title='bbox 892 3430 975 3518; x_wconf 90' lang='lat'><strong>498.</strong></span> <span class='ocrx_word' id='word_1_376' title='bbox 1004 3429 1226 3500; x_wconf 90' lang='lat' dir='ltr'>Unchestrum</span> <span class='ocrx_word' id='word_1_377' title='bbox 1247 3426 1385 3524; x_wconf 91' lang='lat' dir='ltr'>pedibus</span> <span class='ocrx_word' id='word_1_378' title='bbox 1413 3449 1494 3519; x_wconf 86' lang='lat' dir='ltr'>pro-</span> 
     </span>
     <span class='ocr_line' id='line_1_77' title="bbox 833 3525 1493 3625; baseline -0.003 -30"><span class='ocrx_word' id='word_1_379' title='bbox 833 3528 1007 3624; x_wconf 89' lang='lat' dir='ltr'>greditur.</span> <span class='ocrx_word' id='word_1_380' title='bbox 1032 3532 1078 3597; x_wconf 91' lang='lat' dir='ltr'>II.</span> <span class='ocrx_word' id='word_1_381' title='bbox 1095 3548 1189 3618; x_wconf 67' lang='lat'><strong>499.</strong></span> <span class='ocrx_word' id='word_1_382' title='bbox 1207 3525 1406 3625; x_wconf 88' lang='lat' dir='ltr'>Agamontis</span> <span class='ocrx_word' id='word_1_383' title='bbox 1418 3529 1493 3595; x_wconf 85' lang='lat' dir='ltr'>Co·</span> 
     </span>
     <span class='ocr_line' id='line_1_78' title="bbox 834 3623 1495 3719; baseline -0.003 -24"><span class='ocrx_word' id='word_1_384' title='bbox 834 3627 973 3707; x_wconf 89' lang='lat' dir='ltr'>mitem,</span> <span class='ocrx_word' id='word_1_385' title='bbox 997 3624 1272 3719; x_wconf 89' lang='lat' dir='ltr'>Rodericumque</span> <span class='ocrx_word' id='word_1_386' title='bbox 1289 3623 1495 3696; x_wconf 87' lang='lat' dir='ltr'>Gomezium</span> 
     </span>
     <span class='ocr_line' id='line_1_79' title="bbox 833 3722 1494 3820; baseline -0.005 -27"><span class='ocrx_word' id='word_1_387' title='bbox 833 3724 876 3793; x_wconf 92' lang='lat' dir='ltr'>ad</span> <span class='ocrx_word' id='word_1_388' title='bbox 904 3722 1068 3820; x_wconf 84' lang='lat' dir='ltr'>Reginam</span> <span class='ocrx_word' id='word_1_389' title='bbox 1097 3723 1224 3806; x_wconf 87' lang='lat' dir='ltr'>mittit,</span> <span class='ocrx_word' id='word_1_390' title='bbox 1253 3722 1311 3815; x_wconf 92' lang='lat' dir='ltr'>qui</span> <span class='ocrx_word' id='word_1_391' title='bbox 1331 3722 1494 3793; x_wconf 91' lang='lat' dir='ltr'>annulum</span> 
     </span>
     <span class='ocr_line' id='line_1_80' title="bbox 833 3817 1494 3917; baseline -0.005 -26"><span class='ocrx_word' id='word_1_392' title='bbox 833 3846 972 3891; x_wconf 86' lang='lat' dir='ltr'>aureum</span> <span class='ocrx_word' id='word_1_393' title='bbox 999 3825 1200 3917; x_wconf 88' lang='lat' dir='ltr'>sponsalium</span> <span class='ocrx_word' id='word_1_394' title='bbox 1223 3822 1351 3891; x_wconf 88' lang='lat' dir='ltr'>arrham</span> <span class='ocrx_word' id='word_1_395' title='bbox 1387 3817 1494 3915; x_wconf 82' lang='lat' dir='ltr'>perse·</span> 
     </span>
     <span class='ocr_line' id='line_1_81' title="bbox 832 3921 1494 4017; baseline -0.006 -25"><span class='ocrx_word' id='word_1_396' title='bbox 832 3940 929 3992; x_wconf 90' lang='lat' dir='ltr'>rant.</span> <span class='ocrx_word' id='word_1_397' title='bbox 954 3926 1000 3990; x_wconf 91' lang='lat' dir='ltr'>Il.</span> <span class='ocrx_word' id='word_1_398' title='bbox 1016 3941 1099 4011; x_wconf 85' lang='lat'><strong>499.</strong></span> <span class='ocrx_word' id='word_1_399' title='bbox 1132 3921 1296 4017; x_wconf 87' lang='lat' dir='ltr'>Reginam</span> <span class='ocrx_word' id='word_1_400' title='bbox 1324 3941 1494 4012; x_wconf 84' lang='lat' dir='ltr'>cumpat-</span> 
     </span>
     <span class='ocr_line' id='line_1_82' title="bbox 832 4016 1493 4115; baseline -0.005 -27"><span class='ocrx_word' id='word_1_401' title='bbox 832 4041 877 4088; x_wconf 76' lang='lat' dir='ltr'>vo</span> <span class='ocrx_word' id='word_1_402' title='bbox 892 4020 1056 4089; x_wconf 91' lang='lat' dir='ltr'>comitatu</span> <span class='ocrx_word' id='word_1_403' title='bbox 1077 4020 1229 4115; x_wconf 89' lang='lat' dir='ltr'>privatim</span> <span class='ocrx_word' id='word_1_404' title='bbox 1253 4019 1346 4101; x_wconf 93' lang='lat' dir='ltr'>adit,</span> <span class='ocrx_word' id='word_1_405' title='bbox 1365 4036 1398 4087; x_wconf 90' lang='lat' dir='ltr'>et</span> <span class='ocrx_word' id='word_1_406' title='bbox 1418 4016 1493 4086; x_wconf 88' lang='lat' dir='ltr'>Bri-</span> 
     </span>
     <span class='ocr_line' id='line_1_83' title="bbox 831 4117 1492 4204; baseline -0.008 -18"><span class='ocrx_word' id='word_1_407' title='bbox 831 4117 968 4188; x_wconf 91' lang='lat' dir='ltr'>tannieo</span> <span class='ocrx_word' id='word_1_408' title='bbox 1007 4142 1099 4189; x_wconf 89' lang='lat' dir='ltr'>more</span> <span class='ocrx_word' id='word_1_409' title='bbox 1141 4117 1289 4188; x_wconf 90' lang='lat' dir='ltr'>suaviat.</span> <span class='ocrx_word' id='word_1_410' title='bbox 1330 4120 1376 4187; x_wconf 93' lang='lat' dir='ltr'>Il.</span> <span class='ocrx_word' id='word_1_411' title='bbox 1408 4132 1492 4204; x_wconf 88' lang='lat'><strong>499.</strong></span> 
     </span>
     <span class='ocr_line' id='line_1_84' title="bbox 831 4214 1518 4311; baseline -0.009 -23"><span class='ocrx_word' id='word_1_412' title='bbox 831 4215 1005 4288; x_wconf 87' lang='lat' dir='ltr'>Matronas</span> <span class='ocrx_word' id='word_1_413' title='bbox 1035 4218 1133 4288; x_wconf 87' lang='lat' dir='ltr'>etiam</span> <span class='ocrx_word' id='word_1_414' title='bbox 1159 4239 1193 4287; x_wconf 88' lang='lat' dir='ltr'>et</span> <span class='ocrx_word' id='word_1_415' title='bbox 1221 4216 1322 4311; x_wconf 90' lang='lat' dir='ltr'>regias</span> <span class='ocrx_word' id='word_1_416' title='bbox 1352 4214 1518 4310; x_wconf 15' lang='lat' dir='ltr'>virgines&amp;</span> 
     </span>
     <span class='ocr_line' id='line_1_85' title="bbox 832 4314 1493 4413; baseline -0.008 -29"><span class='ocrx_word' id='word_1_417' title='bbox 832 4315 1021 4413; x_wconf 88' lang='lat' dir='ltr'>singillatim</span> <span class='ocrx_word' id='word_1_418' title='bbox 1035 4319 1166 4399; x_wconf 88' lang='lat' dir='ltr'>salutat,</span> <span class='ocrx_word' id='word_1_419' title='bbox 1183 4319 1428 4404; x_wconf 89' lang='lat' dir='ltr'>osculaturque.</span> <span class='ocrx_word' id='word_1_420' title='bbox 1447 4314 1493 4380; x_wconf 94' lang='lat' dir='ltr'>II.</span> 
     </span>
     <span class='ocr_line' id='line_1_86' title="bbox 829 4413 1494 4511; baseline -0.042 -8"><span class='ocrx_word' id='word_1_421' title='bbox 829 4433 912 4504; x_wconf 82' lang='lat'>499·</span> <span class='ocrx_word' id='word_1_422' title='bbox 946 4416 1074 4511; x_wconf 89' lang='lat' dir='ltr'>Magno</span> <span class='ocrx_word' id='word_1_423' title='bbox 1099 4414 1263 4484; x_wconf 90' lang='lat' dir='ltr'>comitatu</span> <span class='ocrx_word' id='word_1_424' title='bbox 1286 4413 1406 4482; x_wconf 92' lang='lat' dir='ltr'>iterum</span> <span class='ocrx_word' id='word_1_425' title='bbox 1424 4415 1494 4482; x_wconf 80' lang='lat' dir='ltr'>Re-</span> 
     </span>
     <span class='ocr_line' id='line_1_87' title="bbox 829 4511 1495 4611; baseline -0.003 -31"><span class='ocrx_word' id='word_1_426' title='bbox 829 4513 941 4611; x_wconf 88' lang='lat' dir='ltr'>ginam</span> <span class='ocrx_word' id='word_1_427' title='bbox 973 4516 1150 4583; x_wconf 87' lang='lat' dir='ltr'>salutatum</span> <span class='ocrx_word' id='word_1_428' title='bbox 1177 4511 1495 4607; x_wconf 85' lang='lat' dir='ltr'>progressus,Nea·</span> 
     </span>
     <span class='ocr_line' id='line_1_88' title="bbox 830 4609 1492 4709; baseline -0.009 -29"><span class='ocrx_word' id='word_1_429' title='bbox 830 4612 996 4709; x_wconf 89' lang='lat' dir='ltr'>politanus</span> <span class='ocrx_word' id='word_1_430' title='bbox 1025 4617 1101 4685; x_wconf 87' lang='lat' dir='ltr'>Rex</span> <span class='ocrx_word' id='word_1_431' title='bbox 1133 4610 1278 4683; x_wconf 88' lang='lat' dir='ltr'>Caesaris</span> <span class='ocrx_word' id='word_1_432' title='bbox 1309 4609 1492 4706; x_wconf 86' lang='lat' dir='ltr'>diplomate</span> 
     </span>
     <span class='ocr_line' id='line_1_89' title="bbox 830 4703 1495 4800; baseline -0.017 -17"><span class='ocrx_word' id='word_1_433' title='bbox 830 4711 970 4783; x_wconf 86' lang='lat' dir='ltr'>recitato</span> <span class='ocrx_word' id='word_1_434' title='bbox 991 4712 1171 4781; x_wconf 90' lang='lat' dir='ltr'>salutatur.</span> <span class='ocrx_word' id='word_1_435' title='bbox 1195 4715 1340 4799; x_wconf 80' lang='lat'><strong>11.499·</strong></span> <span class='ocrx_word' id='word_1_436' title='bbox 1374 4703 1495 4800; x_wconf 87' lang='lat' dir='ltr'>Regali</span> 
     </span>
    </p>
   </div>
   <div class='ocr_carea' id='block_1_11' title="bbox 832 4800 1495 4904">
    <p class='ocr_par' dir='ltr' id='par_1_11' title="bbox 832 4800 1495 4904">
     <span class='ocr_line' id='line_1_90' title="bbox 832 4800 1495 4904; baseline -0.02 -23"><span class='ocrx_word' id='word_1_437' title='bbox 832 4809 1031 4881; x_wconf 90' lang='lat' dir='ltr'>caerimonia</span> <span class='ocrx_word' id='word_1_438' title='bbox 1067 4810 1199 4904; x_wconf 90' lang='lat' dir='ltr'>nuptias</span> <span class='ocrx_word' id='word_1_439' title='bbox 1239 4809 1407 4878; x_wconf 89' lang='lat' dir='ltr'>celebrat.</span> <span class='ocrx_word' id='word_1_440' title='bbox 1448 4800 1495 4870; x_wconf 93' lang='lat' dir='ltr'>II.</span> 
     </span>
    </p>
   </div>
   <div class='ocr_carea' id='block_1_12' title="bbox 831 4905 1490 5070">
    <p class='ocr_par' dir='ltr' id='par_1_12' title="bbox 831 4905 1490 5070">
     <span class='ocr_line' id='line_1_91' title="bbox 831 4905 1490 5070; baseline -0.053 -69"><span class='ocrx_word' id='word_1_441' title='bbox 831 4931 908 5001; x_wconf 80' lang='lat'>509·</span> <span class='ocrx_word' id='word_1_442' title='bbox 943 4913 1035 4982; x_wconf 83' lang='lat' dir='ltr'>Cum</span> <span class='ocrx_word' id='word_1_443' title='bbox 1055 4909 1185 5009; x_wconf 84' lang='lat' dir='ltr'>Regina</span> <span class='ocrx_word' id='word_1_444' title='bbox 1204 4909 1321 4980; x_wconf 91' lang='lat' dir='ltr'>saltat.</span> <span class='ocrx_word' id='word_1_445' title='bbox 1345 4905 1390 4975; x_wconf 89' lang='lat' dir='ltr'>Il.</span> <span class='ocrx_word' id='word_1_446' title='bbox 1414 4920 1490 5070; x_wconf 59' lang='lat' dir='ltr'>{pp</span> 
     </span>
    </p>
   </div>
   <div class='ocr_carea' id='block_1_13' title="bbox 0 0 2026 5864">
    <p class='ocr_par' dir='ltr' id='par_1_13' title="bbox 0 0 2026 5864">
     <span class='ocr_line' id='line_1_92' title="bbox 0 0 2026 5864; baseline 0 1"><span class='ocrx_word' id='word_1_447' title='bbox 0 0 2026 5864; x_wconf 95' lang='lat' dir='ltr'> </span> 
     </span>
    </p>
   </div>
  </div>
 </body>
</html>
