4170 5866
515 379 599 495 146
878 386 963 469 nu
1003 383 1217 468 assus
1266 383 1492 466 cusrrs

542 559 686 655 XVII.
762 543 1016 687 Copiisin
1067 580 1201 647 castra
1253 543 1472 663 reductis,
1509 578 1586 684 per
1629 555 1791 645 totum
1843 540 1937 651 fere

471 699 590 801 diem
628 691 863 798 miserabili
897 689 1145 834 spectaculo
1181 686 1361 793 fuerunt
1397 730 1574 822 naues,
1611 730 1723 833 quae
1760 727 1936 834 tempe-

471 881 579 946 state
615 841 754 942 victae
791 840 847 939 ad
882 872 1037 938 tetram
1074 835 1397 957 allidebantur,
1429 874 1473 936 11
1509 873 1703 939 vectores
1739 877 1791 936 ac
1827 879 1935 940 nau·

471 1027 576 1107 tae,
614 986 694 1127 qui
730 985 890 1126 partim
926 977 1130 1082 fluctibus
1167 980 1357 1103 obruti,
1395 981 1555 1123 partim
1590 1025 1615 1083 a
1650 981 1934 1089 Nomadibus

471 1129 748 1275 equitibus,
784 1128 865 1268 qui
916 1126 1194 1228 occasionem
1246 1128 1521 1229 observantes
1574 1128 1692 1229 littus
1750 1125 1935 1230 obside

469 1274 613 1396 bant,
650 1269 872 1393 confossi,
910 1272 1032 1373 nullo
1068 1312 1120 1370 ex
1156 1271 1302 1374 castris
1336 1272 1502 1373 auxilio
1539 1270 1792 1390 submiss0,
1827 1313 1934 1414 pere

468 1420 622 1524 ibant
661 1433 790 1541 Quae
826 1457 938 1537 res,
967 1417 1058 1518 sive
1094 1418 1327 1520 consilium
1363 1419 1411 1518 id
1445 1411 1569 1538 fuit,
1606 1419 1695 1519 sive
1745 1417 1933 1525 mitten·

467 1568 517 1668 di
553 1563 818 1685 difficultas,
854 1495 1002 1664 multis
1037 1542 1224 1665 navibus
1260 1496 1604 1704 bominibusqite
1640 1564 1824 1663 salutem
1861 1601 1933 1666 at

467 1711 600 1812 tulit.
641 1720 764 1810 Nam
799 1745 920 1809 certo
956 1710 1184 1850 peticul0,
1222 1710 1280 1813 si
1303 1713 1364 1812 ad
1413 1745 1573 1811 tetram
1627 1704 1930 1830 deferrentur,

467 1855 651 1998 perculsi
706 1855 870 1974 multi,
907 1853 1180 2024 gravioribus
1216 1898 1266 1957 ac
1306 1856 1455 1956 minus
1504 1855 1748 1956 necessariis
1799 1853 1932 1955 rebus

466 2000 722 2101 sublevandi
758 1999 898 2143 gratia
933 2001 1145 2131 jactatis,
1182 2037 1227 2100 et
1262 2000 1445 2102 navium
1481 2000 1800 2162 quarumdam
1829 2038 1932 2099 suc-

466 2144 562 2245 cisis
598 2145 758 2265 malis,
788 2142 1080 2249 anchorarum
1116 2143 1333 2246 beneficio
1369 2145 1529 2245 servati
1564 2179 1692 2264 sunt,
1724 2143 1805 2284 qui
1841 2184 1933 2246 sese

467 2291 609 2391 ventis
662 2330 711 2390 ac
748 2286 1006 2410 fortunae,
1053 2290 1185 2453 ..siqua
1234 2291 1338 2391 inde
1387 2328 1480 2432 spes
1524 2286 1792 2408 affulsisset,
1826 2327 1935 2390 cum

466 2471 589 2534 1111ο
624 2434 807 2535 navium
843 2471 886 2535 et
921 2434 1106 2598 ancipiti
1141 2433 1380 2536 hominum
1430 2433 1678 2535 discrimine
1732 2432 1935 2535 commi

464 2577 649 2698 sissent,
687 2615 738 2678 ut
774 2579 961 2743 quidam
1006 2579 1069 2680 rei
1104 2581 1302 2681 nauticae
1354 2578 1716 2720 gubernandique
1767 2615 1942 2719 parunt

464 2723 631 2887 periti,
660 2724 926 2864 tempestatis
962 2723 1188 2825 saevitiam
1224 2723 1422 2825 sustineri
1458 2763 1583 2866 posse
1620 2723 1933 2864 desperantes,

463 2866 596 2968 initio
630 2861 1034 3008 feceruntt‘·1taque
1070 2871 1233 3011 partim
1269 2868 1511 2971 temeritate
1548 2904 1592 2969 et
1629 2906 1802 2989 errore,
1826 2907 1937 3008 pat

463 3010 550 3111 tim
586 3012 783 3112 anchoris
835 3013 1106 3154 pertractis,
1142 3053 1216 3118 aut
1250 3010 1428 3115 funibus
1478 3009 1743 3114 anchorariis
1796 3010 1932 3114 abru-

460 3155 586 3316 ptis,
622 3154 786 3255 multae
820 3197 953 3257 naves
1003 3158 1225 3303 multique
1259 3158 1473 3260 mortales
1502 3158 1749 3300 perierunt.
1804 3166 1928 3262 Nam

459 3299 636 3400 minora
671 3300 850 3442 navigia
883 3298 972 3402 fere
1006 3304 1162 3405 omnia
1196 3340 1238 3404 et
1274 3302 1512 3407 mediocria
1548 3302 1761 3404 nonnulla
1810 3339 1926 3406 tem·

494 3444 618 3545 cstati
654 3482 904 3564 cesserunt,
941 3488 992 3547 ex
1028 3448 1267 3579 majoribus
1303 3487 1497 3589 paucae,
1533 3488 1586 3548 ex
1621 3446 1764 3588 longis
1800 3448 1928 3551 navi·

457 3481 542 3694 bus
567 3590 935 3732 quatuordecim,
957 3586 1043 3693 fere
1066 3631 1220 3694 omnes
1254 3594 1421 3693 Italicae
1457 3591 1623 3712 classis,
1637 3592 1926 3696 desideratae:

459 3733 719 3874 Hispanicas
755 3776 873 3839 1111111
909 3736 1147 3840 duodecim
1184 3737 1327 3878 pridie
1361 3669 1647 3838 Bernatdintis
1693 3739 1750 3840 ad
1785 3739 1927 3841 Cari

457 3913 535 3976 nas
585 3877 884 4021 tutioremque
934 3882 1084 3982 locum
1133 3885 1381 3985 reduxerat.
1437 3884 1519 3983 Sed
1562 3915 1694 3981 nocte
1735 3960 1751 4003 ,
1808 3924 1927 4025 quae

455 4016 577 4123 1111111
613 4022 731 4125 diem
767 4022 953 4127 navibus
990 4024 1197 4129 omnibus
1233 4028 1366 4168 longe
1417 4025 1727 4168 gravissimum
1779 4068 1928 4130 secuta

455 4205 553 4288 est,
588 4204 828 4271 ventorum
864 4211 915 4273 ac
950 4170 1164 4274 fluctuum
1208 4171 1388 4275 saevitia
1423 4211 1466 4271 se
1502 4171 1718 4311 paulatim
1763 4175 1928 4277 temit-

456 4346 610 4433 tente,
648 4315 859 4454 postridie
894 4355 1023 4417 naves
1060 4318 1255 4462 longae,
1292 4315 1484 4417 sublatis
1504 4314 1702 4418 anchoris
1737 4317 1795 4415 ad
1835 4354 1926 4421 ter·

453 4493 581 4576 r,am
617 4461 734 4558 unde
769 4498 1026 4602 tempestate
1063 4499 1291 4604 appetente
1344 4462 1394 4562 in
1444 4463 1583 4563 altum
1633 4499 1925 4583 recesserant,

450 4636 592 4741 prope
629 4639 764 4703 castra
799 4610 1000 4710 accedere
1035 4644 1306 4747 coeperunt3
1342 4607 1415 4706 sed
1453 4606 1712 4748 praetoria,
1743 4606 1790 4704 in
1829 4646 1923 4747 qua

451 4783 495 4844 sc
531 4747 727 4848 Andreas
778 4752 1072 4874 continebat,
1107 4750 1315 4855 tormenti
1351 4750 1443 4851 telo
1496 4792 1548 4852 ex
1583 4750 1763 4894 Argelia
1814 4789 1921 4890 per-

1815 4933 1920 4995 cus-
