4124 5880
509 391 569 505 76
910 403 993 484 ou
1034 399 1236 482 nauus
1277 395 1498 477 ousrts

467 599 539 664 tut
575 555 892 661 incunctantius
930 590 972 655 et
1007 553 1256 697 diligentius
1304 553 1356 652 iis
1393 549 1694 654 incommodis
1731 554 1927 677 mederi,

470 747 585 850 quae
622 703 843 804 necessitas
879 698 1133 803 attulisset:
1169 696 1337 798 hortari
1374 736 1619 838 rogareque
1655 737 1730 797 eos
1767 738 1848 839 pto
1885 702 1930 801 i·

469 889 651 995 psotum
695 883 738 947 et
773 843 1047 965 civitatum,
1082 884 1108 941 a
1143 840 1305 983 quibus
1342 841 1461 943 missi
1497 877 1669 961 essent,
1706 881 1930 984 perspecta

470 997 696 1096 voluntate
740 1027 784 1090 et
820 989 966 1120 studio
1022 987 1069 1086 in
1104 986 1254 1129 Regni
1302 983 1477 1087 bonurn
1520 984 1750 1127 publicum
1797 1026 1929 1130 atque

469 1139 661 1280 Regiam
698 1123 1006 1265 majestatem,
1040 1168 1089 1230 ut
1124 1172 1212 1271 qua
1253 1131 1443 1230 maxime
1484 1129 1653 1230 tatione
1701 1128 1787 1230 hoc
1831 1133 1930 1236 fieti

469 1323 519 1383 ac
556 1278 778 1421 provideri
814 1313 988 1417 posset,
1010 1274 1344 1393 communicatis
1381 1274 1601 1393 consiliis,
1624 1271 1759 1375 ctiam
1795 1312 1930 1419 atque

469 1427 603 1526 etiam
639 1421 957 1523 considerarent
991 1454 1034 1523 at
1067 1416 1404 1520 constituerent.

530 1579 624 1668 VII.
686 1563 901 1664 Postridie
932 1600 1037 1662 cum
1060 1560 1317 1703 Episcopis,
1344 1563 1506 1704 dieque
1533 1558 1661 1663 tertio
1693 1601 1795 1665 cum
1822 1604 1930 1708 pro-

466 1708 640 1811 ceribus
674 1711 834 1807 eodem
868 1702 958 1806 fere
994 1707 1135 1805 modo
1171 1743 1318 1805 actum
1354 1740 1443 1825 est,
1464 1742 1598 1847 atque
1635 1710 1788 1807 eadem
1825 1746 1930 1810 ora-

472 1855 577 1974 tio,
614 1851 762 1993 paucis
797 1850 1013 1969 mutatis,
1049 1846 1225 1951 habita.
1265 1858 1351 1951 Pro
1387 1850 1612 1990 Episcopis
1655 1851 1928 1974 Toletanus,

472 2033 523 2094 ut
559 1997 755 2137 primum
798 1994 946 2094 locum
992 1990 1209 2111 tenebat,
1252 2033 1457 2094 concessu
1500 1994 1706 2095 omnium
1741 2033 1930 2137 respon-

472 2138 569 2258 dit,
592 2177 636 2239 et
671 2178 751 2281 pro
787 2137 1091 2280 magnitudine
1128 2136 1386 2240 meritorum
1421 2138 1570 2239 Caroli
1604 2137 1652 2236 in
1687 2137 1812 2240 illum
1849 2180 1929 2240 or-

473 2282 623 2383 dinem
666 2322 883 2424 perquam
925 2277 1161 2380 liberaliter
1205 2316 1267 2380 est
1303 2280 1552 2422 pollicitus.
1602 2288 1802 2384 Proceres
1845 2325 1928 2383 au-

351 2427 352 2430 *
471 2458 602 2537 tem,
638 2463 912 2567 quamquam
954 2425 1067 2524 intet
1117 2465 1191 2524 eos
1232 2465 1358 2525 more
1399 2435 1623 2556 majorum
1664 2426 1801 2526 nullus
1843 2467 1929 2528 nec

472 2567 732 2670 considendi
768 2608 848 2669 nec
883 2569 1071 2711 rogandi
1106 2569 1338 2669 sententias
1372 2570 1596 2711 legitimus
1631 2573 1744 2672 ordo
1781 2610 1929 2671 serva-

472 2709 639 2833 batur,
675 2713 760 2813 nisi
810 2749 943 2854 prout
989 2712 1176 2852 quisque
1226 2713 1375 2813 locum
1418 2749 1703 2856 occupasset,
1740 2715 1930 2855 quidam

471 2889 618 2957 tamen
654 2899 708 2958 eo
744 2856 815 2956 die
851 2857 1048 2997 primum
1084 2858 1234 2957 locum
1269 2894 1312 2957 et
1347 2859 1649 2960 auctoritatem
1666 2912 1667 2917 Ν
1685 2855 1769 2958 sibi
1804 2859 1927 2998 quis-

473 3038 561 3138 que
588 3000 809 3100 vindicare
845 3000 1077 3101 ambitiose
1113 3004 1459 3103 contenderunt.
1498 3012 1621 3103 Nam
1655 3041 1758 3102 cum
1788 3015 1929 3104 Caro-

472 3140 539 3240 lus
569 3140 704 3241 linem
730 3144 904 3243 dicendi
926 3137 1121 3264 fecisset,
1146 3144 1345 3246 otdiente
1371 3143 1658 3250 Comestabili
1684 3186 1758 3247 sua
1793 3185 1931 3287 spon-

472 3317 515 3382 te
550 3288 807 3425 respondere
843 3326 927 3427 pto
969 3287 1164 3408 cunctis,
1203 3330 1253 3388 ac
1295 3288 1526 3390 liberaliter
1562 3289 1756 3430 polliceri
1791 3329 1802 3396 3
1840 3284 1932 3389 Al-

472 3423 584 3547 bae,
622 3424 830 3530 Infantati
861 3508 875 3550 ,
912 3465 956 3530 et
992 3432 1198 3531 Scalonae
1234 3443 1417 3555 Duces,
1454 3435 1647 3573 itemque
1690 3431 1932 3535 Beneventi

472 3580 666 3693 Comes,
686 3599 930 3674 sermonem
967 3583 1058 3708 ejus
1094 3575 1443 3714 interpellantes„
1481 3578 1600 3678 idem
1637 3572 1806 3678 efficere
1844 3617 1930 3718 pro

472 3750 516 3811 se
553 3717 736 3855 quisque
771 3717 1058 3819 nitebantur:
1093 3760 1184 3859 quo
1222 3721 1524 3821 animadverso
1564 3721 1779 3840 Carolus,
1806 3756 1931 3822 tace-

471 3893 517 3954 re
544 3897 694 3958 omnes
729 3860 893 3991 jubet,
928 3903 1008 3962 nec
1034 3863 1152 3963 enim
1190 3903 1233 3962 se
1268 3904 1525 4006 responsum
1559 3864 1703 3965 abeis
1739 3901 1816 3965 aut
1852 3907 1931 3966 ex·

472 4037 662 4140 spectare
683 4080 698 4121 ,
716 4041 791 4103 aut
826 4002 910 4104 sibi
955 4005 1050 4104 dari
1073 4007 1224 4127 -velle,
1252 4009 1336 4107 nisi
1373 4048 1446 4126 te,
1466 4010 1521 4107 de
1557 4048 1647 4148 qua
1682 4005 1832 4110 fuisset
1867 4047 1932 4109 te-

470 4141 608 4245 latum
623 4223 637 4265 ,
652 4147 912 4278 deliberata.
952 4149 1078 4248 Locis
1104 4152 1158 4250 ad
1199 4151 1532 4252 consultandum
1569 4153 1617 4252 in
1645 4149 1751 4252 fano
1777 4161 1932 4288 Joan-

470 4288 577 4408 nis,
617 4292 740 4429 quod
776 4294 930 4428 Regum
964 4294 1343 4435 cognominatur,
1383 4296 1615 4435 separatim
1670 4294 1897 4395 destinatis
1911 4375 1930 4418 ,

469 4468 571 4528 cum
606 4434 835 4535 civitatum
869 4435 1001 4576 legati
1035 4439 1084 4537 in
1121 4478 1243 4541 suam
1279 4439 1446 4539 curiam
1482 4438 1809 4555 convenissent,
1843 4476 1930 4538 va·

466 4573 555 4673 tiae
591 4579 820 4677 sententiae
848 4579 988 4678 dictae
1025 4617 1154 4696 sunt,
1186 4622 1274 4720 qua
1311 4581 1592 4720 potissimum
1627 4582 1790 4683 tatione
1826 4617 1929 4683 tan-

465 4715 519 4817 tis
553 4755 698 4821 rerum
738 4721 951 4864 angustiis·
981 4757 1025 4822 et
1059 4717 1388 4826 difficultatibus
1424 4727 1595 4827 consuli
1630 4765 1756 4866 posse
1791 4726 1924 4826 vide·

1846 4907 1919 4969 te-
