<?xml version="1.0" encoding="UTF-8"?>
<!DOCTYPE html PUBLIC "-//W3C//DTD XHTML 1.0 Transitional//EN"
    "http://www.w3.org/TR/xhtml1/DTD/xhtml1-transitional.dtd">
<html xmlns="http://www.w3.org/1999/xhtml" xml:lang="en" lang="en">
 <head>
  <title>
</title>
<meta http-equiv="Content-Type" content="text/html;charset=utf-8" />
  <meta name='ocr-system' content='tesseract 3.04.00' />
  <meta name='ocr-capabilities' content='ocr_page ocr_carea ocr_par ocr_line ocrx_word'/>
</head>
<body>
  <div class='ocr_page' id='page_1' title='image "./joannisgenesiis00sepgoog_0242.png"; bbox 0 0 4170 5866; ppageno 0'>
   <div class='ocr_carea' id='block_1_1' title="bbox 123 417 1501 724">
    <p class='ocr_par' dir='ltr' id='par_1_1' title="bbox 123 417 1501 724">
     <span class='ocr_line' id='line_1_1' title="bbox 417 417 1457 534; baseline 0.008 -35"><span class='ocrx_word' id='word_1_1' title='bbox 417 418 664 499; x_wconf 76' lang='lat' dir='ltr'>canori</span> <span class='ocrx_word' id='word_1_2' title='bbox 707 417 760 497; x_wconf 83' lang='lat' dir='ltr'>v.</span> <span class='ocrx_word' id='word_1_3' title='bbox 804 422 919 500; x_wconf 71' lang='grc' dir='ltr'>ιιι.</span> <span class='ocrx_word' id='word_1_4' title='bbox 953 426 1104 504; x_wconf 83' lang='grc' dir='ltr'>ιιιιιι.</span> <span class='ocrx_word' id='word_1_5' title='bbox 1373 446 1457 534; x_wconf 80' lang='lat'>207</span> 
     </span>
     <span class='ocr_line' id='line_1_2' title="bbox 123 575 1501 724; baseline 0.008 -42"><span class='ocrx_word' id='word_1_6' title='bbox 123 620 165 682; x_wconf 92' lang='lat' dir='ltr'>us</span> <span class='ocrx_word' id='word_1_7' title='bbox 219 575 372 724; x_wconf 86' lang='lat' dir='ltr'>praelii</span> <span class='ocrx_word' id='word_1_8' title='bbox 422 577 659 679; x_wconf 81' lang='lat' dir='ltr'>discrimen</span> <span class='ocrx_word' id='word_1_9' title='bbox 710 577 958 700; x_wconf 82' lang='lat' dir='ltr'>adducere,</span> <span class='ocrx_word' id='word_1_10' title='bbox 992 616 1207 685; x_wconf 80' lang='lat' dir='ltr'>extremae</span> <span class='ocrx_word' id='word_1_11' title='bbox 1254 589 1501 693; x_wconf 89' lang='lat' dir='ltr'>dementiae</span> 
     </span>
    </p>
   </div>
   <div class='ocr_carea' id='block_1_2' title="bbox 122 868 1551 4787">
    <p class='ocr_par' dir='ltr' id='par_1_2' title="bbox 122 868 1551 4770">
     <span class='ocr_line' id='line_1_3' title="bbox 123 868 1499 1010; baseline 0.006 -37"><span class='ocrx_word' id='word_1_12' title='bbox 123 879 210 973; x_wconf 78' lang='lat' dir='ltr'><strong>[XI.</strong></span> <span class='ocrx_word' id='word_1_13' title='bbox 285 868 667 991; x_wconf 18' lang='lat' dir='ltr'>Hostes-Carolus</span> <span class='ocrx_word' id='word_1_14' title='bbox 702 868 758 968; x_wconf 92' lang='lat' dir='ltr'>ad</span> <span class='ocrx_word' id='word_1_15' title='bbox 796 907 1001 1010; x_wconf 81' lang='lat' dir='ltr'>passuum</span> <span class='ocrx_word' id='word_1_16' title='bbox 1037 869 1175 974; x_wconf 91' lang='lat' dir='ltr'>millia</span> <span class='ocrx_word' id='word_1_17' title='bbox 1210 874 1379 978; x_wconf 86' lang='lat' dir='ltr'>circiter</span> <span class='ocrx_word' id='word_1_18' title='bbox 1414 919 1499 981; x_wconf 86' lang='lat' dir='ltr'>no·</span> 
     </span>
     <span class='ocr_line' id='line_1_4' title="bbox 122 1013 1503 1142; baseline 0.005 -25"><span class='ocrx_word' id='word_1_19' title='bbox 122 1059 142 1117; x_wconf 90' lang='grc' dir='ltr'>ι</span> <span class='ocrx_word' id='word_1_20' title='bbox 179 1016 447 1134; x_wconf 89' lang='lat' dir='ltr'>insectatus,</span> <span class='ocrx_word' id='word_1_21' title='bbox 482 1013 530 1113; x_wconf 91' lang='lat' dir='ltr'>in</span> <span class='ocrx_word' id='word_1_22' title='bbox 565 1050 700 1119; x_wconf 87' lang='lat' dir='ltr'>castra</span> <span class='ocrx_word' id='word_1_23' title='bbox 734 1017 789 1114; x_wconf 89' lang='lat' dir='ltr'>ad</span> <span class='ocrx_word' id='word_1_24' title='bbox 825 1015 1164 1118; x_wconf 88' lang='lat' dir='ltr'>Cambtasinum</span> <span class='ocrx_word' id='word_1_25' title='bbox 1202 1024 1415 1142; x_wconf 89' lang='lat' dir='ltr'>revertit,</span> <span class='ocrx_word' id='word_1_26' title='bbox 1452 1065 1503 1124; x_wconf 93' lang='lat' dir='ltr'>e-</span> 
     </span>
     <span class='ocr_line' id='line_1_5' title="bbox 123 1159 1501 1330; baseline 0.007 -71.094"><span class='ocrx_word' id='word_1_27' title='bbox 123 1159 235 1260; x_wconf 84' lang='lat' dir='ltr'>tibus</span> <span class='ocrx_word' id='word_1_28' title='bbox 271 1197 375 1260; x_wconf 90' lang='lat' dir='ltr'>cum</span> <span class='ocrx_word' id='word_1_29' title='bbox 411 1159 509 1259; x_wconf 89' lang='lat' dir='ltr'>satis</span> <span class='ocrx_word' id='word_1_30' title='bbox 552 1198 717 1298; x_wconf 85' lang='lat' dir='ltr'>magna</span> <span class='ocrx_word' id='word_1_31' title='bbox 754 1159 912 1300; x_wconf 88' lang='lat' dir='ltr'>praeda</span> <span class='ocrx_word' id='word_1_32' title='bbox 938 1199 1187 1323; x_wconf 90' lang='lat' dir='ltr'>equorum</span> <span class='ocrx_word' id='word_1_33' title='bbox 1225 1200 1267 1264; x_wconf 92' lang='lat' dir='ltr'>et</span> <span class='ocrx_word' id='word_1_34' title='bbox 1304 1167 1501 1330; x_wconf 83' lang='lat' dir='ltr'>impedi-</span> 
     </span>
     <span class='ocr_line' id='line_1_6' title="bbox 123 1301 1502 1452; baseline 0.007 -48"><span class='ocrx_word' id='word_1_35' title='bbox 123 1339 294 1404; x_wconf 76' lang='lat' dir='ltr'>storum</span> <span class='ocrx_word' id='word_1_36' title='bbox 329 1301 752 1442; x_wconf 88' lang='lat' dir='ltr'>subsequentibus,</span> <span class='ocrx_word' id='word_1_37' title='bbox 741 1343 789 1403; x_wconf 90' lang='lat' dir='ltr'>m</span> <span class='ocrx_word' id='word_1_38' title='bbox 827 1301 971 1405; x_wconf 86' lang='lat' dir='ltr'>castris</span> <span class='ocrx_word' id='word_1_39' title='bbox 1009 1344 1190 1447; x_wconf 90' lang='lat' dir='ltr'>quoque</span> <span class='ocrx_word' id='word_1_40' title='bbox 1217 1311 1371 1452; x_wconf 83' lang='lat' dir='ltr'>Regiis</span> <span class='ocrx_word' id='word_1_41' title='bbox 1409 1350 1502 1413; x_wconf 91' lang='lat' dir='ltr'>ma</span> 
     </span>
     <span class='ocr_line' id='line_1_7' title="bbox 123 1442 1507 1591; baseline 0.007 -43.267"><span class='ocrx_word' id='word_1_42' title='bbox 123 1447 227 1548; x_wconf 88' lang='lat' dir='ltr'>vis</span> <span class='ocrx_word' id='word_1_43' title='bbox 265 1447 412 1551; x_wconf 91' lang='lat' dir='ltr'>moliti</span> <span class='ocrx_word' id='word_1_44' title='bbox 447 1442 655 1548; x_wconf 85' lang='lat' dir='ltr'>frumenti</span> <span class='ocrx_word' id='word_1_45' title='bbox 682 1488 732 1548; x_wconf 90' lang='lat' dir='ltr'>ac</span> <span class='ocrx_word' id='word_1_46' title='bbox 759 1447 853 1548; x_wconf 84' lang='lat' dir='ltr'>vini</span> <span class='ocrx_word' id='word_1_47' title='bbox 891 1484 933 1548; x_wconf 94' lang='lat' dir='ltr'>et</span> <span class='ocrx_word' id='word_1_48' title='bbox 970 1452 1240 1591; x_wconf 89' lang='lat' dir='ltr'>reliquorum</span> <span class='ocrx_word' id='word_1_49' title='bbox 1277 1495 1507 1557; x_wconf 86' lang='lat' dir='ltr'>commea-</span> 
     </span>
     <span class='ocr_line' id='line_1_8' title="bbox 122 1592 1504 1754; baseline 0.007 -61"><span class='ocrx_word' id='word_1_50' title='bbox 122 1635 169 1693; x_wconf 96' lang='lat' dir='ltr'>m</span> <span class='ocrx_word' id='word_1_51' title='bbox 196 1627 393 1733; x_wconf 86' lang='lat' dir='ltr'>reperta</span> <span class='ocrx_word' id='word_1_52' title='bbox 432 1594 506 1691; x_wconf 90' lang='lat' dir='ltr'>Ad</span> <span class='ocrx_word' id='word_1_53' title='bbox 532 1592 830 1692; x_wconf 91' lang='lat' dir='ltr'>Crevecollem</span> <span class='ocrx_word' id='word_1_54' title='bbox 866 1631 1116 1754; x_wconf 73' lang='lat' dir='ltr'>progressus</span> <span class='ocrx_word' id='word_1_55' title='bbox 1147 1598 1360 1720; x_wconf 88' lang='lat' dir='ltr'>Carolus,</span> <span class='ocrx_word' id='word_1_56' title='bbox 1401 1615 1504 1702; x_wconf 87' lang='lat' dir='ltr'>Ger</span> 
     </span>
     <span class='ocr_line' id='line_1_9' title="bbox 123 1734 1507 1880; baseline 0.006 -42"><span class='ocrx_word' id='word_1_57' title='bbox 123 1737 185 1838; x_wconf 87' lang='lat' dir='ltr'>nis</span> <span class='ocrx_word' id='word_1_58' title='bbox 236 1734 443 1836; x_wconf 89' lang='lat' dir='ltr'>omnibus</span> <span class='ocrx_word' id='word_1_59' title='bbox 498 1737 755 1836; x_wconf 84' lang='lat' dir='ltr'>missionem</span> <span class='ocrx_word' id='word_1_60' title='bbox 806 1736 928 1837; x_wconf 87' lang='lat' dir='ltr'>dedit</span> <span class='ocrx_word' id='word_1_61' title='bbox 964 1815 978 1857; x_wconf 90' lang='lat'>,</span> <span class='ocrx_word' id='word_1_62' title='bbox 1016 1777 1186 1880; x_wconf 87' lang='lat' dir='ltr'>praeter</span> <span class='ocrx_word' id='word_1_63' title='bbox 1235 1745 1372 1845; x_wconf 86' lang='lat' dir='ltr'>millia</span> <span class='ocrx_word' id='word_1_64' title='bbox 1423 1747 1507 1846; x_wconf 90' lang='lat' dir='ltr'>tria</span> 
     </span>
     <span class='ocr_line' id='line_1_10' title="bbox 123 1879 1507 2020; baseline 0.007 -39"><span class='ocrx_word' id='word_1_65' title='bbox 123 1881 262 2007; x_wconf 89' lang='lat' dir='ltr'>esidio</span> <span class='ocrx_word' id='word_1_66' title='bbox 299 1880 525 1982; x_wconf 88' lang='lat' dir='ltr'>Cameraci</span> <span class='ocrx_word' id='word_1_67' title='bbox 561 1881 709 1982; x_wconf 90' lang='lat' dir='ltr'>relicta</span> <span class='ocrx_word' id='word_1_68' title='bbox 725 1920 876 2020; x_wconf 90' lang='lat' dir='ltr'>,quae</span> <span class='ocrx_word' id='word_1_69' title='bbox 913 1882 1021 1983; x_wconf 92' lang='lat' dir='ltr'>olim</span> <span class='ocrx_word' id='word_1_70' title='bbox 1058 1879 1364 1989; x_wconf 87' lang='lat' dir='ltr'>Samarobrina</span> <span class='ocrx_word' id='word_1_71' title='bbox 1399 1885 1507 1990; x_wconf 89' lang='lat' dir='ltr'>fuis</span> 
     </span>
     <span class='ocr_line' id='line_1_11' title="bbox 124 2025 1510 2173; baseline 0.004 -46"><span class='ocrx_word' id='word_1_72' title='bbox 124 2060 328 2166; x_wconf 88' lang='lat' dir='ltr'>putatur</span> <span class='ocrx_word' id='word_1_73' title='bbox 380 2026 486 2126; x_wconf 93' lang='lat' dir='ltr'>Hoc</span> <span class='ocrx_word' id='word_1_74' title='bbox 522 2025 641 2125; x_wconf 89' lang='lat' dir='ltr'>enim</span> <span class='ocrx_word' id='word_1_75' title='bbox 677 2026 932 2165; x_wconf 87' lang='lat' dir='ltr'>oppidum,</span> <span class='ocrx_word' id='word_1_76' title='bbox 970 2029 1094 2168; x_wconf 92' lang='lat' dir='ltr'>quod</span> <span class='ocrx_word' id='word_1_77' title='bbox 1145 2066 1208 2129; x_wconf 88' lang='lat' dir='ltr'>est</span> <span class='ocrx_word' id='word_1_78' title='bbox 1258 2031 1307 2131; x_wconf 91' lang='lat' dir='ltr'>in</span> <span class='ocrx_word' id='word_1_79' title='bbox 1343 2034 1510 2173; x_wconf 85' lang='lat' dir='ltr'>Regiae</span> 
     </span>
     <span class='ocr_line' id='line_1_12' title="bbox 123 2169 1508 2333; baseline 0.011 -65.033"><span class='ocrx_word' id='word_1_80' title='bbox 123 2171 206 2270; x_wconf 88' lang='lat' dir='ltr'>liae</span> <span class='ocrx_word' id='word_1_81' title='bbox 240 2169 549 2333; x_wconf 84' lang='lat' dir='ltr'>Flandriaeque</span> <span class='ocrx_word' id='word_1_82' title='bbox 598 2169 833 2289; x_wconf 86' lang='lat' dir='ltr'>confinio,</span> <span class='ocrx_word' id='word_1_83' title='bbox 868 2171 922 2269; x_wconf 90' lang='lat' dir='ltr'>ad</span> <span class='ocrx_word' id='word_1_84' title='bbox 958 2172 1195 2314; x_wconf 86' lang='lat' dir='ltr'>Imperium</span> <span class='ocrx_word' id='word_1_85' title='bbox 1248 2186 1508 2283; x_wconf 87' lang='lat' dir='ltr'>Romanum</span> 
     </span>
     <span class='ocr_line' id='line_1_13' title="bbox 122 2314 1510 2478; baseline 0.005 -63"><span class='ocrx_word' id='word_1_86' title='bbox 122 2314 267 2435; x_wconf 89' lang='lat' dir='ltr'>tinet,</span> <span class='ocrx_word' id='word_1_87' title='bbox 305 2315 512 2478; x_wconf 80' lang='lat' dir='ltr'>privatim</span> <span class='ocrx_word' id='word_1_88' title='bbox 547 2349 694 2414; x_wconf 91' lang='lat' dir='ltr'>tamen</span> <span class='ocrx_word' id='word_1_89' title='bbox 729 2315 989 2455; x_wconf 90' lang='lat' dir='ltr'>Episcop0,</span> <span class='ocrx_word' id='word_1_90' title='bbox 1025 2356 1120 2418; x_wconf 93' lang='lat' dir='ltr'>non</span> <span class='ocrx_word' id='word_1_91' title='bbox 1157 2319 1297 2420; x_wconf 91' lang='lat' dir='ltr'>solum</span> <span class='ocrx_word' id='word_1_92' title='bbox 1345 2359 1395 2421; x_wconf 90' lang='lat' dir='ltr'>ut</span> <span class='ocrx_word' id='word_1_93' title='bbox 1429 2334 1510 2422; x_wconf 86' lang='lat' dir='ltr'>Sa-</span> 
     </span>
     <span class='ocr_line' id='line_1_14' title="bbox 124 2459 1510 2621; baseline 0.004 -62"><span class='ocrx_word' id='word_1_94' title='bbox 124 2499 223 2559; x_wconf 91' lang='lat' dir='ltr'>rum</span> <span class='ocrx_word' id='word_1_95' title='bbox 260 2459 500 2583; x_wconf 85' lang='lat' dir='ltr'>Antistiti,</span> <span class='ocrx_word' id='word_1_96' title='bbox 525 2460 613 2558; x_wconf 90' lang='lat' dir='ltr'>sed</span> <span class='ocrx_word' id='word_1_97' title='bbox 648 2459 779 2557; x_wconf 88' lang='lat' dir='ltr'>etiam</span> <span class='ocrx_word' id='word_1_98' title='bbox 814 2496 863 2558; x_wconf 93' lang='lat' dir='ltr'>ut</span> <span class='ocrx_word' id='word_1_99' title='bbox 899 2459 1093 2601; x_wconf 90' lang='lat' dir='ltr'>Principi</span> <span class='ocrx_word' id='word_1_100' title='bbox 1118 2499 1297 2621; x_wconf 88' lang='lat' dir='ltr'>parer·</span> <span class='ocrx_word' id='word_1_101' title='bbox 1289 2531 1301 2573; x_wconf 79' lang='lat'>‚</span> <span class='ocrx_word' id='word_1_102' title='bbox 1335 2467 1408 2565; x_wconf 87' lang='lat' dir='ltr'>sed</span> <span class='ocrx_word' id='word_1_103' title='bbox 1447 2461 1510 2564; x_wconf 91' lang='lat' dir='ltr'>ob</span> 
     </span>
     <span class='ocr_line' id='line_1_15' title="bbox 122 2534 1511 2749; baseline 0.004 -47"><span class='ocrx_word' id='word_1_104' title='bbox 122 2645 143 2702; x_wconf 83' lang='grc' dir='ltr'>ι</span> <span class='ocrx_word' id='word_1_105' title='bbox 179 2642 272 2703; x_wconf 91' lang='lat' dir='ltr'>rem</span> <span class='ocrx_word' id='word_1_106' title='bbox 308 2605 354 2704; x_wconf 91' lang='lat' dir='ltr'>id</span> <span class='ocrx_word' id='word_1_107' title='bbox 383 2534 568 2705; x_wconf 77' lang='lat' dir='ltr'>Carcilus</span> <span class='ocrx_word' id='word_1_108' title='bbox 605 2601 864 2743; x_wconf 90' lang='lat' dir='ltr'>occupavit,</span> <span class='ocrx_word' id='word_1_109' title='bbox 921 2606 1012 2703; x_wconf 92' lang='lat' dir='ltr'>uod</span> <span class='ocrx_word' id='word_1_110' title='bbox 1048 2604 1352 2747; x_wconf 87' lang='lat' dir='ltr'>Episcopum,</span> <span class='ocrx_word' id='word_1_111' title='bbox 1375 2648 1511 2749; x_wconf 90' lang='lat' dir='ltr'>quem</span> 
     </span>
     <span class='ocr_line' id='line_1_16' title="bbox 123 2643 1512 2914; baseline 0.002 -67.117"><span class='ocrx_word' id='word_1_112' title='bbox 123 2743 466 2914; x_wconf 88' lang='lat' dir='ltr'>:praefecerac·,</span> <span class='ocrx_word' id='word_1_113' title='bbox 502 2745 628 2846; x_wconf 90' lang='lat' dir='ltr'>rebus</span> <span class='ocrx_word' id='word_1_114' title='bbox 665 2746 839 2846; x_wconf 84' lang='lat' dir='ltr'>Gallicis</span> <span class='ocrx_word' id='word_1_115' title='bbox 889 2643 1038 2847; x_wconf 57' lang='lat' dir='ltr'>iavere</span> <span class='ocrx_word' id='word_1_116' title='bbox 1095 2748 1381 2889; x_wconf 88' lang='lat' dir='ltr'>reperiebat:</span> <span class='ocrx_word' id='word_1_117' title='bbox 1424 2751 1512 2850; x_wconf 90' lang='lat' dir='ltr'>ita</span> 
     </span>
     <span class='ocr_line' id='line_1_17' title="bbox 123 2891 1513 3057; baseline 0.002 -64.079"><span class='ocrx_word' id='word_1_118' title='bbox 123 2893 382 3056; x_wconf 30' lang='lat' dir='ltr'>:Oimposito</span> <span class='ocrx_word' id='word_1_119' title='bbox 420 2891 666 3033; x_wconf 86' lang='lat' dir='ltr'>praesidio,</span> <span class='ocrx_word' id='word_1_120' title='bbox 686 2930 829 2993; x_wconf 90' lang='lat' dir='ltr'>arcem</span> <span class='ocrx_word' id='word_1_121' title='bbox 866 2931 1049 3056; x_wconf 83' lang='lat' dir='ltr'>quoque</span> <span class='ocrx_word' id='word_1_122' title='bbox 1087 2893 1345 3057; x_wconf 77' lang='lat' dir='ltr'>erigendam</span> <span class='ocrx_word' id='word_1_123' title='bbox 1380 2933 1513 2995; x_wconf 85' lang='lat' dir='ltr'>man-</span> 
     </span>
     <span class='ocr_line' id='line_1_18' title="bbox 123 3032 1509 3180; baseline 0 -42"><span class='ocrx_word' id='word_1_124' title='bbox 123 3038 204 3158; x_wconf 78' lang='lat' dir='ltr'>rit,</span> <span class='ocrx_word' id='word_1_125' title='bbox 237 3037 366 3137; x_wconf 89' lang='lat' dir='ltr'>Italos</span> <span class='ocrx_word' id='word_1_126' title='bbox 403 3037 538 3138; x_wconf 90' lang='lat' dir='ltr'>etiam</span> <span class='ocrx_word' id='word_1_127' title='bbox 575 3074 728 3136; x_wconf 80' lang='lat' dir='ltr'>missos</span> <span class='ocrx_word' id='word_1_128' title='bbox 763 3032 897 3158; x_wconf 86' lang='lat' dir='ltr'>fecit,</span> <span class='ocrx_word' id='word_1_129' title='bbox 939 3038 1018 3180; x_wconf 91' lang='lat' dir='ltr'>qui</span> <span class='ocrx_word' id='word_1_130' title='bbox 1070 3038 1200 3179; x_wconf 88' lang='lat' dir='ltr'>pauci</span> <span class='ocrx_word' id='word_1_131' title='bbox 1250 3038 1407 3179; x_wconf 89' lang='lat' dir='ltr'>reliqui</span> <span class='ocrx_word' id='word_1_132' title='bbox 1459 3079 1509 3138; x_wconf 85' lang='lat' dir='ltr'>e-</span> 
     </span>
     <span class='ocr_line' id='line_1_19' title="bbox 124 3179 1514 3323; baseline 0 -41"><span class='ocrx_word' id='word_1_133' title='bbox 124 3218 169 3282; x_wconf 91' lang='lat' dir='ltr'>t.</span> <span class='ocrx_word' id='word_1_134' title='bbox 207 3190 330 3282; x_wconf 88' lang='lat' dir='ltr'>Nam</span> <span class='ocrx_word' id='word_1_135' title='bbox 364 3219 464 3322; x_wconf 90' lang='lat' dir='ltr'>post</span> <span class='ocrx_word' id='word_1_136' title='bbox 499 3195 669 3283; x_wconf 89' lang='lat' dir='ltr'>Duram</span> <span class='ocrx_word' id='word_1_137' title='bbox 704 3217 958 3320; x_wconf 87' lang='lat' dir='ltr'>receptam,</span> <span class='ocrx_word' id='word_1_138' title='bbox 995 3179 1131 3281; x_wconf 90' lang='lat' dir='ltr'>ubi</span> <span class='ocrx_word' id='word_1_139' title='bbox 1119 3220 1166 3281; x_wconf 89' lang='lat' dir='ltr'>m</span> <span class='ocrx_word' id='word_1_140' title='bbox 1202 3180 1310 3283; x_wconf 88' lang='lat' dir='ltr'>fines</span> <span class='ocrx_word' id='word_1_141' title='bbox 1345 3182 1514 3323; x_wconf 85' lang='lat' dir='ltr'>Regios</span> 
     </span>
     <span class='ocr_line' id='line_1_20' title="bbox 123 3323 1551 3467; baseline 0.003 -46"><span class='ocrx_word' id='word_1_142' title='bbox 123 3366 301 3428; x_wconf 73' lang='lat' dir='ltr'>&gt;cessum</span> <span class='ocrx_word' id='word_1_143' title='bbox 338 3364 436 3448; x_wconf 90' lang='lat' dir='ltr'>est,</span> <span class='ocrx_word' id='word_1_144' title='bbox 472 3324 593 3427; x_wconf 91' lang='lat' dir='ltr'>bona</span> <span class='ocrx_word' id='word_1_145' title='bbox 630 3365 725 3467; x_wconf 89' lang='lat' dir='ltr'>pars</span> <span class='ocrx_word' id='word_1_146' title='bbox 774 3364 929 3426; x_wconf 89' lang='lat' dir='ltr'>eorum</span> <span class='ocrx_word' id='word_1_147' title='bbox 979 3327 1037 3426; x_wconf 93' lang='lat' dir='ltr'>ad</span> <span class='ocrx_word' id='word_1_148' title='bbox 1089 3323 1232 3428; x_wconf 89' lang='lat' dir='ltr'>hostes</span> <span class='ocrx_word' id='word_1_149' title='bbox 1285 3328 1551 3446; x_wconf 77' lang='lat' dir='ltr'>transivit,&#39;</span> 
     </span>
     <span class='ocr_line' id='line_1_21' title="bbox 123 3469 1512 3612; baseline 0.001 -44"><span class='ocrx_word' id='word_1_150' title='bbox 123 3471 281 3571; x_wconf 82' lang='lat' dir='ltr'>idam</span> <span class='ocrx_word' id='word_1_151' title='bbox 271 3479 436 3603; x_wconf 79' lang='lat' dir='ltr'>injussu</span> <span class='ocrx_word' id='word_1_152' title='bbox 474 3471 627 3573; x_wconf 87' lang='lat' dir='ltr'>Caroli</span> <span class='ocrx_word' id='word_1_153' title='bbox 664 3473 851 3571; x_wconf 92' lang='lat' dir='ltr'>domum</span> <span class='ocrx_word' id='word_1_154' title='bbox 905 3469 1172 3572; x_wconf 89' lang='lat' dir='ltr'>redierunt:</span> <span class='ocrx_word' id='word_1_155' title='bbox 1162 3511 1347 3612; x_wconf 92' lang='lat' dir='ltr'>usque</span> <span class='ocrx_word' id='word_1_156' title='bbox 1399 3471 1512 3569; x_wconf 88' lang='lat' dir='ltr'>adeo</span> 
     </span>
     <span class='ocr_line' id='line_1_22' title="bbox 123 3611 1516 3718; baseline 0.001 -6"><span class='ocrx_word' id='word_1_157' title='bbox 123 3615 181 3716; x_wconf 77' lang='lat' dir='ltr'>rlri</span> <span class='ocrx_word' id='word_1_158' title='bbox 217 3655 373 3717; x_wconf 91' lang='lat' dir='ltr'>eorum</span> <span class='ocrx_word' id='word_1_159' title='bbox 421 3611 478 3717; x_wconf 89' lang='lat' dir='ltr'>ab</span> <span class='ocrx_word' id='word_1_160' title='bbox 530 3615 603 3715; x_wconf 89' lang='lat' dir='ltr'>illa</span> <span class='ocrx_word' id='word_1_161' title='bbox 652 3652 798 3716; x_wconf 87' lang='lat' dir='ltr'>vetere</span> <span class='ocrx_word' id='word_1_162' title='bbox 846 3626 1157 3718; x_wconf 85' lang='lat' dir='ltr'>Romanorum</span> <span class='ocrx_word' id='word_1_163' title='bbox 1210 3651 1253 3715; x_wconf 91' lang='lat' dir='ltr'>et</span> <span class='ocrx_word' id='word_1_164' title='bbox 1302 3613 1516 3714; x_wconf 89' lang='lat' dir='ltr'>Italorum</span> 
     </span>
     <span class='ocr_line' id='line_1_23' title="bbox 123 3758 1517 3900; baseline -0.001 -40.996"><span class='ocrx_word' id='word_1_165' title='bbox 123 3759 227 3878; x_wconf 88' lang='lat' dir='ltr'>ria,</span> <span class='ocrx_word' id='word_1_166' title='bbox 261 3759 505 3861; x_wconf 85' lang='lat' dir='ltr'>constantia</span> <span class='ocrx_word' id='word_1_167' title='bbox 559 3758 734 3899; x_wconf 89' lang='lat' dir='ltr'>fideque</span> <span class='ocrx_word' id='word_1_168' title='bbox 782 3760 1179 3900; x_wconf 83' lang='lat' dir='ltr'>degeneraverunt.</span> <span class='ocrx_word' id='word_1_169' title='bbox 1247 3768 1311 3860; x_wconf 88' lang='lat' dir='ltr'>Ex</span> <span class='ocrx_word' id='word_1_170' title='bbox 1348 3759 1517 3900; x_wconf 87' lang='lat' dir='ltr'>Hispa</span> 
     </span>
     <span class='ocr_line' id='line_1_24' title="bbox 123 3901 1519 4008; baseline -0.001 -5.99"><span class='ocrx_word' id='word_1_171' title='bbox 123 3942 216 4003; x_wconf 91' lang='lat' dir='ltr'>tum</span> <span class='ocrx_word' id='word_1_172' title='bbox 252 3945 321 4008; x_wconf 85' lang='lat' dir='ltr'>sex</span> <span class='ocrx_word' id='word_1_173' title='bbox 373 3901 568 4006; x_wconf 88' lang='lat' dir='ltr'>millibus</span> <span class='ocrx_word' id='word_1_174' title='bbox 621 3905 703 4005; x_wconf 88' lang='lat' dir='ltr'>tria</span> <span class='ocrx_word' id='word_1_175' title='bbox 752 3902 865 4003; x_wconf 89' lang='lat' dir='ltr'>circa</span> <span class='ocrx_word' id='word_1_176' title='bbox 902 3903 1241 4005; x_wconf 85' lang='lat' dir='ltr'>Cambrasinum</span> <span class='ocrx_word' id='word_1_177' title='bbox 1286 3944 1388 4005; x_wconf 93' lang='lat' dir='ltr'>cum</span> <span class='ocrx_word' id='word_1_178' title='bbox 1424 3913 1519 4004; x_wconf 93' lang='lat' dir='ltr'>Lu</span> 
     </span>
     <span class='ocr_line' id='line_1_25' title="bbox 123 4047 1519 4192; baseline -0.001 -46"><span class='ocrx_word' id='word_1_179' title='bbox 123 4047 219 4147; x_wconf 80' lang='lat' dir='ltr'>uico</span> <span class='ocrx_word' id='word_1_180' title='bbox 253 4056 436 4192; x_wconf 86' lang='lat' dir='ltr'>Varga,</span> <span class='ocrx_word' id='word_1_181' title='bbox 473 4085 637 4151; x_wconf 89' lang='lat' dir='ltr'>ceteros</span> <span class='ocrx_word' id='word_1_182' title='bbox 687 4087 790 4148; x_wconf 89' lang='lat' dir='ltr'>cum</span> <span class='ocrx_word' id='word_1_183' title='bbox 830 4047 992 4150; x_wconf 85' lang='lat' dir='ltr'>Alvaro</span> <span class='ocrx_word' id='word_1_184' title='bbox 1046 4049 1205 4151; x_wconf 89' lang='lat' dir='ltr'>Sandio</span> <span class='ocrx_word' id='word_1_185' title='bbox 1256 4049 1370 4147; x_wconf 88' lang='lat' dir='ltr'>circa</span> <span class='ocrx_word' id='word_1_186' title='bbox 1426 4057 1519 4145; x_wconf 93' lang='lat' dir='ltr'>Lu</span> 
     </span>
     <span class='ocr_line' id='line_1_26' title="bbox 123 4188 1519 4354; baseline -0.003 -62"><span class='ocrx_word' id='word_1_187' title='bbox 123 4192 394 4354; x_wconf 85' lang='lat' dir='ltr'>nburgum</span> <span class='ocrx_word' id='word_1_188' title='bbox 382 4234 430 4297; x_wconf 89' lang='lat' dir='ltr'>m</span> <span class='ocrx_word' id='word_1_189' title='bbox 466 4191 660 4329; x_wconf 87' lang='lat' dir='ltr'>hyberna</span> <span class='ocrx_word' id='word_1_190' title='bbox 696 4194 954 4313; x_wconf 87' lang='lat' dir='ltr'>discedere,</span> <span class='ocrx_word' id='word_1_191' title='bbox 990 4228 1035 4293; x_wconf 91' lang='lat' dir='ltr'>et</span> <span class='ocrx_word' id='word_1_192' title='bbox 1069 4194 1303 4292; x_wconf 88' lang='lat' dir='ltr'>Gallorum</span> <span class='ocrx_word' id='word_1_193' title='bbox 1355 4188 1519 4332; x_wconf 89' lang='lat' dir='ltr'>praesi-</span> 
     </span>
     <span class='ocr_line' id='line_1_27' title="bbox 123 4333 1521 4498; baseline -0.001 -65"><span class='ocrx_word' id='word_1_194' title='bbox 123 4375 224 4456; x_wconf 80' lang='lat' dir='ltr'>rm,</span> <span class='ocrx_word' id='word_1_195' title='bbox 261 4376 340 4479; x_wconf 87' lang='lat' dir='ltr'>qur</span> <span class='ocrx_word' id='word_1_196' title='bbox 392 4377 452 4479; x_wconf 91' lang='lat' dir='ltr'>op</span> <span class='ocrx_word' id='word_1_197' title='bbox 487 4339 611 4438; x_wconf 93' lang='lat' dir='ltr'>idum</span> <span class='ocrx_word' id='word_1_198' title='bbox 665 4336 958 4498; x_wconf 82' lang='lat' dir='ltr'>obtinebant,</span> <span class='ocrx_word' id='word_1_199' title='bbox 995 4335 1050 4436; x_wconf 91' lang='lat' dir='ltr'>ab</span> <span class='ocrx_word' id='word_1_200' title='bbox 1102 4333 1426 4436; x_wconf 86' lang='lat' dir='ltr'>excursionibus</span> <span class='ocrx_word' id='word_1_201' title='bbox 1477 4365 1521 4433; x_wconf 89' lang='lat' dir='ltr'>et</span> 
     </span>
     <span class='ocr_line' id='line_1_28' title="bbox 123 4378 1521 4623; baseline 0.001 -46.004"><span class='ocrx_word' id='word_1_202' title='bbox 123 4478 271 4581; x_wconf 85' lang='lat' dir='ltr'>leficio</span> <span class='ocrx_word' id='word_1_203' title='bbox 324 4378 606 4623; x_wconf 66' lang='lat' dir='ltr'>prohiiere</span> <span class='ocrx_word' id='word_1_204' title='bbox 591 4480 744 4615; x_wconf 69' lang='lat' dir='ltr'>jussit</span> <span class='ocrx_word' id='word_1_205' title='bbox 796 4481 881 4580; x_wconf 92' lang='lat' dir='ltr'>His</span> <span class='ocrx_word' id='word_1_206' title='bbox 931 4477 1056 4579; x_wconf 89' lang='lat' dir='ltr'>rebus</span> <span class='ocrx_word' id='word_1_207' title='bbox 1106 4479 1386 4599; x_wconf 89' lang='lat' dir='ltr'>constitutis,</span> <span class='ocrx_word' id='word_1_208' title='bbox 1425 4487 1521 4580; x_wconf 92' lang='lat' dir='ltr'>Va-</span> 
     </span>
     <span class='ocr_line' id='line_1_29' title="bbox 123 4621 1520 4787; baseline -0.001 -65.998"><span class='ocrx_word' id='word_1_209' title='bbox 123 4621 264 4724; x_wconf 89' lang='lat' dir='ltr'>tianos</span> <span class='ocrx_word' id='word_1_210' title='bbox 319 4627 479 4746; x_wconf 88' lang='lat' dir='ltr'>venit,</span> <span class='ocrx_word' id='word_1_211' title='bbox 514 4664 724 4787; x_wconf 86' lang='lat' dir='ltr'>magnam</span> <span class='ocrx_word' id='word_1_212' title='bbox 774 4662 817 4724; x_wconf 89' lang='lat' dir='ltr'>et</span> <span class='ocrx_word' id='word_1_213' title='bbox 867 4622 1207 4726; x_wconf 87' lang='lat' dir='ltr'>munitissimam</span> <span class='ocrx_word' id='word_1_214' title='bbox 1260 4621 1481 4736; x_wconf 88' lang='lat' dir='ltr'>urbem</span> <span class='ocrx_word' id='word_1_215' title='bbox 1470 4661 1520 4721; x_wconf 92' lang='lat' dir='ltr'>m</span> 
     </span>
    </p>
   </div>
   <div class='ocr_carea' id='block_1_3' title="bbox 123 4762 1524 5007">
    <p class='ocr_par' dir='ltr' id='par_1_3' title="bbox 123 4762 1524 5007">
     <span class='ocr_line' id='line_1_30' title="bbox 123 4762 1521 4911; baseline -0.003 -43.977"><span class='ocrx_word' id='word_1_216' title='bbox 123 4773 279 4902; x_wconf 86' lang='lat' dir='ltr'>:naensi</span> <span class='ocrx_word' id='word_1_217' title='bbox 313 4773 571 4872; x_wconf 89' lang='lat' dir='ltr'>Comitatu</span> <span class='ocrx_word' id='word_1_218' title='bbox 629 4770 749 4870; x_wconf 90' lang='lat' dir='ltr'>Hinc</span> <span class='ocrx_word' id='word_1_219' title='bbox 784 4806 862 4911; x_wconf 93' lang='lat' dir='ltr'>per</span> <span class='ocrx_word' id='word_1_220' title='bbox 899 4762 1118 4869; x_wconf 90' lang='lat' dir='ltr'>Morisum</span> <span class='ocrx_word' id='word_1_221' title='bbox 1154 4808 1267 4911; x_wconf 85' lang='lat' dir='ltr'>par,</span> <span class='ocrx_word' id='word_1_222' title='bbox 1300 4769 1381 4868; x_wconf 91' lang='lat' dir='ltr'>sed</span> <span class='ocrx_word' id='word_1_223' title='bbox 1416 4794 1521 4865; x_wconf 75' lang='lat' dir='ltr'>mu·-</span> 
     </span>
     <span class='ocr_line' id='line_1_31' title="bbox 1451 4905 1524 5007; baseline 0.014 -1"><span class='ocrx_word' id='word_1_224' title='bbox 1451 4905 1524 5007; x_wconf 87' lang='lat' dir='ltr'>ni·</span> 
     </span>
    </p>
   </div>
   <div class='ocr_carea' id='block_1_4' title="bbox 0 0 2090 5860">
    <p class='ocr_par' dir='ltr' id='par_1_4' title="bbox 0 0 2090 5860">
     <span class='ocr_line' id='line_1_32' title="bbox 0 0 2090 5860; baseline 0 0"><span class='ocrx_word' id='word_1_225' title='bbox 0 0 2090 5860; x_wconf 95' lang='lat' dir='ltr'> </span> 
     </span>
    </p>
   </div>
  </div>
 </body>
</html>
