3998 5850
429 395 675 489 cnuotr
713 393 767 478 v.
816 394 1205 477 tru.xxu111.
1311 487 1313 492 ,
1415 403 1500 494 471

79 601 123 666 et
159 558 358 664 Thomas
394 560 586 676 Morus,
614 555 699 657 viri
734 553 934 662 doctrina
972 591 1016 655 et
1052 553 1246 692 pietate,
1276 555 1411 660 etiam
1447 599 1548 666 ante

75 709 164 811 hoc
201 704 500 842 martyrium,
535 701 666 802 clari.
705 698 1006 820 Quinetiam
1043 698 1154 799 Divi
1191 697 1397 806 Thomae
1433 718 1551 810 Can-

78 852 307 985 tuarielnsis
344 845 723 990 Archiepiscopi‚
776 845 858 986 qui
892 843 951 946 ab
987 842 1187 945 Henrico
1223 852 1420 953 Secundo
1457 866 1551 957 Re·

74 1041 130 1143 ge
149 1006 171 1120 ',
198 997 324 1140 quod
361 1036 405 1094 se
441 993 555 1095 illius
590 991 763 1124 injustis
801 1028 845 1092 et
877 990 1090 1092 Ecclesiae
1128 991 1381 1133 perniciosis
1402 1039 1551 1103 icona·

51 1143 192 1267 ¹,tibus
220 1140 503 1283 opposuisset
544 1216 559 1259 ,
595 1173 669 1238 aut
725 1177 780 1238 eo
799 1137 1099 1258 .⁴'corinivente
1150 1173 1327 1239 necatus
1361 1135 1519 1246 ,fuerat
1533 1162 1550 1268 ,'

72 1288 352 1390 Mausoleum
398 1285 584 1388 materia
633 1318 677 1383 et
724 1321 855 1424 opere
906 1282 1077 1425 insigne
1128 1281 1335 1383 demoliti
1382 1290 1545 1418 jussit,-

76 1433 120 1537 et
176 1433 370 1575 corporis
423 1440 514 1565 ejus
565 1428 770 1570 reliquias
822 1469 874 1529 ex
923 1424 1049 1530 theca
1089 1432 1222 1528 auro
1274 1431 1552 1575 gemmisque

76 1615 230 1681 ornata
284 1580 495 1678 detractas
546 1574 788 1693 incendit,
838 1573 1008 1716 quippe
1043 1572 1302 1674 sanctissimi
1364 1590 1406 1676 et'
1441 1619 1549 1683 con-

76 1722 225 1822 stantis
264 1722 347 1824 viri
384 1755 680 1823 monumento
718 1755 761 1819 et
791 1719 1072 1820 veneratione
1108 1755 1231 1819 suam
1272 1718 1356 1821 sibi
1391 1721 1550 1865 impie·

75 1901 222 1970 tatem·
248 1903 293 1968 et
324 1863 540 1974 nefariam
565 1867 613 2002 in
635 1864 870 1965 Ecclesiam
898 1861 1181 1966 Catholicani
1211 1862 1424 1994 injuriam
1477 1908 1549 1973 ex·
1616 1952 1624 1966 .

75 2012 278 2151 probrari
334 2008 545 2110 sentiebat
586 2048 598 2118 3
634 2048 726 2150 quo
771 2002 888 2105 facto
940 2005 1070 2107 initio
1092 2003 1120 2127 ,'
1142 2045 1199 2106 ne
1236 2048 1262 2109 a
1299 2005 1547 2148 direptione

77 2155 265 2297 quidem
301 2147 508 2254 fanorum
544 2191 699 2252 manus
734 2147 972 2251 abstinuit.

148 2307 308 2438 XLVI.
385 2310 591 2397 Ceterum
628 2300 786 2397 Annae
836 2291 1025 2397 Bolenae
1066 2335 1167 2414 ,ex
1204 2333 1293 2435 qua
1327 2296 1548 2402 Henricus

75 2438 301 2543 Isabellam
348 2440 504 2582 genuit
537 2435 930 2561 „matrimonium
985 2475 1080 2536 non
1136 2437 1396 2540 diuturnum
1431 2438 1548 2566 fuit3

63 2584 246 2726 quippe
293 2582 492 2684 adulterii
548 2581 801 2683 insimulata
854 2580 1047 2681 criminis
1102 2580 1192 2684 sive
1227 2582 1424 2722 patrati,
1460 2586 1551 2690 sive

77 2724 406 2829 adelatotibus
440 2806 453 2846 ,
490 2754 549 2826 ut
575 2726 759 2867 quidam
811 2724 1015 2864 suspicati
1063 2760 1162 2825 sunt
1204 2801 1219 2845 ,
1256 2724 1347 2826 ficti
1386 2764 1549 2867 poenas

78 2910 182 2972 cum
237 2870 459 2973 nonnullis
508 2868 627 2969 viris'
652 2864 936 3010 'principibus
969 2945 985 2989 ,
1022 2865 1149 3010 quasi
1202 2868 1368 2970 sceleris
1420 2873 1549 2975 sociis

79 3016 150 3117 vel
186 3015 405 3134 consciis,
440 3012 583 3154 capite
616 3012 725 3114 luit.
777 3022 893 3133 ⁴Quo
930 3050 1049 3119 auno
1091 3089 1106 3130 ,
1145 3010 1225 3152 qui
1260 3007 1346 3114 fuit
1382 3013 1549 3119 Christi

80 3157 336 3261 millesimus
373 3156 747 3299 quingentesimus
798 3155 1048 3297 trigesimus
1102 3188 1280 3277 sextus,
1314 3156 1549 3264 Catherina

78 3341 176 3404 non
211 3303 300 3402 sine
337 3301 583 3444 suspicione
621 3292 778 3403 veneni
814 3295 1029 3448 defuncta}
1056 3333 1145 3401 est.
1200 3299 1403 3404 Tertiam
1440 3344 1546 3406 uxo-

77 3483 174 3547 rem
209 3446 427 3549 Henricus
479 3443 605 3544 duxit
640 3434 878 3589 Joanriarn²
901 3455 1122 3585 Sema'ram
1154 3516 1171 3566 ,
1206 3482 1257 3542 ex
1301 3483 1391 3584 qua
1426 3448 1544 3550 Edu-

79 3592 237 3691 ardum
274 3589 416 3690 lilium
451 3588 694 3729 procreavit
732 3627 743 3688 z
777 3585 857 3688 hac
893 3588 1174 3706 demortua,
1213 3592 1392 3687 Annam
1428 3592 1542 3693 Gui-

78 3732 219 3836 lielmi
255 3732 473 3835 Clevensis
510 3730 722 3873 Principis
758 3769 954 3832 sororem
990 3730 1156 3848 duxit,
1193 3769 1328 3871 quam
1366 3771 1514 3875 postea
1528 3815 1544 3860 ,

81 3880 220 4017 quod·
245 3876 364 3978 alteri
402 3876 519 4019 prius
555 3873 806 4016 desponsata
841 3867 991 3974 fuisset
1009 3953 1023 3996 ,
1041 3909 1236 3975 causatus
1263 3877 1540 4016 repudiavit:

84 4019 244 4120 deinde
294 4018 581 4123 Catherinam
630 4020 887 4120 Havardam
939 4018 1064 4119 duxit
1100 4010 1355 4119 Norfolciae
1414 4024 1546 4126 Ducis

79 4160 222 4265 battis
260 4161 428 4280 filiam,
465 4165 512 4265 in
548 4203 685 4306 quam
721 4161 919 4264 adulterii
957 4162 1142 4263 nomine
1179 4163 1467 4285 damnatam,
1504 4204 1547 4268 et

81 4303 132 4409 in
167 4306 409 4410 adulterum
433 4308 730 4448 Culcuperum
766 4307 1119 4409 animadversum
1150 4341 1212 4405 est
1249 4344 1393 4447 poena
1429 4312 1546 4451 capi-

83 4451 195 4551 tali.
235 4467 361 4554 Sexta
397 4490 508 4551 uxot
543 4445 628 4550 fuit
663 4449 899 4550 Catherina
934 4451 1059 4550 Paria
1094 4448 1392 4551 Natanthonii
1428 4460 1548 4556 Mat-

83 4592 257 4694 chionis
293 4635 442 4697 sotor.
497 4604 668 4698 Verum
702 4632 807 4695 cum
854 4593 903 4694 in
952 4595 1206 4710 morbum,
1240 4636 1292 4696 ex
1328 4636 1419 4735 quo
1456 4636 1548 4701 non

83 4738 310 4884 convaluit
342 4816 358 4862 ,
395 4737 612 4843 Henricus
681 4735 955 4858 incidisset,
1020 4771 1282 4840 testamento
1342 4738 1548 4842 heredem

140 4926 142 4930 ’
1451 4893 1548 4984 ,Κε-
