<?xml version="1.0" encoding="UTF-8"?>
<!DOCTYPE html PUBLIC "-//W3C//DTD XHTML 1.0 Transitional//EN"
    "http://www.w3.org/TR/xhtml1/DTD/xhtml1-transitional.dtd">
<html xmlns="http://www.w3.org/1999/xhtml" xml:lang="en" lang="en">
 <head>
  <title>
</title>
<meta http-equiv="Content-Type" content="text/html;charset=utf-8" />
  <meta name='ocr-system' content='tesseract 3.04.00' />
  <meta name='ocr-capabilities' content='ocr_page ocr_carea ocr_par ocr_line ocrx_word'/>
</head>
<body>
  <div class='ocr_page' id='page_1' title='image "./joannisgenesiis00sepgoog_0384.png"; bbox 0 0 4102 5864; ppageno 0'>
   <div class='ocr_carea' id='block_1_1' title="bbox 513 442 1546 558">
    <p class='ocr_par' dir='ltr' id='par_1_1' title="bbox 513 442 1546 558">
     <span class='ocr_line' id='line_1_1' title="bbox 513 442 1546 558; baseline 0.007 -35"><span class='ocrx_word' id='word_1_1' title='bbox 513 442 755 526; x_wconf 73' lang='lat' dir='ltr'>cauom</span> <span class='ocrx_word' id='word_1_2' title='bbox 791 443 845 521; x_wconf 86' lang='lat' dir='ltr'>v.</span> <span class='ocrx_word' id='word_1_3' title='bbox 878 444 1007 555; x_wconf 71' lang='lat' dir='ltr'>atu.=</span> <span class='ocrx_word' id='word_1_4' title='bbox 1036 446 1205 524; x_wconf 86' lang='lat' dir='ltr'>xxvr.</span> <span class='ocrx_word' id='word_1_5' title='bbox 1461 447 1546 558; x_wconf 80' lang='lat'>383</span> 
     </span>
    </p>
   </div>
   <div class='ocr_carea' id='block_1_2' title="bbox 29 595 1673 4861">
    <p class='ocr_par' dir='ltr' id='par_1_2' title="bbox 29 595 1673 4861">
     <span class='ocr_line' id='line_1_2' title="bbox 137 595 1593 746; baseline 0.001 -41"><span class='ocrx_word' id='word_1_6' title='bbox 137 601 246 746; x_wconf 92' lang='lat' dir='ltr'>quid</span> <span class='ocrx_word' id='word_1_7' title='bbox 279 600 374 703; x_wconf 90' lang='lat' dir='ltr'>fieri</span> <span class='ocrx_word' id='word_1_8' title='bbox 395 595 527 718; x_wconf 87' lang='lat' dir='ltr'>velit,</span> <span class='ocrx_word' id='word_1_9' title='bbox 554 602 857 698; x_wconf 85' lang='lat' dir='ltr'>demonstrat.</span> <span class='ocrx_word' id='word_1_10' title='bbox 894 597 960 698; x_wconf 90' lang='lat' dir='ltr'>Illi</span> <span class='ocrx_word' id='word_1_11' title='bbox 979 597 1172 740; x_wconf 85' lang='lat' dir='ltr'>singulos</span> <span class='ocrx_word' id='word_1_12' title='bbox 1194 595 1434 741; x_wconf 86' lang='lat' dir='ltr'>Episcopos</span> <span class='ocrx_word' id='word_1_13' title='bbox 1472 644 1593 744; x_wconf 90' lang='lat' dir='ltr'>pren-</span> 
     </span>
     <span class='ocr_line' id='line_1_3' title="bbox 137 739 1597 889; baseline 0.001 -41"><span class='ocrx_word' id='word_1_14' title='bbox 137 751 311 866; x_wconf 90' lang='lat' dir='ltr'>sando,</span> <span class='ocrx_word' id='word_1_15' title='bbox 347 781 390 845; x_wconf 92' lang='lat' dir='ltr'>et</span> <span class='ocrx_word' id='word_1_16' title='bbox 426 745 715 884; x_wconf 86' lang='lat' dir='ltr'>proponenda</span> <span class='ocrx_word' id='word_1_17' title='bbox 750 739 972 843; x_wconf 88' lang='lat' dir='ltr'>Pontificis</span> <span class='ocrx_word' id='word_1_18' title='bbox 1009 742 1271 862; x_wconf 87' lang='lat' dir='ltr'>voluntate,</span> <span class='ocrx_word' id='word_1_19' title='bbox 1301 746 1597 889; x_wconf 83' lang='lat' dir='ltr'>pollicitisque</span> 
     </span>
     <span class='ocr_line' id='line_1_4' title="bbox 136 884 1598 1028; baseline 0.001 -38"><span class='ocrx_word' id='word_1_20' title='bbox 136 891 392 992; x_wconf 87' lang='lat' dir='ltr'>solicitando</span> <span class='ocrx_word' id='word_1_21' title='bbox 427 965 442 1007; x_wconf 91' lang='lat'>,</span> <span class='ocrx_word' id='word_1_22' title='bbox 477 887 525 986; x_wconf 93' lang='lat' dir='ltr'>in</span> <span class='ocrx_word' id='word_1_23' title='bbox 563 895 700 986; x_wconf 90' lang='lat' dir='ltr'>suam</span> <span class='ocrx_word' id='word_1_24' title='bbox 739 884 997 984; x_wconf 86' lang='lat' dir='ltr'>sententiam</span> <span class='ocrx_word' id='word_1_25' title='bbox 1032 885 1358 1028; x_wconf 88' lang='lat' dir='ltr'>Pontificisque</span> <span class='ocrx_word' id='word_1_26' title='bbox 1390 891 1598 991; x_wconf 88' lang='lat' dir='ltr'>volunta-</span> 
     </span>
     <span class='ocr_line' id='line_1_5' title="bbox 139 1028 1601 1169; baseline 0.002 -38"><span class='ocrx_word' id='word_1_27' title='bbox 139 1069 232 1134; x_wconf 91' lang='lat' dir='ltr'>tem</span> <span class='ocrx_word' id='word_1_28' title='bbox 268 1070 457 1150; x_wconf 90' lang='lat' dir='ltr'>omnes,</span> <span class='ocrx_word' id='word_1_29' title='bbox 493 1029 573 1169; x_wconf 89' lang='lat' dir='ltr'>qui</span> <span class='ocrx_word' id='word_1_30' title='bbox 610 1030 824 1150; x_wconf 87' lang='lat' dir='ltr'>aderant,</span> <span class='ocrx_word' id='word_1_31' title='bbox 860 1028 1149 1130; x_wconf 88' lang='lat' dir='ltr'>induxerunt.</span> <span class='ocrx_word' id='word_1_32' title='bbox 1201 1031 1340 1131; x_wconf 89' lang='lat' dir='ltr'>Multi</span> <span class='ocrx_word' id='word_1_33' title='bbox 1377 1033 1495 1132; x_wconf 90' lang='lat' dir='ltr'>enim</span> <span class='ocrx_word' id='word_1_34' title='bbox 1532 1035 1601 1134; x_wconf 88' lang='lat' dir='ltr'>vel</span> 
     </span>
     <span class='ocr_line' id='line_1_6' title="bbox 140 1171 1600 1291; baseline 0.003 -17"><span class='ocrx_word' id='word_1_35' title='bbox 140 1177 327 1274; x_wconf 93' lang='lat' dir='ltr'>domum</span> <span class='ocrx_word' id='word_1_36' title='bbox 382 1215 432 1272; x_wconf 87' lang='lat' dir='ltr'>ex</span> <span class='ocrx_word' id='word_1_37' title='bbox 470 1172 689 1273; x_wconf 89' lang='lat' dir='ltr'>Tridento</span> <span class='ocrx_word' id='word_1_38' title='bbox 745 1171 1054 1291; x_wconf 87' lang='lat' dir='ltr'>discesserant,</span> <span class='ocrx_word' id='word_1_39' title='bbox 1090 1171 1160 1269; x_wconf 90' lang='lat' dir='ltr'>vel</span> <span class='ocrx_word' id='word_1_40' title='bbox 1210 1177 1413 1273; x_wconf 90' lang='lat' dir='ltr'>nondum</span> <span class='ocrx_word' id='word_1_41' title='bbox 1449 1187 1600 1278; x_wconf 83' lang='lat' dir='ltr'>Bono-</span> 
     </span>
     <span class='ocr_line' id='line_1_7' title="bbox 140 1311 1601 1456; baseline 0.004 -41"><span class='ocrx_word' id='word_1_42' title='bbox 140 1318 263 1415; x_wconf 85' lang='lat' dir='ltr'>niam</span> <span class='ocrx_word' id='word_1_43' title='bbox 299 1351 547 1433; x_wconf 89' lang='lat' dir='ltr'>venetant,</span> <span class='ocrx_word' id='word_1_44' title='bbox 583 1350 626 1412; x_wconf 92' lang='lat' dir='ltr'>et</span> <span class='ocrx_word' id='word_1_45' title='bbox 662 1314 852 1452; x_wconf 85' lang='lat' dir='ltr'>Hispani</span> <span class='ocrx_word' id='word_1_46' title='bbox 889 1353 939 1414; x_wconf 88' lang='lat' dir='ltr'>ac</span> <span class='ocrx_word' id='word_1_47' title='bbox 975 1315 1104 1414; x_wconf 88' lang='lat' dir='ltr'>ceteri</span> <span class='ocrx_word' id='word_1_48' title='bbox 1137 1311 1227 1414; x_wconf 88' lang='lat' dir='ltr'>fere</span> <span class='ocrx_word' id='word_1_49' title='bbox 1261 1394 1277 1436; x_wconf 92' lang='lat'>,</span> <span class='ocrx_word' id='word_1_50' title='bbox 1310 1315 1474 1456; x_wconf 90' lang='lat' dir='ltr'>quibus</span> <span class='ocrx_word' id='word_1_51' title='bbox 1528 1361 1601 1421; x_wconf 78' lang='lat' dir='ltr'>re·</span> 
     </span>
     <span class='ocr_line' id='line_1_8' title="bbox 142 1453 1600 1584; baseline 0.003 -25"><span class='ocrx_word' id='word_1_52' title='bbox 142 1457 431 1559; x_wconf 84' lang='lat' dir='ltr'>clamantibus</span> <span class='ocrx_word' id='word_1_53' title='bbox 468 1458 724 1557; x_wconf 88' lang='lat' dir='ltr'>Concilium</span> <span class='ocrx_word' id='word_1_54' title='bbox 761 1457 1016 1556; x_wconf 89' lang='lat' dir='ltr'>translatum</span> <span class='ocrx_word' id='word_1_55' title='bbox 1052 1453 1194 1556; x_wconf 83' lang='lat' dir='ltr'>luerat</span> <span class='ocrx_word' id='word_1_56' title='bbox 1225 1533 1241 1576; x_wconf 90' lang='lat'>,</span> <span class='ocrx_word' id='word_1_57' title='bbox 1277 1497 1600 1584; x_wconf 83' lang='lat' dir='ltr'>remanserant,</span> 
     </span>
     <span class='ocr_line' id='line_1_9' title="bbox 136 1600 1600 1738; baseline 0.004 -33"><span class='ocrx_word' id='word_1_58' title='bbox 136 1639 204 1708; x_wconf 29' lang='lat' dir='ltr'>,et-</span> <span class='ocrx_word' id='word_1_59' title='bbox 224 1600 375 1702; x_wconf 91' lang='lat' dir='ltr'>Catoli</span> <span class='ocrx_word' id='word_1_60' title='bbox 411 1600 637 1701; x_wconf 89' lang='lat' dir='ltr'>voluntate</span> <span class='ocrx_word' id='word_1_61' title='bbox 679 1638 832 1738; x_wconf 87' lang='lat' dir='ltr'>usque</span> <span class='ocrx_word' id='word_1_62' title='bbox 882 1600 938 1697; x_wconf 89' lang='lat' dir='ltr'>ad</span> <span class='ocrx_word' id='word_1_63' title='bbox 974 1600 1094 1699; x_wconf 90' lang='lat' dir='ltr'>Pauli</span> <span class='ocrx_word' id='word_1_64' title='bbox 1144 1602 1338 1731; x_wconf 89' lang='lat' dir='ltr'>ejusdem</span> <span class='ocrx_word' id='word_1_65' title='bbox 1392 1604 1600 1728; x_wconf 89' lang='lat' dir='ltr'>obitum,</span> 
     </span>
     <span class='ocr_line' id='line_1_10' title="bbox 130 1739 1603 1885; baseline -0.001 -43"><span class='ocrx_word' id='word_1_66' title='bbox 130 1739 240 1885; x_wconf 66' lang='lat' dir='ltr'>⁸ipso</span> <span class='ocrx_word' id='word_1_67' title='bbox 276 1741 581 1861; x_wconf 87' lang='lat' dir='ltr'>invitissimo,</span> <span class='ocrx_word' id='word_1_68' title='bbox 617 1740 823 1842; x_wconf 91' lang='lat' dir='ltr'>Tridenti</span> <span class='ocrx_word' id='word_1_69' title='bbox 859 1777 1209 1881; x_wconf 87' lang='lat' dir='ltr'>permanserunt.</span> <span class='ocrx_word' id='word_1_70' title='bbox 1600 1745 1603 1750; x_wconf 61' lang='grc'>’</span> 
     </span>
     <span class='ocr_line' id='line_1_11' title="bbox 212 1884 1603 2025; baseline 0.006 -41"><span class='ocrx_word' id='word_1_71' title='bbox 212 1896 364 1987; x_wconf 85' lang='lat' dir='ltr'><strong>LVIII.</strong></span> <span class='ocrx_word' id='word_1_72' title='bbox 431 1895 557 2025; x_wconf 85' lang='lat' dir='ltr'>Ergo</span> <span class='ocrx_word' id='word_1_73' title='bbox 593 1922 695 1985; x_wconf 91' lang='lat' dir='ltr'>cum</span> <span class='ocrx_word' id='word_1_74' title='bbox 743 1884 891 2022; x_wconf 91' lang='lat' dir='ltr'>ptimo</span> <span class='ocrx_word' id='word_1_75' title='bbox 944 1914 1141 1984; x_wconf 88' lang='lat' dir='ltr'>consessu</span> <span class='ocrx_word' id='word_1_76' title='bbox 1176 1888 1442 1989; x_wconf 86' lang='lat' dir='ltr'>Bononiensi</span> <span class='ocrx_word' id='word_1_77' title='bbox 1492 1889 1603 1992; x_wconf 86' lang='lat' dir='ltr'>nibil</span> 
     </span>
     <span class='ocr_line' id='line_1_12' title="bbox 145 2028 1602 2172; baseline 0.003 -44"><span class='ocrx_word' id='word_1_78' title='bbox 145 2063 253 2128; x_wconf 88' lang='lat' dir='ltr'>esset</span> <span class='ocrx_word' id='word_1_79' title='bbox 289 2061 468 2144; x_wconf 90' lang='lat' dir='ltr'>actum,</span> <span class='ocrx_word' id='word_1_80' title='bbox 504 2028 696 2127; x_wconf 89' lang='lat' dir='ltr'>secundo</span> <span class='ocrx_word' id='word_1_81' title='bbox 731 2031 928 2157; x_wconf 88' lang='lat' dir='ltr'>Joannes</span> <span class='ocrx_word' id='word_1_82' title='bbox 963 2028 1112 2126; x_wconf 87' lang='lat' dir='ltr'>Maria</span> <span class='ocrx_word' id='word_1_83' title='bbox 1146 2032 1392 2152; x_wconf 90' lang='lat' dir='ltr'>Montius,</span> <span class='ocrx_word' id='word_1_84' title='bbox 1426 2034 1506 2172; x_wconf 90' lang='lat' dir='ltr'>qui</span> <span class='ocrx_word' id='word_1_85' title='bbox 1542 2035 1602 2133; x_wconf 84' lang='lat' dir='ltr'>le-</span> 
     </span>
     <span class='ocr_line' id='line_1_13' title="bbox 144 2152 1602 2314; baseline 0.004 -44"><span class='ocrx_word' id='word_1_86' title='bbox 144 2170 334 2312; x_wconf 84' lang='lat' dir='ltr'>gationis</span> <span class='ocrx_word' id='word_1_87' title='bbox 371 2152 616 2309; x_wconf 85' lang='lat' dir='ltr'>principem</span> <span class='ocrx_word' id='word_1_88' title='bbox 667 2167 818 2269; x_wconf 92' lang='lat' dir='ltr'>locum</span> <span class='ocrx_word' id='word_1_89' title='bbox 871 2165 1146 2291; x_wconf 89' lang='lat' dir='ltr'>obtinebat,</span> <span class='ocrx_word' id='word_1_90' title='bbox 1182 2174 1390 2274; x_wconf 87' lang='lat' dir='ltr'>omnibus</span> <span class='ocrx_word' id='word_1_91' title='bbox 1424 2176 1602 2314; x_wconf 83' lang='lat' dir='ltr'>Episco-</span> 
     </span>
     <span class='ocr_line' id='line_1_14' title="bbox 146 2311 1604 2451; baseline 0.004 -39"><span class='ocrx_word' id='word_1_92' title='bbox 146 2314 213 2451; x_wconf 92' lang='lat' dir='ltr'>pis</span> <span class='ocrx_word' id='word_1_93' title='bbox 250 2312 297 2413; x_wconf 91' lang='lat' dir='ltr'>in</span> <span class='ocrx_word' id='word_1_94' title='bbox 333 2311 498 2411; x_wconf 87' lang='lat' dir='ltr'>curiam</span> <span class='ocrx_word' id='word_1_95' title='bbox 534 2352 587 2411; x_wconf 84' lang='lat' dir='ltr'>ex</span> <span class='ocrx_word' id='word_1_96' title='bbox 637 2349 763 2412; x_wconf 90' lang='lat' dir='ltr'>more</span> <span class='ocrx_word' id='word_1_97' title='bbox 814 2311 1103 2432; x_wconf 86' lang='lat' dir='ltr'>convocatis,</span> <span class='ocrx_word' id='word_1_98' title='bbox 1140 2314 1289 2415; x_wconf 90' lang='lat' dir='ltr'>tetulit</span> <span class='ocrx_word' id='word_1_99' title='bbox 1338 2319 1395 2416; x_wconf 90' lang='lat' dir='ltr'>ad</span> <span class='ocrx_word' id='word_1_100' title='bbox 1429 2326 1604 2440; x_wconf 87' lang='lat' dir='ltr'>Patres,</span> 
     </span>
     <span class='ocr_line' id='line_1_15' title="bbox 142 2452 1603 2593; baseline 0.005 -39"><span class='ocrx_word' id='word_1_101' title='bbox 142 2493 254 2554; x_wconf 90' lang='lat' dir='ltr'>num</span> <span class='ocrx_word' id='word_1_102' title='bbox 309 2494 557 2555; x_wconf 88' lang='lat' dir='ltr'>consessum</span> <span class='ocrx_word' id='word_1_103' title='bbox 594 2531 609 2573; x_wconf 91' lang='lat'>,</span> <span class='ocrx_word' id='word_1_104' title='bbox 644 2454 716 2554; x_wconf 87' lang='lat' dir='ltr'>cui</span> <span class='ocrx_word' id='word_1_105' title='bbox 772 2452 862 2552; x_wconf 89' lang='lat' dir='ltr'>dies</span> <span class='ocrx_word' id='word_1_106' title='bbox 913 2454 1136 2593; x_wconf 87' lang='lat' dir='ltr'>proximus</span> <span class='ocrx_word' id='word_1_107' title='bbox 1186 2456 1326 2557; x_wconf 87' lang='lat' dir='ltr'>dictus</span> <span class='ocrx_word' id='word_1_108' title='bbox 1376 2496 1518 2581; x_wconf 89' lang='lat' dir='ltr'>esset,</span> <span class='ocrx_word' id='word_1_109' title='bbox 1554 2460 1603 2562; x_wconf 90' lang='lat' dir='ltr'>in</span> 
     </span>
     <span class='ocr_line' id='line_1_16' title="bbox 146 2595 1603 2739; baseline 0.002 -40"><span class='ocrx_word' id='word_1_110' title='bbox 146 2635 316 2739; x_wconf 86' lang='lat' dir='ltr'>vagum</span> <span class='ocrx_word' id='word_1_111' title='bbox 353 2633 396 2698; x_wconf 90' lang='lat' dir='ltr'>et</span> <span class='ocrx_word' id='word_1_112' title='bbox 430 2595 704 2697; x_wconf 88' lang='lat' dir='ltr'>indefinitum</span> <span class='ocrx_word' id='word_1_113' title='bbox 741 2632 945 2738; x_wconf 87' lang='lat' dir='ltr'>tempus,</span> <span class='ocrx_word' id='word_1_114' title='bbox 968 2634 1071 2696; x_wconf 91' lang='lat' dir='ltr'>cum</span> <span class='ocrx_word' id='word_1_115' title='bbox 1108 2598 1253 2699; x_wconf 90' lang='lat' dir='ltr'>eidem</span> <span class='ocrx_word' id='word_1_116' title='bbox 1288 2603 1494 2701; x_wconf 87' lang='lat' dir='ltr'>Concilio</span> <span class='ocrx_word' id='word_1_117' title='bbox 1530 2603 1603 2702; x_wconf 88' lang='lat' dir='ltr'>vi-</span> 
     </span>
     <span class='ocr_line' id='line_1_17' title="bbox 121 2737 1607 2880; baseline 0.002 -39"><span class='ocrx_word' id='word_1_118' title='bbox 121 2739 243 2841; x_wconf 83' lang='lat' dir='ltr'>sum</span> <span class='ocrx_word' id='word_1_119' title='bbox 280 2737 461 2860; x_wconf 88' lang='lat' dir='ltr'>fuisset,</span> <span class='ocrx_word' id='word_1_120' title='bbox 498 2741 620 2872; x_wconf 88' lang='lat' dir='ltr'>rejici</span> <span class='ocrx_word' id='word_1_121' title='bbox 656 2739 841 2879; x_wconf 87' lang='lat' dir='ltr'>placeret</span> <span class='ocrx_word' id='word_1_122' title='bbox 875 2779 887 2846; x_wconf 84' lang='lat'>3</span> <span class='ocrx_word' id='word_1_123' title='bbox 925 2777 1198 2880; x_wconf 88' lang='lat' dir='ltr'>quamquam</span> <span class='ocrx_word' id='word_1_124' title='bbox 1236 2780 1330 2840; x_wconf 90' lang='lat' dir='ltr'>rem</span> <span class='ocrx_word' id='word_1_125' title='bbox 1364 2782 1458 2843; x_wconf 90' lang='lat' dir='ltr'>non</span> <span class='ocrx_word' id='word_1_126' title='bbox 1492 2742 1607 2844; x_wconf 72' lang='lat' dir='ltr'>cori-&#39;</span> 
     </span>
     <span class='ocr_line' id='line_1_18' title="bbox 135 2876 1605 3024; baseline 0.003 -42"><span class='ocrx_word' id='word_1_127' title='bbox 135 2876 232 2984; x_wconf 89' lang='lat' dir='ltr'>silii</span> <span class='ocrx_word' id='word_1_128' title='bbox 266 2924 354 2984; x_wconf 88' lang='lat' dir='ltr'>esse</span> <span class='ocrx_word' id='word_1_129' title='bbox 389 2883 567 3000; x_wconf 89' lang='lat' dir='ltr'>videri,</span> <span class='ocrx_word' id='word_1_130' title='bbox 606 2884 681 2980; x_wconf 88' lang='lat' dir='ltr'>sed</span> <span class='ocrx_word' id='word_1_131' title='bbox 730 2881 1009 2981; x_wconf 88' lang='lat' dir='ltr'>necessariam</span> <span class='ocrx_word' id='word_1_132' title='bbox 1060 2879 1321 3021; x_wconf 81' lang='lat' dir='ltr'>turbulentis</span> <span class='ocrx_word' id='word_1_133' title='bbox 1357 2923 1400 2984; x_wconf 92' lang='lat' dir='ltr'>et</span> <span class='ocrx_word' id='word_1_134' title='bbox 1436 2887 1605 3024; x_wconf 87' lang='lat' dir='ltr'>peticu-</span> 
     </span>
     <span class='ocr_line' id='line_1_19' title="bbox 147 3021 1608 3167; baseline 0.002 -43"><span class='ocrx_word' id='word_1_135' title='bbox 147 3026 248 3126; x_wconf 90' lang='lat' dir='ltr'>losis</span> <span class='ocrx_word' id='word_1_136' title='bbox 284 3021 645 3167; x_wconf 89' lang='lat' dir='ltr'>tempestatibus,</span> <span class='ocrx_word' id='word_1_137' title='bbox 669 3061 765 3125; x_wconf 90' lang='lat' dir='ltr'>tum</span> <span class='ocrx_word' id='word_1_138' title='bbox 799 3023 862 3124; x_wconf 92' lang='lat' dir='ltr'>ob</span> <span class='ocrx_word' id='word_1_139' title='bbox 898 3024 1001 3123; x_wconf 86' lang='lat' dir='ltr'>alias</span> <span class='ocrx_word' id='word_1_140' title='bbox 1037 3061 1181 3122; x_wconf 92' lang='lat' dir='ltr'>causas</span> <span class='ocrx_word' id='word_1_141' title='bbox 1217 3025 1608 3165; x_wconf 83' lang='lat' dir='ltr'>impendentibus,</span> 
     </span>
     <span class='ocr_line' id='line_1_20' title="bbox 148 3165 1605 3273; baseline 0.003 -5"><span class='ocrx_word' id='word_1_142' title='bbox 148 3203 246 3270; x_wconf 90' lang='lat' dir='ltr'>tum</span> <span class='ocrx_word' id='word_1_143' title='bbox 295 3167 357 3270; x_wconf 92' lang='lat' dir='ltr'>ob</span> <span class='ocrx_word' id='word_1_144' title='bbox 412 3168 706 3270; x_wconf 87' lang='lat' dir='ltr'>miserandum</span> <span class='ocrx_word' id='word_1_145' title='bbox 759 3202 802 3267; x_wconf 90' lang='lat' dir='ltr'>et</span> <span class='ocrx_word' id='word_1_146' title='bbox 837 3202 1032 3266; x_wconf 89' lang='lat' dir='ltr'>atrocem</span> <span class='ocrx_word' id='word_1_147' title='bbox 1067 3165 1184 3266; x_wconf 88' lang='lat' dir='ltr'>Petri</span> <span class='ocrx_word' id='word_1_148' title='bbox 1219 3167 1380 3268; x_wconf 86' lang='lat' dir='ltr'>Aloisii</span> <span class='ocrx_word' id='word_1_149' title='bbox 1430 3210 1605 3273; x_wconf 87' lang='lat' dir='ltr'>casum.</span> 
     </span>
     <span class='ocr_line' id='line_1_21' title="bbox 150 3308 1608 3453; baseline 0.002 -43"><span class='ocrx_word' id='word_1_150' title='bbox 150 3322 222 3411; x_wconf 88' lang='lat' dir='ltr'>De</span> <span class='ocrx_word' id='word_1_151' title='bbox 258 3353 352 3453; x_wconf 89' lang='lat' dir='ltr'>quo</span> <span class='ocrx_word' id='word_1_152' title='bbox 388 3312 547 3452; x_wconf 86' lang='lat' dir='ltr'>Episco</span> <span class='ocrx_word' id='word_1_153' title='bbox 581 3311 597 3410; x_wconf 89' lang='lat' dir='ltr'>i</span> <span class='ocrx_word' id='word_1_154' title='bbox 633 3308 859 3449; x_wconf 87' lang='lat' dir='ltr'>sigillatim</span> <span class='ocrx_word' id='word_1_155' title='bbox 895 3309 1037 3449; x_wconf 88' lang='lat' dir='ltr'>rogati</span> <span class='ocrx_word' id='word_1_156' title='bbox 1069 3384 1085 3429; x_wconf 93' lang='lat'>,</span> <span class='ocrx_word' id='word_1_157' title='bbox 1120 3348 1293 3424; x_wconf 40' lang='lat' dir='ltr'>omnes,</span> <span class='ocrx_word' id='word_1_158' title='bbox 1312 3311 1360 3409; x_wconf 92' lang='lat' dir='ltr'>in</span> <span class='ocrx_word' id='word_1_159' title='bbox 1404 3315 1608 3449; x_wconf 89' lang='lat' dir='ltr'>praesidis</span> 
     </span>
     <span class='ocr_line' id='line_1_22' title="bbox 149 3351 1608 3594; baseline 0.004 -42"><span class='ocrx_word' id='word_1_160' title='bbox 149 3456 413 3555; x_wconf 88' lang='lat' dir='ltr'>sententiam</span> <span class='ocrx_word' id='word_1_161' title='bbox 450 3351 636 3594; x_wconf 80' lang='lat' dir='ltr'>pedibus</span> <span class='ocrx_word' id='word_1_162' title='bbox 686 3452 873 3558; x_wconf 72' lang='lat' dir='ltr'>ierunts</span> <span class='ocrx_word' id='word_1_163' title='bbox 911 3449 1071 3592; x_wconf 89' lang='lat' dir='ltr'>quibus</span> <span class='ocrx_word' id='word_1_164' title='bbox 1107 3450 1295 3553; x_wconf 88' lang='lat' dir='ltr'>domum</span> <span class='ocrx_word' id='word_1_165' title='bbox 1345 3453 1608 3578; x_wconf 80' lang='lat' dir='ltr'>discedenti-</span> 
     </span>
     <span class='ocr_line' id='line_1_23' title="bbox 113 3591 1486 3699; baseline -0.004 -4"><span class='ocrx_word' id='word_1_166' title='bbox 113 3591 232 3696; x_wconf 35' lang='lat' dir='ltr'>*bus</span> <span class='ocrx_word' id='word_1_167' title='bbox 268 3597 526 3699; x_wconf 84' lang='lat' dir='ltr'>Concilium</span> <span class='ocrx_word' id='word_1_168' title='bbox 560 3593 892 3695; x_wconf 86' lang='lat' dir='ltr'>intermittitur.</span> <span class='ocrx_word' id='word_1_169' title='bbox 1483 3636 1486 3641; x_wconf 43' lang='lat'><em>¹</em></span> 
     </span>
     <span class='ocr_line' id='line_1_24' title="bbox 29 3735 1612 3884; baseline 0.004 -46"><span class='ocrx_word' id='word_1_170' title='bbox 29 3870 35 3875; x_wconf 19' lang='grc'><strong><em>1</em></strong></span> <span class='ocrx_word' id='word_1_171' title='bbox 223 3747 336 3857; x_wconf 73' lang='lat' dir='ltr'>LIX</span> <span class='ocrx_word' id='word_1_172' title='bbox 413 3749 512 3838; x_wconf 86' lang='lat' dir='ltr'>Hac</span> <span class='ocrx_word' id='word_1_173' title='bbox 574 3737 803 3838; x_wconf 87' lang='lat' dir='ltr'>occasione</span> <span class='ocrx_word' id='word_1_174' title='bbox 838 3735 969 3836; x_wconf 88' lang='lat' dir='ltr'>fretus</span> <span class='ocrx_word' id='word_1_175' title='bbox 1018 3737 1173 3838; x_wconf 89' lang='lat' dir='ltr'>Paulus</span> <span class='ocrx_word' id='word_1_176' title='bbox 1226 3737 1451 3882; x_wconf 89' lang='lat' dir='ltr'>inceptum</span> <span class='ocrx_word' id='word_1_177' title='bbox 1485 3779 1612 3884; x_wconf 80' lang='lat' dir='ltr'>urge-</span> 
     </span>
     <span class='ocr_line' id='line_1_25' title="bbox 151 3881 1612 4022; baseline 0.004 -44"><span class='ocrx_word' id='word_1_178' title='bbox 151 3918 239 3998; x_wconf 91' lang='lat' dir='ltr'>re,</span> <span class='ocrx_word' id='word_1_179' title='bbox 273 3881 480 3984; x_wconf 89' lang='lat' dir='ltr'>Carolum</span> <span class='ocrx_word' id='word_1_180' title='bbox 519 3920 597 4022; x_wconf 92' lang='lat' dir='ltr'>pet</span> <span class='ocrx_word' id='word_1_181' title='bbox 634 3882 795 3980; x_wconf 87' lang='lat' dir='ltr'>litteras</span> <span class='ocrx_word' id='word_1_182' title='bbox 832 3913 874 3978; x_wconf 91' lang='lat' dir='ltr'>et</span> <span class='ocrx_word' id='word_1_183' title='bbox 910 3881 1089 3980; x_wconf 88' lang='lat' dir='ltr'>nuntios</span> <span class='ocrx_word' id='word_1_184' title='bbox 1126 3881 1342 3984; x_wconf 86' lang='lat' dir='ltr'>solicitate</span> <span class='ocrx_word' id='word_1_185' title='bbox 1372 3962 1387 4003; x_wconf 93' lang='lat'>,</span> <span class='ocrx_word' id='word_1_186' title='bbox 1420 3920 1463 3984; x_wconf 90' lang='lat' dir='ltr'>et</span> <span class='ocrx_word' id='word_1_187' title='bbox 1507 3924 1612 3984; x_wconf 91' lang='lat' dir='ltr'>cum</span> 
     </span>
     <span class='ocr_line' id='line_1_26' title="bbox 152 4022 1613 4164; baseline 0.002 -40"><span class='ocrx_word' id='word_1_188' title='bbox 152 4023 252 4161; x_wconf 89' lang='lat' dir='ltr'>ipso</span> <span class='ocrx_word' id='word_1_189' title='bbox 289 4022 489 4162; x_wconf 88' lang='lat' dir='ltr'>precibus</span> <span class='ocrx_word' id='word_1_190' title='bbox 529 4023 820 4163; x_wconf 89' lang='lat' dir='ltr'>pollicitisque</span> <span class='ocrx_word' id='word_1_191' title='bbox 855 4063 983 4164; x_wconf 87' lang='lat' dir='ltr'>agere</span> <span class='ocrx_word' id='word_1_192' title='bbox 1020 4063 1034 4131; x_wconf 78' lang='lat'><em>3</em></span> <span class='ocrx_word' id='word_1_193' title='bbox 1072 4025 1144 4125; x_wconf 89' lang='lat' dir='ltr'>sed</span> <span class='ocrx_word' id='word_1_194' title='bbox 1180 4064 1277 4123; x_wconf 90' lang='lat' dir='ltr'>eam</span> <span class='ocrx_word' id='word_1_195' title='bbox 1311 4026 1613 4127; x_wconf 89' lang='lat' dir='ltr'>conditionem</span> 
     </span>
     <span class='ocr_line' id='line_1_27' title="bbox 149 4162 1614 4308; baseline 0.003 -43"><span class='ocrx_word' id='word_1_196' title='bbox 149 4162 199 4265; x_wconf 86' lang='lat' dir='ltr'>in</span> <span class='ocrx_word' id='word_1_197' title='bbox 234 4165 393 4305; x_wconf 89' lang='lat' dir='ltr'>primis</span> <span class='ocrx_word' id='word_1_198' title='bbox 425 4162 579 4284; x_wconf 87' lang='lat' dir='ltr'>ferre,</span> <span class='ocrx_word' id='word_1_199' title='bbox 626 4166 877 4267; x_wconf 87' lang='lat' dir='ltr'>siCatolus</span> <span class='ocrx_word' id='word_1_200' title='bbox 914 4166 999 4265; x_wconf 92' lang='lat' dir='ltr'>suis</span> <span class='ocrx_word' id='word_1_201' title='bbox 1033 4167 1305 4307; x_wconf 89' lang='lat' dir='ltr'>aequissimis</span> <span class='ocrx_word' id='word_1_202' title='bbox 1355 4169 1614 4308; x_wconf 89' lang='lat' dir='ltr'>postulatis,</span> 
     </span>
     <span class='ocr_line' id='line_1_28' title="bbox 146 4308 1673 4447; baseline 0.003 -40"><span class='ocrx_word' id='word_1_203' title='bbox 146 4345 284 4447; x_wconf 86' lang='lat' dir='ltr'>prout</span> <span class='ocrx_word' id='word_1_204' title='bbox 321 4343 504 4410; x_wconf 90' lang='lat' dir='ltr'>mutuae</span> <span class='ocrx_word' id='word_1_205' title='bbox 539 4308 780 4408; x_wconf 86' lang='lat' dir='ltr'>voluntatis</span> <span class='ocrx_word' id='word_1_206' title='bbox 830 4349 882 4408; x_wconf 90' lang='lat' dir='ltr'>ac</span> <span class='ocrx_word' id='word_1_207' title='bbox 926 4309 1252 4409; x_wconf 89' lang='lat' dir='ltr'>necessitudinis</span> <span class='ocrx_word' id='word_1_208' title='bbox 1288 4346 1331 4409; x_wconf 89' lang='lat' dir='ltr'>et</span> <span class='ocrx_word' id='word_1_209' title='bbox 1365 4311 1616 4417; x_wconf 91' lang='lat' dir='ltr'>communis</span> <span class='ocrx_word' id='word_1_210' title='bbox 1668 4322 1673 4327; x_wconf 54' lang='lat'>&#39;‘</span> 
     </span>
     <span class='ocr_line' id='line_1_29' title="bbox 148 4448 1616 4592; baseline 0.001 -46"><span class='ocrx_word' id='word_1_211' title='bbox 148 4448 411 4588; x_wconf 87' lang='lat' dir='ltr'>posteritatis</span> <span class='ocrx_word' id='word_1_212' title='bbox 436 4452 562 4551; x_wconf 90' lang='lat' dir='ltr'>ratio</span> <span class='ocrx_word' id='word_1_213' title='bbox 597 4449 883 4592; x_wconf 86' lang='lat' dir='ltr'>postularet,</span> <span class='ocrx_word' id='word_1_214' title='bbox 924 4450 1189 4571; x_wconf 87' lang='lat' dir='ltr'>annuisset,</span> <span class='ocrx_word' id='word_1_215' title='bbox 1235 4449 1345 4551; x_wconf 92' lang='lat' dir='ltr'>nihil</span> <span class='ocrx_word' id='word_1_216' title='bbox 1380 4453 1427 4552; x_wconf 90' lang='lat' dir='ltr'>in</span> <span class='ocrx_word' id='word_1_217' title='bbox 1464 4493 1505 4556; x_wconf 91' lang='lat' dir='ltr'>se</span> <span class='ocrx_word' id='word_1_218' title='bbox 1540 4450 1616 4555; x_wconf 60' lang='lat' dir='ltr'>fu-</span> 
     </span>
     <span class='ocr_line' id='line_1_30' title="bbox 152 4592 1614 4734; baseline 0.005 -45"><span class='ocrx_word' id='word_1_219' title='bbox 152 4626 304 4692; x_wconf 87' lang='lat' dir='ltr'>tutum</span> <span class='ocrx_word' id='word_1_220' title='bbox 341 4633 439 4693; x_wconf 90' lang='lat' dir='ltr'>nee</span> <span class='ocrx_word' id='word_1_221' title='bbox 457 4633 608 4695; x_wconf 86' lang='lat' dir='ltr'>morae</span> <span class='ocrx_word' id='word_1_222' title='bbox 632 4633 726 4692; x_wconf 66' lang='lat' dir='ltr'>‘nee</span> <span class='ocrx_word' id='word_1_223' title='bbox 762 4592 1094 4712; x_wconf 90' lang='lat' dir='ltr'>cunctationis,</span> <span class='ocrx_word' id='word_1_224' title='bbox 1126 4594 1239 4734; x_wconf 90' lang='lat' dir='ltr'>quin</span> <span class='ocrx_word' id='word_1_225' title='bbox 1274 4635 1377 4694; x_wconf 90' lang='lat' dir='ltr'>eum</span> <span class='ocrx_word' id='word_1_226' title='bbox 1413 4597 1468 4695; x_wconf 90' lang='lat' dir='ltr'>de</span> <span class='ocrx_word' id='word_1_227' title='bbox 1504 4632 1614 4703; x_wconf 66' lang='lat' dir='ltr'>cete«</span> 
     </span>
     <span class='ocr_line' id='line_1_31' title="bbox 148 4731 1612 4861; baseline -0.001 -22"><span class='ocrx_word' id='word_1_228' title='bbox 148 4731 210 4839; x_wconf 87' lang='lat' dir='ltr'>tis</span> <span class='ocrx_word' id='word_1_229' title='bbox 245 4738 413 4861; x_wconf 78' lang='lat' dir='ltr'>rebus,</span> <span class='ocrx_word' id='word_1_230' title='bbox 441 4770 538 4841; x_wconf 91' lang='lat' dir='ltr'>tum</span> <span class='ocrx_word' id='word_1_231' title='bbox 574 4741 638 4854; x_wconf 86' lang='lat' dir='ltr'>de</span> <span class='ocrx_word' id='word_1_232' title='bbox 663 4736 939 4841; x_wconf 87' lang='lat' dir='ltr'>restituendo</span> <span class='ocrx_word' id='word_1_233' title='bbox 975 4734 1274 4844; x_wconf 86' lang='lat' dir='ltr'>Ecclesiastico</span> <span class='ocrx_word' id='word_1_234' title='bbox 1311 4737 1523 4847; x_wconf 86' lang='lat' dir='ltr'>Concilio</span> <span class='ocrx_word' id='word_1_235' title='bbox 1569 4777 1612 4838; x_wconf 88' lang='lat' dir='ltr'>se</span> 
     </span>
    </p>
   </div>
   <div class='ocr_carea' id='block_1_3' title="bbox 1545 4918 1726 5013">
    <p class='ocr_par' dir='ltr' id='par_1_3' title="bbox 1545 4918 1726 5013">
     <span class='ocr_line' id='line_1_32' title="bbox 1545 4918 1726 5013; baseline -0.05 0"><span class='ocrx_word' id='word_1_236' title='bbox 1545 4918 1613 5013; x_wconf 63' lang='lat' dir='ltr'>lu*</span> <span class='ocrx_word' id='word_1_237' title='bbox 1724 5001 1726 5004; x_wconf 76' lang='grc'>,</span> 
     </span>
    </p>
   </div>
   <div class='ocr_carea' id='block_1_4' title="bbox 0 0 2079 5864">
    <p class='ocr_par' dir='ltr' id='par_1_4' title="bbox 0 0 2079 5864">
     <span class='ocr_line' id='line_1_33' title="bbox 0 0 2079 5864; baseline 0 0"><span class='ocrx_word' id='word_1_238' title='bbox 0 0 2079 5864; x_wconf 95' lang='lat' dir='ltr'> </span> 
     </span>
    </p>
   </div>
  </div>
 </body>
</html>
