4170 5866
521 408 605 519 136
903 411 988 493 DE
1019 407 1236 491 -REBUS
1284 407 1503 491 GESTIS

475 571 719 675 Famesium
751 562 978 674 Camerini
1008 577 1183 671 Ducem
1219 607 1429 711 generum
1466 605 1596 670 suum
1631 568 1734 671 cum
1771 605 1940 682 trecen}

344 834 345 840 Ν
390 751 395 759 ‘
473 753 623 820 torum
668 718 874 876 equitum
925 714 1139 813 comitatu
1177 717 1350 853 spaulo
1404 748 1503 854 post
1538 716 1661 816 Vasti
1703 719 1940 824 Marcbio⁴

471 903 575 964 nem
612 890 713 961 cum
750 889 898 1002 paucis
948 859 1280 997 scloppetariis‚
1318 858 1570 999 quingentis
1615 859 1838 1001 equitibus
1883 908 1974 987 ex!

468 1004 701 1109 intervallo
752 1002 1115 1165 subsequentibus
1155 1001 1349 1111 sdeinde
1386 1012 1663 1102 Venetorum
1714 1014 1930 1148 Legatos.

470 1160 575 1252 Dux
612 1180 792 1292 quoque
819 1147 1030 1246 Penariae
1069 1185 1163 1247 non
1197 1147 1330 1287 longe
1361 1146 1550 1248 Pisearia
1584 1143 1724 1248 factus
1760 1188 1822 1250 est
1859 1193 1940 1254 ve

471 1294 610 1396 nienti
645 1294 855 1399 obviam;
889 1301 994 1390 Dux
1025 1298 1294 1389 Mantuanus
1331 1329 1440 1430 puer
1468 1329 1572 1390 cum
1597 1287 1785 1391 Hercule
1811 1304 1940 1396 Gon

472 1477 582 1580 zaga
618 1436 850 1539 Cardinale
887 1473 981 1535 non
1016 1433 1149 1532 lone
1184 1475 1209 1533 a
1245 1442 1457 1534 Mantua
1509 1435 1821 1539 Mediolanum
1858 1481 1939 1542 au

475 1619 569 1682 tem
606 1578 829 1682 accedenti
866 1579 1053 1722 populus
1090 1474 1488 1719 iiequentissimusQ
1513 1617 1617 1677 cum
1666 1581 1851 1681 solemni
1894 1622 1938 1684 et

472 1723 649 1890 ingenti
683 1724 976 1869 gratulatione
1013 1718 1199 1824 obviam
1235 1720 1472 1861 processit
1517 1722 1609 1821 Hic
1644 1761 1808 1862 paucos
1843 1727 1937 1828 dies

472 1885 821 1991 commoratus,
857 1909 935 2012 per
970 1869 1153 2008 Papiam
1190 1903 1233 1967 et
1267 1863 1575 1965 Alexandriam
1611 1868 1741 1966 tertio
1779 1877 1934 1972 Nonas

472 2013 736 2155 Septembris
774 2027 976 2115 Genuam
1012 2011 1243 2156 pervenit,
1279 2005 1405 2108 rebus
1452 2011 1508 2107 ad
1552 2009 1854 2149 navigandum
1892 2049 1938 2114 et

473 2160 669 2262 militem
705 2160 1017 2294 trajiciendum
1054 2158 1253 2259 Andreae
1274 2152 1438 2256 Dotiae
1471 2153 1737 2296 negligentia
1765 2191 1809 2255 et
1839 2157 1935 2258 cul

473 2340 532 2440 pa
567 2306 771 2404 nondum
807 2304 1099 2442 comparatis

531 2458 609 2548 Vl.
668 2457 775 2586 Jam
813 2447 968 2547 Paulus
1003 2444 1202 2549 Pontifex
1237 2444 1385 2551 Roma
1421 2446 1634 2551 Carolum
1669 2447 1937 2554 convenien-

469 2589 522 2693 'di
557 2630 682 2691 causa
718 2587 970 2733 profectus,
1008 2631 1109 2692 cum
1155 2632 1322 2735 magno
1358 2594 1659 2694 Cardinalium
1694 2594 1938 2735 Episcopo·

472 2774 661 2876 tumque
697 2737 911 2836 comitatu
933 2744 1097 2838 Lucam
1133 2775 1412 2876 pervenerat,
1436 2748 1559 2899 cujus
1595 2739 1810 2838 salutandi
1846 2738 1938 2837 col

474 2879 779 3021 loquendique
832 2879 974 3021 gratia
1024 2882 1206 2982 Carolus
1256 2882 1500 2982 conscensis
1553 2881 1697 3022 longis
1747 2878 1937 2980 navibus

473 3019 728 3164 profectus,
764 3026 820 3124 ad
857 3023 1036 3127 Veneris
1087 3034 1291 3127 Portum
1317 3022 1476 3125 obvios
1528 2968 1685 3124 habuit
1730 3025 1939 3126 Garciam

425 3261 428 3265 ,
470 3169 688 3267 Toletum
712 3204 756 3268 et
779 3169 1028 3270 Antonium
1059 3169 1243 3268 Dotiam
1277 3168 1522 3268 triremium
1555 3162 1796 3267 Praefectos
1834 3208 1941 3269 cum

477 3311 623 3451 longis
659 3310 844 3414 navibus
880 3311 1123 3437 tredecim,
1151 3312 1312 3452 quibus
1347 3309 1685 3431 accedentibus,
1721 3306 1839 3412 facta
1876 3347 1943 3411 est

476 3397 656 3598 triginta
692 3490 796 3557 octo
833 3457 1084 3557 triremium
1118 3456 1258 3555 classis
1272 3531 1287 3575 ,
1313 3495 1427 3595 quae
1461 3455 1792 3618 Imperatoriam
1821 3496 1946 3597 qua-

386 3673 392 3679 *
474 3601 713 3702 dtiremem
749 3635 1050 3741 sequerentur.
1100 3601 1173 3698 Ad
1209 3600 1466 3741 Viaregium
1500 3601 1652 3700 vicum
1682 3639 1788 3700 arce
1832 3638 1941 3701 mu-

478 3744 650 3843 niturn
663 3746 843 3906 appulsa
879 3745 1006 3845 classe
1024 3821 1038 3864 ,
1056 3743 1289 3842 Carolus
1278 3781 1328 3842 ιιι
1363 3779 1522 3845 tertam
1558 3745 1806 3865 descendit,
1826 3746 1938 3846 duo÷

478 3888 696 3987 decim
661 3888 827 3987 circiter
864 3888 1001 3986 millia
1027 3924 1230 4028 passuum
1265 3884 1322 3987 ab
1350 3886 1457 3990 urbe
1492 3897 1636 3993 Lucas
1653 3885 1745 3987 buc
1780 3929 1938 4030 appro

345 4017 384 4032 '⁵
477 4033 773 4173 pinquantem
808 4030 1112 4131 Cardinalium
1156 4068 1200 4131 et
1234 4032 1553 4172 Episcoporum
1594 4031 1939 4176 Italicorumque

478 4213 712 4315 procerum
748 4215 799 4275 ac
834 4173 1004 4274 civium
1039 4174 1301 4276 Lucensium
1337 4212 1522 4315 magnus
1558 4213 1763 4278 numerus
1810 4219 1940 4278 exce-

482 4321 584 4458 pit,
621 4317 804 4420 obviam
841 4317 1106 4419 solemni
1073 4356 1161 4420 rrtu
1197 4318 1441 4461 progressi3
1471 4317 1633 4460 quibus
1678 4322 1942 4423 deducenti

481 4459 564 4560 bus
589 4465 674 4582 a,d
711 4504 924 4563 sacrarum
960 4462 1195 4563 maximam
1233 4467 1387 4564 aedem
1424 4464 1681 4581 contendit,
1713 4502 1763 4562 ac
1789 4475 1942 4566 Deum

481 4640 744 4724 veneratus,
782 4608 964 4710 Paulum
1014 4646 1118 4707 eum
1154 4605 1383 4705 Pontificia
1433 4617 1652 4738 majestate
1699 4609 1945 4712 adventum

483 4755 574 4882 ejus
610 4785 928 4891 exspectantem
965 4789 1017 4850 ex
1053 4789 1177 4852 more
1212 4752 1393 4892 supplex
1428 4752 1711 4862 salutavitaa
1743 4793 1838 4894 quo
1873 4756 1944 4854 vi-

1747 4970 1751 4974 -
1858 4896 1948 4998 cis-
