4192 5858
385 506 390 514 ,
468 432 552 544 258
843 430 927 510 on
969 427 1173 562 ussus
1219 423 1440 510 ensrrs

436 595 499 693 cit
538 601 780 749 Gonzagar
824 621 973 687 neuter
1002 620 1147 688 tamen
1187 585 1384 728 gladium
1426 577 1608 700 eduxit,
1645 575 1901 713 interjiciert

437 735 554 839 tibus
588 774 662 853 se,
697 770 777 874 qur
814 732 1025 852 aderant,
1062 730 1165 831 viris
1200 729 1456 848 nobilibus,
1491 765 1532 831 et
1564 726 1901 832 contentionem

437 811 770 984 dirimentibus
828 886 992 976 Interea
1029 875 1192 977 Marsia
1241 871 1491 975 festinanter
1530 908 1782 1013 processit,
1824 876 1897 975 sed

351 1079 355 1094 ¹
437 1025 552 1126 hanc
588 1061 693 1123 mox
727 1058 984 1121 consecutus
1019 1034 1217 1140 Comes,
1250 1018 1422 1119 habena
1456 1056 1622 1159 equum
1661 1026 1753 1150 ejus
1783 1016 1897 1128 inbi-¹

438 1168 568 1287 buit,
612 1201 660 1267 ut
699 1165 887 1266 sedato
877 1202 1044 1265 incessu
1080 1203 1220 1265 rursus
1256 1164 1635 1304 colloquerentur.

491 1321 711 1414 XXXVI.
773 1309 958 1409 Carolus
997 1310 1158 1409 certior
1194 1303 1332 1408 factus
1373 1308 1527 1408 restitit
1558 1345 1822 1449 parumper,
1857 1346 1899 1412 et

438 1455 670 1559 Comitem
708 1493 811 1554 cum
854 1452 953 1554 filiis
987 1449 1128 1554 fratris
1164 1452 1300 1595 Regis
1336 1463 1679 1573 Romanorum,
1715 1464 1897 1553 Gonza-

439 1641 567 1762 gam
598 1641 701 1700 cum
743 1599 942 1699 Henrico
979 1597 1145 1700 Galliae
1175 1598 1311 1740 Regis
1361 1596 1455 1697 filio
1511 1599 1779 1769 procedere,
1820 1637 1897 1698 nec

438 1743 567 1846 ab
532 1782 591 1843 ers
628 1744 888 1844 discedere
874 1744 1031 1876 jussit,
1063 1744 1366 1914 Bruxellasque
1399 1766 1621 1857 reversus,
1655 1777 1898 1882 utrumque

438 1884 637 2029 bospitio
672 1928 752 1990 suo
782 1890 1007 1988 continere
1038 1928 1082 1986 se
1114 1888 1269 2021 jussit,
1308 1924 1351 1988 et
1383 1929 1409 1986 a
1444 1886 1724 2029 praetorianis
1773 1888 1897 1986 mili·

438 2031 557 2132 tibus
594 2032 823 2132 Comitem
861 2033 1100 2174 Hispanis,
1140 2043 1402 2174 Gonzagam
1441 2031 1668 2131 Germanis
1707 2031 1899 2131 custodi

437 2176 504 2278 ri
544 2177 758 2277 Postridie
798 2175 975 2295 mittit,
1006 2176 1282 2317 imperatque
1332 2175 1534 2296 Comiti,
1574 2210 1658 2294 ut,
1699 2174 1898 2316 deposita

437 2320 736 2440 simultate,
725 2320 991 2462 ingratiam
1026 2359 1130 2420 cum
1174 2321 1403 2421 Fernando
1446 2329 1661 2461 Gonzaga
1709 2319 1896 2421 rediret.

437 2465 512 2564 Ad
541 2461 646 2563 haec
664 2474 828 2563 Comes
866 2465 1122 2606 respondit.
1111 2541 1180 2585 .„
1197 2462 1287 2567 Sibi
1317 2503 1421 2565 vero
1454 2404 1633 2565 nibil
1601 2504 1687 2563 esse
1725 2504 1898 2585 causae,

397 2742 398 2745 Ν
437 2681 469 2727 ,,
486 2647 564 2707 cur
591 2611 816 2710 Pernando
848 2618 1082 2750 Gonzagae
1121 2607 1394 2750 pertinaciter
1428 2638 1719 2710 succenseffret
1712 2676 1724 2716 ‚
1745 2645 1791 2709 et
1837 2609 1897 2708 si-

436 2827 468 2872 „
486 2751 595 2913 quid
632 2787 765 2873 esset,
785 2752 833 2853 id
870 2792 914 2853 se
947 2748 1072 2854 facile
1104 2752 1252 2854 Caroli
1284 2752 1479 2855 Caesaris
1515 2752 1736 2854 voluntati
1769 2748 1897 2853 luisse

437 2973 468 3016 „
484 2933 787 3000 remissurum.
810 2912 842 2958 “
874 2898 1118 3000 Femandus
1156 2933 1304 2997 autem
1339 2909 1584 3038 Gonzaga,
1608 2936 1712 2998 cum
1737 2899 1898 2998 eadem

437 3037 521 3179 ipsi
554 3037 695 3139 verbis
715 3040 866 3142 Caroli
892 3041 1145 3143 denuntiata
1178 3036 1394 3162 fuissent,
1434 3045 1601 3163 „daret
1634 3041 1718 3144 sibi
1755 3053 1899 3142 Caro-

437 3182 550 3301 „lus
586 3182 792 3304 veniam,
832 3186 1088 3326 responditt
1122 3224 1228 3287 nam
1261 3221 1436 3328 accepta
1469 3186 1768 3305 contumelia,
1806 3226 1902 3289 non

439 3402 472 3446 „
487 3367 574 3427 esse
609 3327 760 3428 locum
792 3330 1049 3470 Principis
1038 3330 1262 3472 imperio,
1294 3370 1387 3472 quo
1429 3331 1576 3434 minus
1614 3330 1843 3432 clienti
1798 3371 1903 3432 vrro

439 3469 629 3589 „nobili
671 3513 771 3573 suae
795 3472 1024 3616 dignitatis
1061 3512 1278 3575 rationem
1314 3472 1472 3578 habere
1506 3473 1675 3619 legibus
1704 3509 1748 3574 et
1775 3513 1905 3581 more

436 3691 468 3734 „
485 3615 786 3756 permittatur.
807 3636 837 3677 “
880 3620 1020 3740 Quod
1049 3630 1287 3762 Gonzagae
1324 3617 1606 3720 consilium
1594 3659 1641 3720 rn
1677 3654 1769 3721 tam
1812 3619 1915 3722 levi

287 3846 293 3858 .
435 3797 564 3860 causa
597 3760 766 3922 judicio
805 3800 1067 3866 cunctorum
1105 3804 1210 3864 cum
1206 3706 1610 3907 improbaretur,
1641 3764 1714 3864 ille
1751 3799 1925 3867 tamem

433 3900 710 4044 indulgens
699 3944 785 4006 rrae
803 3907 1069 4050 ,epistolam
1100 3906 1280 4034 scribit,
1297 3948 1386 4050 qua
1405 3949 1480 4052 per
1512 3909 1719 4011 nuntium
1748 3911 1919 4010 occul-

431 4078 529 4150 tum
570 4087 728 4171 missa,
770 4054 999 4153 Comitem
1034 4056 1091 4154 ad
1126 4088 1345 4154 certamen
1392 4053 1609 4196 singulare
1647 4090 1774 4152 more
1809 4054 1904 4155 Hi-

429 4228 569 4331 spano
593 4230 884 4335 provocaret,
912 4233 995 4317 ut,
1027 4196 1165 4298 vitata
1199 4194 1435 4300 hominum
1465 4197 1750 4318 celebritate,
1785 4197 1891 4317 soli,

427 4374 504 4438 aut
537 4339 718 4501 singulis
754 4341 905 4444 amicis
941 4339 1148 4462 arbitris,
1188 4343 1417 4445 secretiore
1449 4343 1552 4443 loco
1592 4343 1753 4444 dextris
1801 4341 1897 4484 gla-

424 4478 500 4577 dio
527 4485 741 4605 armatis,
759 4487 892 4590 laevis
926 4529 1009 4631 pro
1045 4526 1171 4591 scuto
1205 4529 1312 4632 sago
1349 4488 1544 4632 palliove
1568 4476 1782 4589 involutis
1822 4485 1893 4586 di-

354 4622 661 4726 micarent.

484 4780 721 4876 XXXVII.
797 4774 1017 4904 Carolus,
1057 4773 1144 4879 hoc
1181 4814 1260 4921 per
1296 4776 1491 4883 indicem
1548 4776 1787 4924 cognito,
1825 4809 1896 4875 ar-

1583 4955 1587 4960 ’
1776 4919 1896 5022 ctio-
