4034 5858
367 358 471 432 CAR

111 453 207 526 illinc
221 431 255 523 in
270 446 488 526 Germaniam
498 453 547 524 ire
562 452 669 553 pergit
686 457 779 527 Con·

112 571 229 622 ventus
258 553 435 650 peragendi
459 554 604 652 gratiae
631 559 777 626 Pennan-
820 574 822 584 ⁴

112 651 159 722 do
193 650 295 723 fratre
338 675 397 722 suu
438 653 528 740 jussu
561 652 709 724 inchoati
740 654 775 724 in

106 753 272 849 Haganoa
290 751 371 822 urbe
384 749 427 821 ad
437 775 560 824 errores
569 753 776 825 Lutheranos

107 846 337 931 cohibendos.
354 856 400 920 11.
425 876 502 921 122.
525 855 581 920 De
599 852 776 950 Religione

109 955 329 1022 Contentum
340 950 373 1020 iu
387 952 605 1048 Vangionum
627 954 777 1021 Vorma-

109 1051 190 1121 tiam
200 1046 365 1120 transferri
381 1069 488 1132 curat,
506 1071 540 1119 et
556 1051 777 1134 Granvelam,

111 1149 171 1244 qui
202 1170 264 1243 pro
293 1147 365 1244 ipso
392 1147 438 1218 ibi
468 1149 615 1244 praesit,
650 1148 773 1231 mittit,

112 1269 259 1339 cumque
283 1271 328 1316 eo
346 1266 413 1316 tres
436 1249 629 1347 Theologos
649 1249 775 1344 Hispa-

113 1371 200 1430 nos,
224 1363 263 1414 et
287 1366 394 1416 unum
426 1347 584 1445 Belgam.
614 1352 661 1418 ΙΙ.
693 1370 775 1439 ¹23·

109 1448 221 1542 Spirae
243 1444 387 1514 subsistit
406 1445 556 1544 podagra
573 1445 774 1541 impeditus.

110 1550 262 1634 ll.124.
286 1549 504 1614 Contentum
534 1544 581 1616 ad
611 1546 775 1619 Ratisbo-

111 1667 191 1715 nam
211 1642 335 1732 rejicit.
359 1648 404 1712 ΙΙ.
426 1667 506 1734 114.
532 1643 592 1714 Ad
614 1643 775 1717 Ratisbo-

102 1766 172 1813 uae
190 1746 407 1813 Conventum
425 1741 467 1812 dc
493 1743 677 1840 Religionis
695 1765 775 1810 con·

109 1841 277 1913 troversiis
291 1839 457 1925 tollendis,
468 1860 503 1909 et
521 1842 610 1912 bello
625 1838 774 1911 Tuteico

109 1938 337 2041 propulsando
357 1939 475 2010 refert.
493 1945 538 2011 ΙΙ.
562 1962 641 2026 125.
671 1939 775 2010 Reci-

111 2044 162 2138 pit
180 2062 244 2109 sese
263 2038 423 2107 daturum
447 2061 607 2133 operam,
633 2056 670 2107 ut
683 2041 776 2107 Con-

109 2135 225 2209 cilium
243 2137 422 2206 universale
437 2156 578 2234 cogatur
594 2185 608 2219 ,
623 2156 657 2205 et
677 2142 777 2207 Con-

110 2253 250 2308 ventum
281 2232 438 2304 dimittit.
466 2242 513 2307 ΙΙ.
542 2239 619 2305 126.
644 2233 777 2332 Cogni-

112 2330 368 2416 to,Alfonsum
388 2334 547 2405 Diazium
585 2336 775 2428 Hispanum

113 2432 248 2527 Joaunis
266 2433 335 2519 ejus
358 2430 466 2502 fratris
488 2431 671 2503 Lutherani
701 2454 778 2502 cae⁴

113 2531 193 2603 dem
231 2551 407 2625 patrasse,
448 2530 684 2624 custodiaeque
718 2529 777 2599 da·

113 2649 213 2710 tum,
239 2630 364 2698 litteras
382 2630 507 2700 iterum
534 2650 636 2722 atque
653 2632 775 2699 iterum

112 2727 371 2822 Oenspruchurn
382 2727 426 2798 ad
434 2728 648 2825 Magistratus
658 2727 776 2810 mittit,

112 2848 152 2899 ut
165 2849 299 2897 causam
322 2825 366 2898 ad
387 2851 419 2896 se
434 2826 598 2897 referant.
627 2832 673 2896 11.
695 2848 777 2918 132.

114 2923 248 2998 Alfoosi
271 2921 398 2995 factum
418 2926 538 2994 tacitus
558 2924 700 3019 probat.
728 2928 776 2992 11.

120 3047 200 3118 132.
229 3023 373 3092 Probato
390 3024 564 3106 clericatu,
578 3045 693 3092 causae
714 3044 776 3091 co-

113 3122 296 3222 gnitionem
333 3121 376 3191 ad
397 3123 600 3217 Episcopum
627 3120 777 3190 Triden-

113 3224 224 3293 tinum
248 3219 371 3308 rejicit,
391 3241 492 3314 atque
510 3222 557 3292 ita
594 3219 775 3292 Alfonsum

113 3319 315 3391 incolumem
332 3339 459 3391 servat.
486 3325 634 3413 11.132.
667 3318 776 3393 Redi-

115 3438 192 3489 tum
214 3416 357 3512 paratin
382 3417 600 3513 Hispaniam.
623 3423 669 3488 ΙΙ.
695 3442 774 3511 133·

113 3516 169 3590 Ex
211 3517 327 3586 itinere
366 3519 538 3614 Argeliam
580 3539 776 3615 oppugnare

113 3614 307 3688 constituit.
334 3619 482 3707 H.133.
509 3615 664 3686 Andreae
696 3621 774 3688 Do-

113 3714 182 3789 riae
194 3713 375 3797 mittit,ut
397 3717 530 3786 classem
553 3739 689 3787 suarum
715 3739 776 3786 nt·

114 3813 210 3884 vium
229 3831 378 3907 paratam
396 3812 537 3885 habeat.
559 3819 605 3883 11.
632 3836 711 3907 ¹34·
731 3817 778 3884 E*

113 3912 165 4005 jus
184 3934 340 4006 responso
362 3935 381 3980 a
403 3912 491 3983 bello
518 3912 702 4011 Argeliensi
725 3936 776 3982 re-

114 4007 273 4080 trahentis
289 4008 491 4107 indignatus,
503 4035 562 4109 per
574 4015 699 4084 litteras
715 4010 776 4081 de·

115 4130 187 4180 nuo
206 4107 322 4196 jubet,
345 4129 385 4179 ut
410 4129 504 4182 totus
526 4111 562 4183 in
581 4112 679 4200 hujus
697 4110 778 4195 belli

113 4224 313 4302 apparatum
338 4206 481 4280 insistat.
517 4216 671 4305 11.134.
715 4217 778 4282 Per

114 4303 307 4380 Menicham
325 4307 583 4403 Oenspruchum
602 4308 778 4406 procedit,

115 4405 176 4476 ubi
200 4424 280 4474 curn
299 4424 423 4502 septem
447 4404 557 4478 fratris
575 4407 684 4480 liberis
710 4408 780 4478 dies

118 4503 268 4597 quinque
303 4504 470 4577 consumit
480 4551 496 4585 ,.
524 4510 572 4577 11.
601 4530 679 4601 135·
718 4504 779 4577 nd

119 4600 325 4676 Tridentum
359 4603 550 4691 ,octavium
590 4603 778 4679 Faroesium

118 4721 279 4800 generum
300 4726 417 4786 suum,
434 4722 468 4774 et
497 4705 590 4775 Vasti
607 4705 779 4779 Marchio·

122 4823 198 4872 nem
229 4823 332 4882 ,non
356 4803 455 4901 louge
477 4828 497 4880 a
519 4804 663 4884 Manna
691 4806 780 4895 Her·

148 4912 230 4984 1rtrt.
245 4908 287 4967 Π.

886 457 995 526 auem
1020 455 1220 556 Gonzagam
1245 445 1456 528 Cardinalem
1482 447 1547 528 ol>-

887 555 956 625 vios
977 554 1100 636 habet,
1119 577 1158 625 et
1172 580 1229 652 per
1248 559 1382 652 Papiam
1409 578 1443 626 et
1462 560 1545 627 Alc-

884 653 1060 725 xaudriam
1093 657 1249 724 Genuam
1290 657 1459 750 pervenit.
1499 658 1544 725 ΙΙ.

890 757 970 846 136.
998 753 1190 851 Viaregium
1203 756 1359 850 appellit,
1372 779 1410 823 ac
1426 755 1459 822 in
1476 759 1546 825 Lu-

884 874 923 922 ca
959 851 1042 920 urbe
1072 855 1213 923 Paulum
1248 859 1310 923 Ill.
1348 852 1545 924 Pontificem

884 951 1022 1045 supplex
1042 952 1184 1020 salutat.
1203 954 1251 1021 ll.
1275 975 1351 1043 137·
1377 954 1431 1019 De
1450 953 1546 1023 rebus

884 1049 930 1119 ad
959 1050 1223 1121 Ecclesiasticum
1255 1049 1446 1121 Concilium
1469 1073 1545 1145 per·

885 1148 1067 1218 tinentibus
1084 1149 1236 1243 quotidie
1257 1174 1335 1220 cum
1358 1149 1461 1218 Paulo
1480 1153 1543 1218 ΙΙΙ.

882 1248 1107 1339 colloquitur.
1131 1251 1176 1317 11.
1210 1272 1287 1342 137·
1321 1254 1355 1319 A
1383 1247 1546 1318 Pontiliee
1658 1277 1660 1279 ¹

883 1347 1039 1442 impetrat
1056 1396 1067 1428 ,
1084 1364 1123 1415 ut
1142 1352 1272 1444 Regem
1309 1353 1544 1422 Romanorum

889 1445 935 1516 ad
959 1444 1090 1515 Budam
1117 1445 1337 1542 recipiendam
1361 1448 1470 1536 juvet.
1497 1451 1543 1516 ΙΙ.

889 1566 967 1637 137·
998 1549 1039 1613 In
1053 1563 1191 1641 portum
1205 1552 1319 1617 Lunae
1333 1567 1370 1615 et
1382 1545 1545 1640 oppidum

883 1640 1038 1738 Sptdiam
1067 1646 1423 1728 reversus-,Germanis
1460 1644 1563 1738 rnili-¹¹

882 1740 975 1811 tibus
1006 1743 1041 1810 in
1069 1767 1166 1813 naves
1196 1745 1361 1814 onerarias
1374 1744 1545 1839 impositis,

883 1840 951 1936 ipse
970 1841 1129 1934 postridie
1152 1844 1271 1912 soluit.
1300 1849 1346 1912 ΙΙ.
1380 1866 1459 1936 137·
1488 1835 1546 1913 Ad

885 1939 1040 2010 Corsicae
1047 1961 1267 2037 conspectum
1285 1965 1405 2038 magua
1422 1961 1546 2035 tempe·

883 2055 966 2108 state
977 2037 1115 2123 jactatus
1124 2086 1138 2121 ψ,
1151 2041 1269 2110 locum
1284 2062 1387 2135 prope
1409 2042 1545 2110 Sacrum

885 2136 1177 2234 promontorium,
1193 2163 1213 2208 a
1236 2136 1453 2208 saevientibus
1465 2160 1547 2207 veu-

883 2235 926 2306 tis
953 2234 1105 2305 nonnihil
1143 2254 1331 2333 tegentem,
1347 2236 1456 2330 capit.
1496 2239 1544 2307 Π.

889 2334 968 2427 138·
989 2338 1029 2402 In
1054 2352 1192 2430 portum
1213 2334 1381 2405 Bonifacii.
1397 2333 1469 2405 satis
1492 2333 1547 2403 iu-

882 2430 1063 2502 commoda
1088 2433 1303 2530 nauigatione
1326 2454 1403 2503 usus
1429 2452 1546 2528 perue-⁴

881 2530 945 2600 nit.
968 2531 1117 2622 II.138.
1144 2530 1327 2603 Sardiniam
1342 2531 1545 2629 attingit,et

878 2651 997 2725 portum
1011 2632 1134 2699 comitis
1148 2628 1267 2699 intrat.
1291 2636 1339 2699 ΙΙ.
1377 2635 1455 2722 138.
1485 2631 1546 2703 nl-

881 2726 1009 2823 geriam
1046 2726 1339 2797 Barcinonensium
1375 2728 1546 2824 progredi·

883 2844 960 2894 tur.
979 2828 1025 2892 ΙΙ.
1044 2825 1134 2917 148.
1159 2830 1199 2895 In
1224 2826 1379 2922 Magonis
1406 2844 1543 2922 portum

884 2920 1062 3020 procedit,
1083 2921 1203 2993 deinde
1214 2925 1409 3012 Majoricam
1426 2925 1543 3007 intrat,

883 3019 1099 3118 popularibus
1125 3023 1345 3118 gratulatione
1362 3043 1400 3093 ct
1424 3045 1543 3092 muue-

883 3121 975 3191 ribus
992 3141 1073 3188 eum
1093 3121 1388 3215 prosequentibus.
1413 3127 1543 3214 11⁸3?-

883 3219 977 3290 Duci
1000 3217 1135 3288 Albano
1158 3239 1195 3288 et
1218 3221 1423 3289 Bernardino
1445 3221 1544 3290 Men-

885 3316 992 3388 dozae
1012 3338 1070 3412 per
1082 3318 1205 3388 litteras
1218 3318 1366 3400 mandat,
1380 3338 1418 3385 ut
1435 3318 1543 3389 si-non

882 3418 1007 3514 possint
1034 3416 1068 3484 in
1094 3418 1240 3486 Baleares
1262 3415 1461 3511 procedere,
1476 3422 1544 3486 Ar-

882 3517 1003 3613 geliam
1022 3537 1157 3584 cursum
1182 3514 1349 3613 dirigant,
1373 3514 1544 3583 eteoani-

883 3639 944 3686 mo
968 3612 1131 3710 proficisci
1163 3633 1291 3710 parat,
1330 3630 1369 3681 ut
1392 3616 1443 3682 vel
1475 3612 1544 3682 sine

882 3715 1032 3809 Hispana
1076 3713 1175 3782 classe
1212 3711 1380 3808 Argeliam
1427 3733 1543 3807 oppu-

881 3831 982 3911 gnet.
1003 3816 1147 3900 11.141.
1173 3812 1227 3879 Ex
1238 3812 1427 3880 Balearibus
1438 3809 1544 3881 disce-

883 3913 965 3983 dens
988 3909 1023 3979 in
1058 3909 1210 4006 Argeliae
1233 3927 1447 4005 conspectum
1467 3933 1544 4006 per·

883 4009 994 4081 venit.
1023 4012 1171 4097 11.142.
1196 4008 1278 4078 Acie
1303 4011 1460 4079 instructa
1484 4030 1546 4078 co·

883 4112 953 4209 pias
975 4107 1110 4204 propius
1127 4109 1294 4204 Argeliam
1318 4107 1452 4177 duobus
1468 4128 1544 4207 pat·

882 4231 982 4280 suum
1017 4206 1162 4277 millibus
1197 4205 1355 4276 deducit·
1384 4210 1430 4274 11.
1464 4227 1542 4298 ¹43·

884 4316 1003 4383 Castra
1028 4329 1129 4401 prope
1150 4306 1319 4403 Argeliam
1345 4322 1482 4386 movet,
1509 4320 1544 4372 et

883 4408 994 4504 copias
1013 4425 1106 4475 certo
1125 4404 1242 4476 ordine
1262 4401 1428 4472 considere
1438 4403 1544 4491 jubet.

883 4507 1196 4595 11.144.5u0rum
1220 4499 1429 4599 naufragium
1454 4522 1546 4571 moe-

883 4604 1040 4677 stissimus
1062 4601 1215 4698 respicit,
1239 4619 1273 4670 et
1296 4602 1329 4670 in
1354 4624 1482 4671 summa
1498 4600 1547 4670 ci-

886 4704 1056 4776 bariorum
1084 4701 1193 4797 inopia
1216 4723 1275 4796 per
1295 4698 1445 4770 triduum
1467 4722 1546 4770 cum

889 4803 1035 4881 exercitu
1059 4798 1104 4874 ad
1125 4801 1318 4900 proximum
1347 4815 1548 4911 promonto-
