4170 5866
498 218 581 305 208
878 220 960 302 DE
1002 214 1209 296 REBUS
1257 210 1486 295 GESTIS

452 379 585 482 nitius
623 373 874 519 oppidum,
908 372 1119 473 Bruxellas
1156 368 1351 511 Regium
1387 366 1608 512 oppidum
1643 368 1871 510 pervenit.

520 532 661 624 XXII.
733 533 901 620 Interea
953 514 1228 619 Charadinus
1284 510 1525 615 Barbaroxa
1573 552 1679 615 curn
1733 553 1911 621 centum

447 705 501 768 et
532 667 712 808 triginta
761 664 998 808 longarum
1043 661 1223 763 navium
1272 658 1451 779 classe,
1493 699 1682 801 quarum
1733 662 1908 804 triginta

446 810 633 912 biremes
684 844 852 934 erant,
887 844 1052 910 ceterae
1088 804 1334 922 triremes,
1383 804 1525 904 milite
1579 847 1630 905 ac
1682 809 1907 907 tormentis

446 953 557 1056 bene
607 953 816 1054 instructa
865 995 891 1052 a
940 952 1178 1088 Solymano
1231 948 1422 1069 missus,
1457 948 1505 1047 in
1549 950 1736 1050 Galliam
1782 957 1910 1052 Tau-

445 1095 695 1240 roentiique
730 1131 910 1240 portum
946 1095 1113 1236 appulit
1149 1171 1163 1214 ,
1201 1101 1323 1223 cujus
1358 1092 1419 1194 rei
1454 1093 1597 1236 gratia
1631 1106 1729 1196 Rex
1776 1108 1908 1197 Fran-

447 1245 589 1375 ciscus
634 1275 732 1383 post
777 1240 965 1340 Antonii
1013 1236 1228 1339 Rinconii
1279 1274 1433 1338 necem
1470 1237 1688 1338 Pollinum
1742 1234 1910 1380 praefe-

447 1426 572 1490 ctum
608 1424 775 1506 suum,
811 1385 878 1485 uti
920 1420 1047 1524 supra
1084 1380 1515 1500 demonstravimus,
1554 1381 1818 1520 Byzantium
1855 1385 1911 1485 ad

363 1541 368 1548 ’
446 1534 736 1668 Solymanum
771 1529 978 1646 miserat,
1010 1527 1066 1627 de
1101 1535 1223 1659 cujus
1260 1523 1400 1624 classis
1437 1525 1630 1627 adventu
1666 1528 1908 1628 Franciscus

448 1674 566 1776 bello
601 1674 779 1815 Belgico
830 1673 1044 1776 distentus
1094 1710 1199 1772 curn
1250 1669 1568 1810 cognovisset,
1604 1673 1660 1770 ad
1696 1670 1909 1774 Charadi-

448 1857 557 1919 num
602 1818 773 1936 mittit,
812 1852 860 1917 ut
896 1813 1095 1957 exposito
1147 1813 1330 1931 milite,
1366 1813 1580 1915 Nicaeam
1615 1813 1772 1916 urbem
1825 1856 1910 1958 op-

451 1996 693 2104 pugnaret.
732 1958 1009 2062 Charadinus
1044 1956 1154 2059 nihil
1194 1992 1390 2068 moratus
1427 1953 1743 2060 Villaefrancae
1802 2000 1910 2102 por-

449 2143 548 2206 tum
584 2105 743 2245 capit,
775 2104 924 2245 copias
961 2103 1184 2244 exponit,
1218 2141 1362 2243 eoque
1397 2102 1573 2202 castello
1608 2139 1741 2246 capto
1778 2139 1910 2245 atque

453 2250 679 2388 direpto,
719 2249 935 2350 Nicaeam
976 2283 1180 2365 movet,
1232 2246 1450 2385 simulque
1490 2247 1718 2389 Angienus
1773 2249 1912 2391 Regis

448 2381 684 2535 praefectus
719 2389 933 2492 Gallicam
969 2428 1183 2509 manum,
1219 2431 1331 2533 quae
1367 2389 1532 2491 Gallica
1581 2393 1710 2492 classe
1763 2387 1908 2494 fuerat

448 2536 663 2656 advecta,
698 2534 834 2678 signis
869 2531 1066 2655 infestis,
1105 2533 1309 2654 inducit,
1344 2534 1425 2675 qui
1461 2534 1622 2635 diversi
1657 2575 1761 2637 cum
1799 2577 1909 2638 con-

449 2680 685 2801 sedissent,
722 2716 765 2780 et
800 2680 901 2781 loco
954 2679 1119 2780 idoneo
1173 2713 1394 2781 tormenta
1436 2680 1752 2802 collocassent,
1790 2683 1914 2784 diem

449 2859 713 2965 noctemque
749 2824 1002 2927 continuata
1032 2825 1396 2965 oppugnatione,
1416 2860 1592 2924 murum
1621 2825 1916 2946 concutiunt,

450 2971 583 3107 atque
618 2978 708 3100 ejus
744 3007 863 3108 parte
899 3009 990 3068 non
1026 2969 1124 3068 satis
1160 2969 1340 3087 diruta,
1375 2968 1554 3108 utrique
1609 3006 1908 3110 procurrunt,

412 3132 417 3141 ’
449 3150 708 3254 magnoque
744 3113 913 3253 impetu
949 3113 1193 3253 irrumpere
1228 3150 1468 3213 conantur.
1527 3122 1738 3215 Ceterum
1775 3113 1909 3255 oppi-
1932 3238 1936 3260 ,

451 3256 573 3355 danis
609 3257 850 3376 acerrime,
888 3293 938 3356 ut
973 3258 1021 3356 in
1056 3292 1248 3357 extrema
1285 3295 1359 3397 spe
1410 3256 1586 3376 salutis,
1621 3297 1928 3400 propugnan-

453 3398 605 3522 tibus,
641 3401 818 3534 dejectis
854 3400 936 3540 qui
970 3410 1060 3532 jam
1097 3401 1145 3499 in
1191 3438 1369 3501 murum
1416 3438 1669 3527 evaserant,
1704 3404 1918 3543 utrinqud

451 3581 553 3643 cum
588 3551 749 3673 jactura
782 3550 1029 3646 Turcatum
1065 3544 1122 3642 ad
1159 3578 1334 3646 centum
1370 3578 1413 3643 et
1448 3546 1676 3648 Gallorum
1712 3537 1906 3703 sexaginf

453 3720 499 3787 ta
532 3687 822 3827 repelluntur.
871 3691 953 3789 Sed
988 3689 1327 3830 oppugnatione
1363 3688 1452 3788 dies
1488 3689 1662 3830 aliquot
1696 3691 1888 3832 repetita}

452 3869 556 3932 curn
610 3829 730 3932 bona
782 3870 878 3972 pars
930 3833 1046 3932 muri
1095 3833 1358 3953 corruisset,
1395 3833 1654 3974 oppidani,
1693 3818 1880 3996 desperes

454 3970 744 4096 defensione,
781 3972 937 4075 urbem
976 4016 1025 4076 ea
1062 3977 1320 4078 conditione
1374 3979 1573 4098 dedunt,
1606 4013 1656 4080 ut
1705 3978 1835 4079 saluti
1847 4014 1860 4114 t

454 4115 647 4219 libertati
681 4114 955 4262 fortunisque
992 4120 1076 4220 suis
1113 4159 1386 4263 parceretur.
1826 4111 1851 4227 l

526 4273 688 4363 ΧΧΠΙ.
765 4265 927 4366 Dedita
963 4262 1100 4384 urbe,
1131 4304 1278 4368 arcem
1314 4308 1496 4410 quoque
1533 4263 1679 4371 multis
1715 4239 1837 4376 torrd

457 4401 512 4503 tis
549 4444 808 4548 oppugnare
844 4411 1196 4553 agrediuntur,
1231 4452 1324 4552 quo
1361 4453 1402 4511 se
1439 4412 1559 4515 bona
1594 4450 1689 4552 pars
1725 4375 1825 4706 oppl

457 4586 620 4650 notum
655 4588 908 4692 receperat:
943 4555 1018 4654 sed
1059 4555 1222 4657 multos
1259 4556 1349 4658 dies
1400 4558 1674 4661 continenter
1708 4597 1742 4700 q
