4102 5864
556 451 803 536 CAROLI
846 455 898 535 V.
943 455 1058 536 LIB.
1093 455 1233 536 XXV.
1477 464 1564 554 337

143 687 177 732 „
194 648 346 711 eorum
382 608 674 713 temeritatem
711 649 758 711 et
789 613 1114 753 arrogantiam,
1150 615 1230 754 qui
1265 614 1408 718 studio
1443 648 1589 727 rerum

137 831 173 876 „
189 792 409 856 novarum
442 754 607 855 inducti
635 754 872 855 Ecclesiam
894 754 1205 876 Catholicam,
1237 758 1282 859 id
1305 799 1394 880 est,
1416 764 1589 864 univer-

138 974 173 1017 „
189 899 354 1017 salem,
385 899 686 1039 impugnant,
727 934 769 996 et
812 937 1098 999 communem
1139 901 1383 1043 Religionis
1427 940 1586 1007 statum

139 1040 428 1165 „convellere
465 1042 665 1159 ‚nitentes
739 1038 960 1178 publicam
1029 1041 1379 1145 Christianorum
1430 1086 1583 1184 pacem

136 1258 172 1301 „
187 1180 458 1320 perturbant.
495 1194 560 1280 Ex
595 1222 689 1322 quo
732 1221 878 1282 rerum
913 1181 961 1282 in
1004 1184 1235 1324 Religione
1278 1189 1583 1290 novandarum

140 1324 334 1442 „studio
370 1323 561 1423 maxima
603 1361 645 1422 ct
681 1322 872 1424 maxime
914 1325 1112 1426 omnium
1146 1327 1393 1431 civitatibus
1435 1331 1583 1469 perni-

139 1463 304 1584 „ciosa
340 1465 453 1565 mala
489 1503 614 1603 saepe
649 1467 886 1584 exstitisse,
925 1467 960 1564 si
994 1507 1058 1565 res
1095 1506 1200 1569 esset
1244 1470 1412 1590 dubia,
1450 1510 1582 1612 negat

135 1603 271 1727 „sibi
312 1602 407 1708 fore
448 1605 625 1706 difficile
677 1608 823 1706 multis
873 1609 1078 1744 exemplis
1126 1610 1420 1733 confirmare,
1470 1653 1581 1752 quae

139 1747 346 1986 „partim
382 1792 407 1849 a
443 1749 581 1848 doctis
616 1746 869 1849 hominibus
913 1750 1162 1890 acceperit,
1199 1756 1357 1892 partim
1402 1754 1493 1890 ipse
1534 1758 1580 1856 in

137 1967 172 2008 „
220 1891 376 1989 istoriis
411 1891 589 2030 legerit:
626 1892 697 1990 sed
732 1888 841 1995 nihil
876 1930 986 2030 opus
1022 1933 1105 1992 csse
1129 1897 1310 1994 externis
1338 1898 1577 1995 documen·-

137 2109 172 2151 „
187 2031 269 2150 tis,
304 2071 406 2132 cunr
441 2032 525 2172 ipsi
571 2031 777 2131 Germani
813 2032 897 2131 suis
933 2032 1053 2133 malis
1095 2035 1240 2134 edocti
1274 2037 1393 2154 sint,
1429 2072 1470 2136 et
1505 2076 1580 2135 ce-

42 2253 69 2277 .
136 2251 172 2293 „
192 2174 291 2275 teris
326 2215 412 2274 esse
437 2172 603 2313 possint
637 2172 872 2273 clarissimo
895 2174 1093 2313 exemplo
1130 2210 1172 2273 et
1199 2176 1477 2276 testimoni0.
1512 2177 1580 2277 Sic

136 2315 321 2454 „igitur
357 2355 524 2419 censere
538 2393 553 2435 ,
588 2314 840 2454 hortarique
874 2351 916 2418 ct
952 2355 1105 2457 rogare
1141 2329 1413 2438 Germanos,
1430 2354 1479 2417 ut
1511 2357 1580 2416 su-

137 2534 172 2577 „
186 2460 407 2595 periorum
444 2457 758 2563 dissensionum
797 2455 927 2557 obliti
959 2497 1110 2559 omnes
1144 2461 1198 2558 de
1234 2461 1445 2599 religione
1471 2499 1577 2560 con-

135 2675 171 2719 „
188 2601 416 2700 troversias
455 2603 510 2701 ad
545 2598 798 2700 Concilium
833 2599 1178 2698 Ecclesiasticum
1220 2602 1416 2741 generale
1459 2601 1578 2727 diju-

135 2818 171 2861 „
187 2741 387 2845 dicandas
422 2742 650 2876 rejiciant,
688 2750 864 2881 ejusque
899 2741 1066 2871 judicio
1102 2778 1212 2840 stare
1249 2741 1510 2841 constituant
1536 2774 1578 2839 ct

135 2961 171 3003 ‚,
188 2885 495 3023 polliceantur.
532 2886 671 3002 Quod
706 2881 961 2982 Concilium
994 2918 1044 2982 ut
1078 2882 1227 3021 primo
1264 2900 1443 3022 quoque
1469 2917 1580 2983 tcm-

136 3103 172 3145 „
188 3064 293 3164 pore
336 3062 515 3168 cogatur
556 3103 572 3144 ,
628 3065 715 3125 sese
758 3023 883 3124 omni
924 3063 1009 3163 ope
1051 3060 1308 3125 conaturum
1361 3023 1580 3163 promittit

136 3204 315 3308 „atquc
351 3167 617 3272 confirmats
653 3167 831 3268 interim
866 3205 971 3265 vero
1008 3167 1115 3265 dum
1157 3166 1411 3267 Concilium
1452 3164 1581 3302 cogi-

136 3386 170 3429 „
186 3344 254 3408 tut
287 3390 299 3426 ‚
335 3312 458 3411 etin
495 3352 546 3410 eo
582 3312 636 3409 de
673 3307 799 3408 rebus
835 3306 979 3408 dubiis
1014 3342 1059 3408 et
1093 3307 1377 3408 controversis
1413 3304 1582 3403 delibe-

136 3528 170 3571 „
186 3486 343 3574 ratur,
388 3453 493 3553 ritus
545 3448 796 3551 Catholicus
848 3489 925 3589 per
975 3490 1156 3552 omnem
1207 3445 1487 3551 Germaniam
1533 3444 1582 3542 in

136 3595 405 3731 „pristinam
438 3593 796 3694 consuetudinem
831 3628 1089 3710 revocetur,
1110 3628 1152 3691 ct
1188 3587 1244 3689 ab
1269 3630 1323 3688 eo
1342 3626 1421 3687 nec
1439 3583 1583 3724 publi-

138 3775 266 3857 „ce,
287 3777 366 3838 nec
391 3737 596 3877 privatim
630 3734 721 3832 ullo
755 3735 856 3833 loco
891 3735 1145 3833 discedatur.
1182 3742 1287 3830 Hoc
1321 3741 1386 3861 jus
1421 3767 1506 3827 esse
1542 3743 1586 3825 tt

137 3873 281 3998 „fas;
320 3879 404 3978 hoc
440 3876 689 3977 commodis
725 3912 768 3975 ct
803 3873 1008 4015 dignitati
1053 3884 1374 3973 Germanorum
1419 3906 1584 3969 conve-

138 4098 170 4142 „
187 4021 280 4120 nire
316 4059 328 4126 3
364 4018 449 4121 hoc
484 4019 740 4117 eorumdem
775 4017 1019 4115 constantia
1060 4051 1103 4114 et
1144 4016 1357 4155 gravitate
1398 4011 1585 4148 dignum
1646 4044 1654 4058 ·

140 4201 311 4283 „esset
347 4163 403 4262 ad
437 4198 655 4262 summam
688 4157 776 4259 hoc
813 4158 940 4257 omni
980 4198 1032 4257 ex
1067 4193 1187 4296 parte
1228 4158 1285 4256 ad
1327 4150 1585 4254 Germaniae

143 4301 358 4423 „bonum
396 4301 619 4441 publicum
654 4301 917 4441 pertinere.“
960 4433 961 4436 Ν

211 4455 420 4546 XXXVI.
493 4445 613 4543 Huic
652 4440 842 4541 orationi
877 4439 1028 4539 Caroli
1063 4440 1241 4557 cuncti,
1279 4433 1359 4577 qui
1395 4434 1589 4556 aderant,

140 4622 413 4706 annuerunt,
432 4600 512 4687 nec
547 4578 632 4684 fuit
667 4582 871 4682 omniurn
907 4581 1138 4721 quisquam
1173 4619 1252 4680 nec
1271 4580 1492 4716 Princeps,
1509 4607 1591 4675 nec

140 4728 307 4867 legatus
344 4807 358 4848 ,
395 4730 475 4871 qui
511 4737 600 4863 ejus
651 4723 868 4832 voluntati
903 4762 953 4822 ac
1006 4724 1238 4825 sententiae
1286 4713 1590 4860 refragaretut.·

215 4872 324 4974 Tam.
346 4877 401 4972 Il.
1080 4871 1155 4965 Vv
1509 4866 1597 4951 lta-
