4192 5858
536 446 780 530 cauom
823 448 876 527 v.
918 447 1246 575 tratxxru.
1487 453 1573 542 257

141 601 302 707 miratu
340 604 550 705 Carolum
583 602 754 704 visendi
807 637 850 706 et
894 603 1108 703 salutandi
1159 603 1295 746 gratia
1347 609 1523 731 venit,
1561 647 1605 714 et

141 751 310 893 apud
298 788 442 891 rpsum
481 785 524 849 et
560 748 750 848 Mariam
793 747 975 849 amitam
986 749 1319 918 jucundissime
1373 757 1462 854 dies
1507 688 1600 856 ’ali-

142 933 258 1037 quot
295 928 568 995 commorata
605 928 694 993 est.
745 893 995 994 Venerat
984 931 1032 991 1n
1072 903 1162 1023 ejus
1202 896 1418 999 comitatu
1456 906 1598 1007 Tam·

129 1078 229 1180 pa,
271 1036 477 1137 Francisci
512 1036 645 1178 Regis
693 1036 939 1138 concubina
973 1075 1131 1176 ,quae
1167 1078 1271 1139 cum
1306 1044 1596 1183 Antuerpiam

135 1220 418 1322 progressa,
471 1215 633 1321 tapetes
682 1215 726 1279 et
757 1180 904 1279 aulaea
941 1181 1173 1282 coemendi
1206 1220 1346 1324 grana
1399 1184 1596 1288 tabernas

138 1326 310 1445 adiret,
346 1339 513 1466 magno
547 1362 787 1487 puerorum
832 1362 1077 1444 concursu,
1113 1330 1199 1425 haec
1252 1359 1311 1425 ert
1344 1331 1464 1467 liegis
1501 1373 1594 1432 cort-

137 1475 270 1571 cubinu
308 1468 629 1589 clamantium,
668 1469 715 1568 in
754 1465 999 1609 hospitium
1038 1470 1179 1570 redire
1215 1508 1363 1571 coacta
1395 1511 1491 1595 est,
1523 1515 1594 1576 re

138 1653 225 1755 que
261 1608 455 1733 infecta,
490 1612 703 1711 Bruxellas
739 1612 879 1711 redit
919 1620 1024 1710 Hoc
1060 1616 1277 1755 cognito,
1311 1553 1494 1720 Carolus
1528 1654 1593 1720 ta

135 1794 257 1899 petes
290 1754 434 1857 eidem
468 1756 703 1896 aulaeaque
738 1755 850 1855 tanti
888 1756 1020 1894 pretii
1053 1759 1173 1857 dono
1213 1760 1373 1881 misit,
1404 1797 1454 1861 ut
1506 1766 1592 1863 du

134 1940 336 2006 catorum
364 1938 597 2004 aureorum
630 1896 821 2001 millibus
856 1899 1143 2041 quadraginta
1179 1904 1364 2046 amplius
1395 1908 1593 2008 aestima

133 2082 309 2150 rentur
1671 2144 1673 2146 ,

202 2202 400 2296 XXXV.
478 2202 529 2291 In
583 2189 766 2293 discessu
807 2188 1047 2334 Reginae,
1084 2191 1310 2294 Carolo
1297 2233 1439 2335 rpsam
1487 2234 1591 2300 cum
1655 2296 1656 2300 t

132 2375 366 2479 procerum
401 2336 613 2436 comitatu
647 2338 924 2455 deducente,
960 2339 1205 2437 Fernandus
1240 2351 1487 2502 Gonzaga,
1518 2351 1590 2442 Pe

133 2514 312 2624 trusque
347 2478 559 2581 Corduba
595 2477 738 2579 Feriae
785 2494 996 2599 Comes,
1030 2468 1233 2581 nonduin
1268 2482 1593 2584 conscensise

133 2625 285 2766 quis,
333 2625 521 2726 Maniae
557 2623 763 2743 nobilis,
801 2621 1005 2765 pulchrae
1056 2658 1099 2724 et
1142 2620 1320 2725 festivae
1360 2668 1411 2727 ex
1449 2626 1592 2771 Regi-

133 2807 216 2869 nae
248 2766 484 2870 comitibus
523 2768 903 2888 adolescentulae,
942 2806 1079 2908 quam
1112 2805 1294 2908 uterque
1330 2766 1591 2891 adamabat,

99 2911 266 3048 ’latera
311 2912 618 3022 claudebant,
656 2913 731 3011 sed
779 2910 969 3011 humeris
1028 2907 1144 3012 forte
1195 2912 1371 3055 delapso
1429 2913 1591 3054 pallio,

132 3065 377 3198 Gonzaga,
417 3094 466 3158 ut
500 3098 554 3158 eo
588 3093 781 3158 resumto
817 3096 904 3156 sese
936 3093 1209 3197 compararet
1226 3134 1241 3177 ,
1278 3098 1383 3157 cum
1411 3056 1591 3157 restitis

133 3236 228 3320 set,
247 3201 490 3304 Comes
444 3202 684 3342 ‚rmposita
721 3201 768 3303 in
803 3239 968 3340 equum
1009 3202 1206 3341 puella,
1197 3239 1288 3341 rpse
1324 3240 1451 3301 suum
1484 3241 1590 3300 con-

133 3280 332 3467 sceridit,
367 3387 497 3488 seque
530 3347 634 3446 loco
672 3346 728 3445 ad
764 3343 1110 3485 colloquendum
1147 3384 1406 3486 opportuno
1447 3345 1590 3442 collo

132 3489 295 3590 cavit:
336 3491 411 3591 sed
449 3530 544 3591 non
582 3490 660 3590 diu
693 3527 978 3659 progressus,
1014 3532 1039 3589 a
1075 3489 1239 3591 Carolo
1297 3484 1444 3588 forte
1458 3525 1590 3587 voca-

133 3667 242 3754 tus,
276 3633 605 3755 discessit,in
557 3643 843 3774 mejusque
899 3633 1051 3732 locum
1098 3622 1314 3775 Gonzaga
1369 3630 1586 3732 succedit.

129 3786 235 3878 Hoc
271 3788 434 3890 Comes
475 3817 664 3880 reversus
699 3819 803 3880 curn
841 3771 968 3889 ferret
1002 3777 1218 3898 moleste,
1251 3779 1363 3877 inter
1392 3779 1502 3876 duos
1542 3819 1590 3876 e

130 3960 279 4061 quos,
309 3923 468 4065 quibus
498 3934 712 4064 Gonzaga
749 3921 999 4061 Martiaque
1030 3919 1390 4046 invehebantur,
1415 3961 1493 4019 suo
1527 3919 1590 4017 ci

128 4092 225 4164 tato
261 4106 348 4167 sese
381 4067 590 4170 immisit
632 4075 758 4167 Tum
801 4076 1055 4208 Gonzaga.
1097 4073 1256 4169 Obsecro
1294 4099 1374 4183 te,
1411 4061 1588 4203 inquit,

129 4216 289 4331 Comes,
327 4217 507 4351 intelligis
547 4217 645 4348 quud
672 4214 812 4348 fluis?
849 4223 953 4347 Ego
989 4235 1078 4314 uero
1127 4221 1328 4333 maxime,
1359 4141 1594 4347 iespondet

129 4353 237 4473 ille,
274 4288 336 4454 lic
379 4397 481 4457 nreus
519 4363 620 4456 locus
660 4386 749 4475 est,
769 4387 812 4453 ta
843 4360 1024 4489 poteris,
1063 4398 1095 4453 st
1088 4362 1176 4457 lib
1178 4387 1249 4475 et,
1278 4360 1319 4452 in
1352 4353 1593 4490 partemcl-

131 4528 249 4596 teram
282 4508 479 4602 transire.
538 4513 594 4602 Et
629 4499 870 4600 Fernandus
914 4507 1177 4640 Gonzaga:
1216 4507 1320 4598 Itane
1365 4493 1592 4634 ,inquit‚

131 4679 180 4738 ac
219 4638 409 4744 indicem
446 4645 727 4763 momordit,
769 4640 922 4743 Italico
963 4679 1086 4742 more
1129 4641 1389 4744 minitandi.
1430 4655 1593 4743 Comes

132 4819 278 4886 autem
314 4789 462 4889 dextra
497 4788 632 4931 gladii
668 4788 874 4932 capulum
911 4787 1236 4931 apprehendit,
1275 4789 1484 4929 idemque
1528 4777 1598 4881 fe

201 4929 314 5031 Tum
336 4938 392 5034 ΙΙ.
594 5032 599 5041 ,
1181 4936 1256 5038 Kk
1543 4921 1603 5025 cit
1741 4909 1746 4918 ’
