4042 5864
110 584 366 674 Durensemque
412 577 584 653 Comitem
617 579 774 664 mittere,

108 684 171 779 qui
197 683 240 755 de
262 681 351 778 pacis
373 679 620 752 conditionibus
654 678 775 750 transi·

108 801 216 882 gant.
244 784 290 851 11.
320 780 402 866 298.
445 781 576 852 Bellum
603 777 773 862 ducendo,

109 903 169 955 aut
185 880 247 951 alia
259 882 386 952 ratione
401 882 567 953 'cnorum
576 878 620 950 ad
635 879 775 973 aequio-

867 580 1004 652 nianum
1027 577 1180 652 centurio
1201 579 1412 680 eruptionem
1428 576 1529 650 facit.

866 685 913 750 ΙΙ.
948 685 1025 771 167.
1063 680 1247 751 Hostilium
1281 697 1530 752 tormentorum

866 780 1031 869 majorum
1042 777 1206 854 foramina
1223 777 1335 856 ferreis
1353 781 1453 853 clavis
1464 774 1529 850 ob·

865 880 980 950 struit.
1005 879 1150 950 11.168.

106 1005 160 1059 res
183 979 271 1078 pacis
296 978 505 1053 conditiones
529 980 686 1064 inducere
712 977 773 1049 de-
815 978 1033 1051 Madritiense
1052 976 1196 1050 foedus.
1218 984 1248 1052 1.
1266 999 1347 1069 292.
1389 1039 1395 1051 .

108 1099 270 1152 cernunt.
293 1084 340 1150 ΙΙ.
365 1099 447 1166 299.
478 1089 597 1166 Castra
622 1096 771 1149 movent.
814 1078 1044 1152 Madritienses
1067 1082 1194 1151 Carolo
1227 1080 1263 1152 in
1291 1076 1457 1159 ‚Concilio
1483 1071 1530 1145 ad

107 1182 155 1253 11.
172 1198 255 1267 299.
280 1178 340 1251 Ad
353 1179 500 1252 Haidem
516 1177 772 1250 munitissimum
860 1178 1007 1249 Flavium
1050 1179 1260 1276 Brigantium
1307 1198 1441 1276 peracto
1466 1171 1532 1245 *de

107 1283 277 1350 castellum
293 1299 398 1351 castra
413 1280 584 1351 muniunt.
599 1280 645 1346 ΙΙ.
662 1300 738 1371 300.
861 1277 992 1348 tributo
1016 1276 1212 1372 imperando
1241 1274 1471 1377 refragantur.
1498 1272 1528 1341 1·

58 1377 325 1451 Lutheranorum
361 1379 396 1450 in
419 1376 604 1452 Germania
636 1375 771 1474 conspi·
862 1380 920 1446 60.
945 1376 1193 1474 Sagoviensibus
1217 1375 1441 1447 ducentorum
1461 1372 1528 1449 ho·

109 1477 215 1548 ratio.
235 1481 282 1548 ΙΙ.
300 1480 379 1569 278.
860 1476 990 1546 minum
1014 1474 1174 1549 auxilium
1194 1475 1353 1553 mittunt.
1371 1481 1399 1545 Ι.
1418 1480 1478 1562 64.
1541 1487 1569 1507 “

58 1576 198 1649 Lutberi
225 1577 414 1664 (Martini)
436 1574 687 1651 Haeresiarchae
702 1575 770 1647 im·
812 1574 1031 1652 Madritiensis
1047 1573 1260 1661 (Matthias)
1273 1576 1380 1657 miles,
1398 1571 1526 1668 primus

107 1677 211 1773 pietas
231 1697 264 1745 et
287 1675 436 1748 fraudes.
460 1684 489 1749 l.
506 1695 588 1770 193.
610 1674 769 1762 Ejusdem
858 1672 1011 1748 omnium
1034 1673 1233 1769 praetoriam
1257 1676 1448 1744 Turcarum
1463 1668 1527 1741 tri·

107 1775 269 1848 librorum
281 1777 380 1845 lectio
397 1776 552 1873 gravibus
564 1776 678 1871 poenis
691 1798 770 1873 pro-
860 1797 983 1844 remem
999 1771 1214 1844 conscendit.
1229 1774 1276 1841 II.
1299 1796 1378 1842 120.
1541 1795 1542 1798 ’

109 1873 223 1973 positis
245 1874 451 1969 prohibetur.
469 1881 515 1946 11.
530 1895 614 1966 403.
809 1873 1009 1951 Madritium
1029 1872 1138 1968 Regia
1166 1870 1315 1942 Consilia
1347 1866 1525 1940 Valdolito

57 1971 192 2043 Lutetia
215 1972 423 2050 Parisiorum.
441 1978 468 2041 Ι.
484 1973 670 2063 241.etlI.
689 1994 768 2065 103.
858 1970 1081 2043 conveniunt.
1114 1973 1162 2038 11.
1191 1970 1270 2062 183.
1309 1968 1393 2038 Inde
1416 1965 1525 2064 Regia

56 2069 269 2166 Luthphinus
294 2071 388 2139 Bassa
410 2070 445 2138 in
474 2070 582 2140 sinum
618 2070 769 2142 Adriati-
859 2069 1008 2143 Consilia
1030 2064 1241 2139 Valdolitum
1260 2065 1524 2138 transferuntur.
1574 2123 1577 2132 .

107 2193 186 2242 cum
203 2191 280 2237 curn
302 2169 398 2238 classe
415 2168 479 2239 iter
499 2169 621 2241 habet.
646 2175 693 2240 ΙΙ.
711 2193 768 2259 15.
859 2173 906 2241 II.
933 2186 1011 2259 149.
1259 2228 1261 2231 ,

108 2274 148 2341 ln
174 2266 331 2361 Apuliam
364 2267 514 2355 trajicit,
541 2286 575 2338 ct
609 2272 768 2339 Castrum
810 2267 1027 2342 Madruccius
1053 2272 1069 2353 (
1082 2263 1368 2362 Christophorus)
1390 2270 1523 2340 Rorna-

858 2391 921 2438 nus
937 2364 1124 2437 Cardinalis
1137 2367 1354 2436 Tridentinus
1382 2365 1522 2460 Episco-

859 2488 921 2563 pus
942 2453 1090 2539 Romam
1113 2488 1131 2534 a
1153 2466 1280 2534 Carolo
1304 2465 1417 2534 missus
1442 2486 1521 2536 cum

858 2565 961 2637 Paulo
979 2569 1042 2632 ΙΙΙ.
1060 2563 1128 2660 agit
1144 2562 1186 2631 dc
1203 2561 1326 2634 auxilio
1340 2562 1383 2632 ad
1396 2563 1519 2633 bellum

858 2663 1010 2735 adversus
1026 2663 1215 2732 Germanos
1230 2663 1457 2732 Lutheranos.
1475 2662 1521 2730 Il.

860 2786 939 2854 170.
969 2760 1236 2831 Maximilianum
1264 2759 1297 2829 in
1320 2760 1518 2855 Hispaniam

858 2879 1054 2930 assectatur.
1069 2865 1115 2927 ll.
1133 2880 1213 2950 347.
1225 2860 1392 2953 sponsalia
1410 2859 1522 2930 Maxi·

858 2957 983 3028 miliani
1010 2981 1088 3027 cum
1104 2959 1210 3027 Maria
1235 2957 1398 3028 Valdoliti
1420 2981 1521 3027 reno-

857 3078 937 3139 vat,
957 3075 990 3125 et
1019 3055 1151 3151 nuptias
1170 3057 1336 3126 celebrat.
1365 3062 1410 3126 Il.
1439 3078 1519 3149 340.

856 3155 1046 3250 Philippum
1073 3153 1117 3225 ad
1156 3155 1339 3250 Rhodopes
1381 3177 1518 3251 portum

858 3254 1122 3351 proficiscentem
1146 3255 1349 3323 comitatur.
1373 3257 1419 3322 ΙΙ.
1439 3277 1520 3346 340.

856 3354 996 3450 Philippi
1012 3350 1244 3424 Mediolanum
1266 3352 1417 3423 intrantis
1433 3354 1517 3425 dert-

856 3473 948 3525 trum
970 3455 1055 3523 latus
1073 3449 1218 3522 claudit.
1243 3456 1288 3521 ΙΙ.
1310 3458 1388 3544 361.
1423 3456 1520 3523 Con-

107 2364 272 2462 oppidum
303 2389 444 2462 parvum
476 2390 546 2437 non
579 2369 697 2464 procul
723 2368 768 2438 ab

107 2464 297 2560 Hydrunto
319 2466 406 2560 capit
418 2513 429 2546 ,
443 2467 682 2561 popularesque
694 2467 769 2538 vio·

107 2566 175 2636 lata
197 2560 263 2632 fide
286 2582 344 2633 aut
367 2562 491 2634 occidit
509 2615 520 2650 ,
538 2586 595 2634 aut
613 2567 648 2637 in
665 2564 767 2634 servi·

107 2680 217 2733 tutem
243 2660 424 2732 abstrahit.
453 2668 499 2733 ΙΙ.
525 2687 581 2732 20.
616 2667 698 2733 Suos
723 2663 768 2735 ad

10 2829 14 2843 ,,
109 2784 207 2830 naves
226 2758 354 2829 reducit
370 2809 380 2842 ,
398 2785 436 2831 ac
460 2761 585 2856 Apulia
600 2760 768 2834 discedens

29 2935 31 2937 .
109 2860 279 2929 Aulonem
303 2862 497 2927 revertitur.
520 2861 566 2927 II.
580 2884 638 2929 21.

55 2954 333 3053 Luxemburgum
361 2980 380 3024 a
404 2958 569 3055 Gonzaga
598 2957 766 3055 recipitur.

109 3058 155 3125 ΙΙ.
180 3060 262 3144 146.
290 3053 466 3150 Oppidum
496 3057 766 3130 munitissimum.

109 3156 156 3224 ll.
177 3155 255 3246 378.
278 3155 324 3222 V.
340 3157 576 3247 heremburgam.

57 3258 178 3326 Luzon
202 3250 415 3338 (Franciscus
432 3255 447 3334 )
466 3259 609 3351 Legatus
632 3252 766 3325 Madri-

108 3349 236 3432 tiensis,
252 3351 423 3421 ‘Castellae
443 3352 599 3423 Concilio
620 3353 765 3424 interest.

109 3451 155 3516 11.
172 3472 230 3540 71.

56 3549 221 3645 Lycuriae
240 3547 393 3618 Marchio
415 3548 448 3619 in
473 3550 621 3649 Protegit
643 3550 766 3623 Siciliae

856 3551 964 3624 tendit
982 3549 1026 3622 ad
1045 3550 1234 3645 Philippum
1248 3555 1412 3620 Asturum
1425 3551 1519 3622 Prin⁴

106 3647 220 3715 locum
239 3643 424 3717 sufficitur.
448 3650 476 3716 Ι.
500 3668 555 3741 39.

856 3653 963 3747 cipem
987 3648 1236 3744 recipiendum.
1265 3654 1312 3719 ΙΙ.
1343 3652 1421 3740 366.
1452 3651 1517 3720 Ni-

57 3750 168 3841 Lycus
190 3743 309 3818 lluvius
335 3748 483 3816 Sueviam
518 3766 552 3817 et
592 3747 763 3821 Bavariam
856 3750 903 3821 hil
924 3747 984 3818 sibi
1002 3750 1120 3839 reliqui
1142 3747 1222 3818 facit
1238 3747 1282 3817 ad
1301 3747 1441 3844 Philippi
1459 3748 1518 3820 ad-

107 3842 356 3912 disterminans.
376 3848 421 3912 ll.
439 3868 520 3938 173.
854 3867 994 3917 ventum
1014 3844 1271 3916 celebrandum.
1289 3851 1335 3915 II.
1355 3871 1431 3940 371.
1459 3848 1519 3920 Ad

54 3947 273 4037 Lypomanus
283 3943 439 4037 Aloysius
449 3942 651 4015 Tridentino
667 3950 765 4015 Con-
857 3945 1049 4018 Concilium
1074 3943 1312 4015 Tridentinum
1337 3946 1517 4017 convenit.

106 4038 183 4108 cilio
200 4043 304 4108 Nuntii
321 4044 456 4112 nomine
469 4063 605 4139 praeest.
621 4045 666 4112 ΙΙ.
678 4066 763 4137 404.
856 4050 903 4116 ΙΙ.
920 4066 1002 4136 404.

57 4138 154 4235 Lyris
175 4137 301 4207 amnis.
325 4145 354 4208 Ι.
373 4162 504 4213 202.et
523 4145 605 4232 256.
808 4144 1022 4223 Madruccius
1054 4151 1070 4230 (
1091 4142 1248 4214 Nicolaus
1273 4143 1288 4224 )
1329 4145 1515 4217 Cardinalis

854 4245 973 4329 frater,
987 4268 1028 4314 ex
1049 4243 1161 4338 primis
1176 4244 1291 4312 Caroli
1310 4245 1455 4315 Caesaris
1473 4243 1517 4315 ad

377 4297 452 4422 M
854 4346 1034 4414 exercitum
1059 4339 1248 4437 praefertis.
1264 4348 1310 4425 11.
1328 4368 1404 4437 371.
1422 4344 1519 4431 Qua-
1562 4349 1563 4352 ’

854 4462 935 4512 tuor
969 4445 1219 4513 Germanorum
1265 4444 1367 4534 millia
1403 4442 1517 4538 portui

854 4541 990 4612 Veneris
1005 4540 1162 4610 admovet
1176 4590 1187 4623 ,
1200 4558 1234 4608 et
1245 4542 1421 4640 Neapolim
1439 4566 1514 4638 pro⁴

854 4661 964 4739 perat.
990 4646 1036 4712 ll.
1064 4642 1150 4733 438.
1181 4647 1213 4710 A
1239 4643 1388 4714 Turcica
1417 4639 1514 4714 classe
1536 4706 1539 4709 ,

853 4741 983 4836 capitur
1010 4791 1020 4823 ,
1050 4761 1128 4809 111
1162 4739 1402 4838 Christophoro
1436 4746 1515 4814 Ma-

852 4840 990 4911 druccio
1012 4838 1112 4910 fratre
1135 4839 1250 4938 viginti
1277 4845 1419 4915 millibus
1452 4865 1515 4911 au-

853 4964 985 5014 reorum
1014 4940 1216 5014 ducatorum
1243 4943 1439 5018 redimitur.
1468 4945 1515 5010 ΙΙ.

852 5059 934 5135 4390
1165 5050 1221 5113 Ml.
1442 5043 1519 5113 Ma‘

57 4484 328 4604 thedoniae
350 4534 503 4631 Princeps
530 4535 674 4608 militum
702 4536 762 4608 tri-

108 4630 215 4698 bunus
247 4634 423 4704 commisso
454 4638 575 4731 praelio
608 4639 761 4708 vulnera-

107 4748 183 4801 tur.
206 4733 351 4818 ll.“411.
561 4758 566 4792 t

56 4825 247 4897 Machicaus
273 4829 416 4899 militurn
440 4834 603 4905 tribunus.
619 4838 665 4904 II.
682 4833 761 4928 438.

55 4924 219 4998 Machuca
261 4931 526 5008 castellanorum
563 4932 608 5006 ad
648 4934 763 5031 Perpl-
