4192 5858
487 453 577 542 244
872 439 974 520 ou:
1007 435 1205 518 uerus
1244 431 1481 519 eusrrsw
1515 523 1522 528 ,

446 637 565 702 totus
603 632 747 700 mente
787 630 830 698 et
867 596 1019 695 animo
1057 595 1105 694 in
1148 591 1313 694 bellurn
1345 590 1563 694 Gallicum
1604 592 1909 696 renovandum

450 746 701 860 insisteret,
737 739 845 839 nihil
882 740 964 840 sibi
1000 737 1440 880 praetermittendum
1472 776 1560 837 esse
1595 741 1909 860 constituerat,

451 890 578 1032 quod
612 888 668 988 ad
702 924 795 987 rem
832 881 1153 984 conficiendam
1198 877 1452 982 facultatem
1503 880 1702 1021 aliquam
1750 882 1907 984 habere

453 1034 701 1137 videretur
756 1042 878 1130 Cum
924 1027 1092 1167 igitur,
1130 1060 1366 1167 antequam
1417 1067 1469 1127 ex
1506 1027 1721 1166 Hispania
1770 1028 1908 1167 profi

399 1284 403 1289 f
454 1179 714 1292 cisccretur,
748 1169 803 1273 ab
839 1171 1038 1271 Henrico
1089 1171 1401 1273 Britannorum
1437 1183 1561 1311 Rege
1619 1209 1756 1272 missa
1785 1173 1912 1314 lega-

454 1323 580 1422 tione
615 1362 664 1420 so
665 1318 848 1417 licitatus
878 1309 1063 1432 misser,
1090 1353 1141 1414 ut
1173 1315 1441 1417 Franciscum
1471 1328 1645 1476 Regem
1679 1315 1911 1417 Gallorum

456 1502 745 1566 communem
792 1459 965 1561 hostem
1016 1457 1332 1560 communibus
1385 1497 1516 1560 arnus
1570 1494 1914 1602 oppugnarent,

456 1614 512 1710 ad
550 1607 667 1707 hunc
705 1604 858 1705 eadem
897 1607 951 1705 de
987 1641 1031 1704 re
1069 1606 1342 1704 Fetnandum
1374 1612 1666 1747 Gonzagam,
1688 1642 1732 1707 et
1770 1612 1913 1741 Joan

458 1791 561 1853 nem
593 1750 829 1890 Baptistam
854 1748 1112 1849 Gastaldum
1132 1758 1323 1891 Legatos
1361 1750 1515 1870 misit,
1553 1789 1631 1890 per
1670 1789 1784 1891 quos
1810 1789 1915 1890 gra-;

458 1898 519 1998 tia
557 1896 667 1997 inter
713 1932 786 1995 eos
824 1892 1043 2033 Principes
1099 1895 1429 2016 reconciliata,
1468 1932 1511 1993 et
1555 1892 1686 1995 belli
1707 1895 1914 1995 societate

455 2040 740 2157 constituta,
736 2037 975 2137 Henricus
1007 2040 1243 2140 necessaria
1275 2036 1393 2139 bello
1433 2078 1686 2180 comparare
1732 2040 1910 2180 coepit.

529 2195 634 2286 XX
707 2181 890 2282 Carolus
927 2223 952 2281 a
991 2184 1195 2285 Bruxellis
1228 2184 1396 2326 Spiram
1441 2182 1597 2284 urbem
1631 2222 1912 2325 progressus,

453 2368 554 2472 quo
593 2339 917 2428 Germanorum
955 2326 1212 2430 Concilium
1244 2327 1507 2448 indixerat,
1542 2365 1642 2428 cum
1696 2365 1914 2469 principes

461 2474 779 2633 civitatumque
825 2471 958 2615 legati
1000 2465 1245 2635 hequentes
1279 2473 1627 2592 convenissent,
1663 2472 1782 2611 apud
1835 2469 1916 2571 hos

463 2619 518 2716 de
557 2615 710 2717 ceteris
767 2611 893 2717 rebus
945 2617 1001 2716 ad
1056 2617 1203 2719 otium
1258 2654 1302 2718 et
1350 2617 1546 2760 quietem
1600 2551 1915 2778 publicumque

462 2773 787 2863 Germanorum
822 2760 994 2861 bonum
1027 2760 1344 2902 pertinentibus
1392 2763 1531 2864 multa
1569 2759 1796 2869 disseruit3
1840 2801 1917 2860 ce-

465 2940 610 3006 terum
648 2907 696 3005 in
729 2944 929 3006 sermone
977 2905 1031 3005 de
1081 2905 1275 3008 motibus
1313 2904 1585 3010 Gallorum
1573 2943 1824 3046 mgressus,
1863 2904 1919 3004 de

335 3154 339 3160 ,
464 3049 676 3149 Francisci
704 3048 842 3191 Regis
876 3050 924 3148 in
961 3086 1078 3150 seer
1114 3051 1356 3191 Imperium
1396 3064 1705 3153 Romanorum
1749 3048 1919 3179 injuriis

465 3192 598 3295 verba
636 3186 766 3294 facit:
803 3230 853 3292 ur
900 3193 1038 3335 ruptis
1068 3233 1144 3337 per
1181 3235 1324 3296 causas
1363 3194 1498 3294 illatas
1544 3192 1762 3311 induciis,
1799 3190 1920 3291 bello

464 3336 728 3499 Hispaniam
761 3336 987 3437 lacessisset
1029 3338 1249 3480 ,oppido
1286 3339 1594 3479 Perpiniano,
1627 3331 1783 3438 frustra
1818 3334 1921 3478 qui

465 3479 603 3600 dem,
630 3481 747 3581 totis
782 3517 930 3581 tamen
967 3416 1126 3624 opibus
1176 3519 1470 3644 oppugnam,
1509 3482 1755 3622 eodemque
1801 3515 1921 3580 tem

463 3661 575 3785 pore
617 3622 975 3788 Luxemburgum
1030 3664 1281 3766 prrmarram
1332 3623 1485 3728 urbem
1534 3625 1704 3767 aliaque
1735 3623 1921 3788 oppida

464 3768 679 3937 imparata
710 3770 929 3868 rnvasisset
967 3806 1010 3872 er
1046 3806 1339 3911 occupasset,
1381 3770 1600 3911 simulque
1639 3767 1746 3868 de
1733 3767 1923 3868 rnrmico

464 3921 555 4072 ejus
591 3951 639 4012 ιιι
672 3949 825 4011 omnes
875 3914 1005 4052 pios,
1046 3951 1090 4014 et
1127 3953 1153 4013 a
1177 3913 1437 4055 Republica
1467 3912 1716 4014 Christiana
1770 3950 1923 4014 averso

462 4056 636 4154 animo
656 4091 700 4155 et
733 4053 940 4158 scelerato
981 4057 1165 4158 consilio
1201 4093 1557 4180 commemorat,
1588 4056 1668 4199 qui
1705 4096 1811 4157 cum
1843 4066 1925 4156 So-

463 4197 644 4359 lymano
681 4200 913 4300 communi
947 4235 992 4301 ec
1044 4203 1255 4304 acerrimo
1291 4201 1523 4306 Christiani
1562 4201 1757 4303 nominis
1795 4197 1927 4302 h‘oste

462 4340 569 4441 inita
608 4343 810 4444 societate
844 4377 887 4444 et
918 4343 1145 4466 amicitia,
1182 4345 1362 4452 classem
1396 4359 1484 4480 eJ'us
1511 4345 1667 4447 Tuccis
1703 4308 1926 4455 militibus

459 4522 664 4586 onustam
703 4489 757 4588 ad
790 4486 1061 4591 Christianos
1095 4494 1416 4659 oppugnandos
1450 4491 1640 4633 magnis
1650 4487 1759 4603 suis
1778 4498 1925 4650 jactu·

458 4629 516 4727 ris
555 4666 597 4729 et
625 4630 832 4771 impensis
856 4633 1142 4759 adduxerit,
1162 4668 1206 4734 et
1231 4638 1472 4774 praedones
1499 4643 1667 4747 Turcas
1701 4662 1837 4794 mpre
1850 4632 1928 4744 in-

453 4808 631 4891 ternum
666 4771 943 4922 infestantes,
982 4816 1033 4882 ut
1070 4781 1255 4918 impune
1285 4780 1465 4918 posunt
1493 4779 1650 4895 omni,
1655 4776 1777 4894 anni
1806 4812 1919 4878 tem

1834 4958 1919 5059 P0·
