4034 5858
478 526 554 574 nem
572 505 702 602 Vegam
714 503 890 598 Merynam
909 500 1048 572 insulam
1065 519 1140 572 ten-

409 625 412 633 ·
477 623 546 673 tare
560 603 673 697 jubet.
691 607 736 673 11.
757 603 835 694 488.
865 604 1042 674 Hazenum
1067 607 1140 675 Re-

477 727 553 800 gem
573 707 695 799 Regno
710 704 830 771 iterum
842 703 986 799 pulsum,
1001 720 1034 772 et
1053 725 1140 771 ocu-

478 803 515 872 lis
545 827 564 872 a
599 801 668 872 filio
692 803 840 888 11101110
871 800 1040 898 privatum
1077 799 1140 870 suis

478 900 630 996 impensis
647 901 715 971 alit.
738 906 785 971 II.
803 920 881 996 490.
898 899 1139 996 Aphrodisium

478 1003 549 1071 solo
571 1024 712 1095 aequare
727 1000 838 1090 jubet.
855 1006 900 1071 ΙΙ.
924 1018 1001 1093 499.
1016 1004 1049 1070 A
1067 1002 1142 1068 Fer·

478 1097 591 1171 nando
618 1099 717 1173 fratre
749 1099 853 1197 petit,
882 1120 920 1170 ut
950 1098 1010 1168 sibi
1044 1096 1140 1168 liceat

477 1224 558 1271 cum
573 1200 795 1297 Imperatoriis
813 1198 1047 1270 Delectoribus
1061 1221 1143 1296 age-

478 1323 514 1372 re
530 1320 592 1385 ,ut
616 1300 784 1396 Philippus
806 1298 895 1370 lilius
916 1297 1058 1394 'Imperii
1069 1304 1141 1371 Ro-

441 1471 444 1476 .
478 1401 567 1472 mani
611 1422 774 1472 successor
812 1398 1060 1469 constituatur.
1091 1402 1139 1467 II.

478 1523 561 1593 400.
611 1498 877 1572 Maximilianum
908 1523 949 1569 ex
969 1496 1142 1594 Hispania

479 1624 557 1671 curn
583 1622 693 1670 uxore
708 1601 814 1670 Maria
843 1616 978 1668 evocat.
994 1600 1042 1666 11.
1057 1620 1139 1688 400.

480 1701 539 1770 Ab
570 1698 728 1795 Hispania
764 1698 854 1767 abest
883 1716 957 1766 turn
985 1699 1032 1768 ob
1062 1696 1140 1765 alias

478 1821 609 1883 causas,
625 1818 700 1868 tum
715 1797 764 1867 ob
778 1797 900 1893 patriae
916 1795 1140 1872 dulcedinem.

478 1905 528 1970 II.
550 1920 636 1989 401.
664 1906 745 1969 Pace
767 1898 855 1968 facta
880 1920 958 1967 cnm
990 1896 1141 1967 Henrico

478 2005 594 2097 Rege,
614 2017 647 2067 et
669 1997 812 2068 induciis
843 2021 920 2068 cum
958 1998 1141 2094 Solymano

477 2098 580 2197 pactis
596 2097 653 2183 ,in
664 2122 737 2168 earn
752 2119 866 2167 curam
892 2096 1005 2167 insistit
1016 2117 1071 2180 ,ut
1087 2093 1143 2166 af-

477 2199 586 2271 flictae
617 2221 675 2295 per
708 2196 926 2269 Germaniam
971 2192 1143 2294 Religioni

476 2298 673 2379 subveniat,
689 2316 723 2366 et
749 2295 790 2365 de
814 2295 970 2366 Concilio
997 2293 1140 2393 generali

477 2394 676 2468 renovando
689 2418 768 2465 cum
784 2395 874 2486 Julio
890 2400 953 2464 III.
971 2416 1027 2487 per
1048 2395 1142 2488 lega-

479 2515 531 2566 tos
562 2495 653 2591 agit.
684 2499 732 2562 ΙΙ.
761 2514 847 2583 401.
888 2494 1138 2583 Germanorum

479 2595 672 2667 Concilium
702 2615 811 2663 rursus
841 2595 1030 2689 Augustam
1053 2591 1142 2660 Vin-

478 2693 660 2765 delicorum
687 2691 847 2763 advocat.
875 2696 924 2760 11.
950 2712 1035 2781 402.
1063 2694 1143 2762 Au-

478 2795 609 2893 gustani
644 2792 767 2864 decreti
797 2790 912 2862 violati
936 2789 1098 2861 1111001111
1119 2815 1141 2860 a

478 2894 653 2965 civitatum
674 2891 786 2988 legatis
821 2890 944 2985 poscit.
975 2895 1022 2960 II.
1053 2913 1139 2982 402.

477 2999 582 3090 Leges
602 2993 637 3062 in
662 2991 843 3060 haereticos
864 2987 950 3059 fert.
978 2994 1025 3059 II.
1053 3014 1140 3083 404.

477 3090 628 3161 Octavio
659 3090 811 3158 Famesio
838 3087 1010 3183 respondet
1030 3139 1041 3173 ,
1060 3099 1142 3162 Par-

478 3214 569 3262 mam
596 3209 630 3258 et
653 3185 852 3259 Placentiam
876 3186 920 3257 ad
948 3195 1139 3283 Imperato-

477 3293 560 3365 riam
583 3287 768 3359 clientelam
789 3286 973 3382 pertinere.
990 3287 1037 3362 Il.
1054 3294 1139 3383 406.

476 3411 510 3462 11
538 3412 621 3483 407.
664 3389 718 3458 Bis
754 3405 890 3459 eentum
938 3388 1139 3462 ducatorum
1178 3445 1184 3447 Δ

477 3511 654 3563 aureorum
680 3487 781 3558 millia
803 3488 894 3578 Julio
913 3490 1069 3562 Pontifici
1096 3488 1141 3560 ad

476 3590 602 3661 bellum
630 3587 782 3658 adversus
804 3588 992 3660 Farnesium
1022 3610 1141 3661 mutua

477 3688 606 3759 mittit.
622 3693 668 3757 II.
685 3710 769 3779 410.
790 3685 838 3755 Ut
854 3711 873 3756 1
890 3689 1047 3759 Concilio
1061 3688 1142 3759 Tri-

477 3787 616 3860 dentino
655 3808 689 3858 et
726 3785 874 3858 motibus
913 3788 1034 3859 Italicis
1062 3813 1143 3887 pro-

477 3888 551 3986 pius
562 3887 670 3972 absit,
696 3883 953 3981 Oenspruehum
973 3888 1075 3960 venit.
1091 3893 1140 3958 ΙΙ.

475 3993 561 4083 416.
589 3984 651 4058 Ad
675 3986 862 4081 Philippum
879 3985 986 4058 filium
1005 3989 1139 4073 mittit,

477 4108 517 4162 ut
540 4087 677 4158 militem
693 4087 881 4182 Hispanum
907 4106 941 4156 et
965 4088 1140 4181 pecuniam

477 4189 537 4261 sibi
556 4187 750 4259 submittat.
763 4191 810 4256 II.
822 4185 908 4275 418.
925 4188 984 4257 Ad
998 4189 1141 4258 Germa⁴

478 4291 551 4360 niae
583 4286 747 4383 Principes
774 4282 910 4367 scribit,
933 4286 1031 4357 etad
1053 4288 1139 4358 sedi-

475 4389 600 4459 tiosum
621 4407 753 4458 motum
773 4382 998 4457 cohibendum
1019 4386 1138 4458 horta-

477 4506 553 4558 tur.
570 4489 614 4557 11.
629 4507 715 4580 419.
738 4485 897 4558 Saxoniae
925 4490 1059 4559 Ducem
1076 4512 1138 4559 cu-

478 4585 584 4657 stodia
614 4588 753 4658 liberat.
788 4591 835 4656 II.
862 4606 947 4677 419.
976 4590 1079 4684 Ipsius
1101 4589 1136 4658 in

476 4691 618 4758 Saxones
637 4687 742 4785 gratia
768 4686 802 4756 in
831 4687 986 4758 Mauricii
1008 4689 1136 4758 malum

477 4786 526 4858 uti
552 4784 702 4881 cogitat.
730 4789 777 4854 ΙΙ.
805 4806 890 4875 419.
925 4786 1137 4886 Oenspruehi

476 4888 570 4961 1111110
598 4885 666 4961 fere
692 4883 852 4982 praesidio
883 4909 1014 4959 securus
1047 4888 1136 4985 1311.
1170 4925 1175 4941 ι

1242 501 1290 571 II.
1307 519 1392 590 425.
1421 499 1474 568 De
1494 495 1640 565 adventu
1668 489 1831 564 Mau'ricii
1860 514 1922 561 co-

1244 621 1400 698 gnoscens
1427 592 1649 691 Oensprucho
1686 590 1810 686 raptim
1844 590 1914 662 dis..

1245 698 1356 784 cedit,
1377 716 1409 766 ct
1437 698 1605 767 Villacum
1630 689 1831 762 contendit.
1862 694 1906 761 ll.

1240 822 1329 891 425.
1358 795 1525 868 Mauricio
1542 793 1673 865 veniam
1698 789 1905 889 impertitur,

1246 920 1280 970 ct
1314 895 1553 995 lantgravium
1593 893 1714 963 liberat
1749 917 1771 960 a
1822 895 1907 988 Rege

1243 998 1343 1071 fratre
1367 1014 1545 1078 exoratus,
1564 1018 1601 1063 ea
1629 990 1854 1074 conditione,
1878 1010 1914 1061 01

1246 1097 1428 1172 Mauricius
1455 1119 1516 1191 pro
1534 1096 1607 1190 ipso
1626 1092 1807 1162 Fernando
1822 1095 1914 1188 Rege

1247 1198 1373 1270 bellum
1397 1219 1476 1267 cum
1502 1195 1624 1265 Turcis
1644 1211 1770 1291 gerat,
1800 1190 1853 1262 sed
1877 1214 1914 1262 ea

1248 1297 1456 1394 potissimum
1484 1318 1603 1377 causa,
1628 1317 1670 1364 ne
1694 1292 1738 1363 ab
1780 1290 1912 1362 Henriei

1247 1399 1371 1488 injuriis
1401 1393 1628 1492 persequendis
1663 1413 1843 1464 avocetur.
1870 1395 1912 1460 ΙΙ.

1247 1517 1333 1591 429.
1365 1496 1487 1566 Villaci
1505 1519 1569 1565 sese
1592 1494 1770 1575 continet,
1790 1492 1912 1563 Henri·

1249 1622 1328 1670 cum
1351 1601 1480 1695 Regem
1508 1595 1597 1663 bello
1623 1593 1778 1689 persequi
1806 1592 1913 1661 animo

1249 1698 1389 1769 ardens.
1420 1702 1466 1765 11.
1482 1713 1566 1785 429.
1591 1696 1757 1784 Joannem
1788 1694 1913 1764 Manri-

1248 1822 1327 1868 cum
1363 1820 1442 1866 cum
1472 1792 1587 1864 litteris
1609 1813 1640 1864 et
1680 1791 1850 1863 mandaris
1872 1790 1911 1861 ad

1247 1897 1438 1992 Philippum
1466 1895 1572 1966 filium
1601 1893 1732 1964 mittit.
1762 1898 1810 1963 11.
1832 1914 1911 1984 430.

1248 2001 1300 2069 Ex
1332 1997 1463 2066 Villaco
1493 1993 1759 2092 Oenspruehum
1794 1993 1914 2064 rediens

1249 2097 1375 2168 multos
1391 2096 1480 2166 viros
1501 2094 1626 2166 nobiles
1654 2094 1825 2191 Hispanos
1839 2116 1913 2164 cum

1248 2201 1347 2268 Duce
1382 2194 1518 2268 Albano
1555 2195 1677 2266 obvios
1710 2192 1830 2264 habet.
1869 2193 1912 2261 11.

1248 2319 1333 2390 441.
1358 2293 1579 2390 Oensprucho
1596 2312 1735 2364 movet.
1760 2297 1806 2361 II.
1829 2316 1910 2385 431.

1247 2394 1463 2469 Menincham
1493 2416 1681 2492 progressus
1726 2394 1835 2489 copias
1866 2392 1910 2461 ibi

1247 2513 1414 2591 exspectat
1427 2541 1437 2562 .
1462 2498 1507 2562 ΙΙ.
1520 2515 1564 2587 44
1577 2520 1606 2563 1.
1633 2498 1906 2590 Αο30111001001

1243 2597 1431 2694 legatorum
1444 2594 1658 2664 excusatione
1676 2610 1813 2688 accepta,
1825 2593 1905 2661 Du-

1246 2719 1318 2767 cem
1344 2693 1517 2764 Albanum
1542 2717 1623 2764 cum
1643 2691 1786 2768 exercitu
1809 2713 1901 2788 prae·

1245 2795 1493 2886 mittit,.atque
1517 2793 1583 2890 ipse
1615 2790 1776 2892 postridie
1790 2792 1903 2862 urbem

1241 2892 1446 2993 ingreditur.
1478 2894 1525 2962 ΙΙ.
1547 2917 1635 2987 441.
1658 2893 1785 2988 Joanni
1806 2889 1907 2962 Pede·

1243 2995 1314 3066 rico
1340 2992 1501 3063 Saxoniae
1525 2994 1618 3065 Duci
1641 2993 1833 3089 suppliciter
1852 3015 1908 3087 pe·

1242 3093 1327 3186 tenti
1352 3092 1504 3163 dextram
1523 3091 1610 3175 dat,
1633 3113 1667 3163 11
1684 3099 1837 3190 Augusta
1846 3092 1905 3163 do-

1241 3216 1338 3264 mum
1362 3192 1508 3263 abeundi
1526 3213 1731 3290 potestatem
1749 3192 1839 3264 facit.
1860 3195 1904 3259 11.

1241 3317 1328 3389 441.
1367 3298 1543 3390 Augustae
1572 3292 1829 3391 Magistratibus
1853 3314 1905 3359 te·

1241 3395 1331 3464 niam
1348 3392 1550 3488 impertitur,
1558 3396 1788 3487 Senatumque
1798 3392 1832 3461 in
1843 3389 1905 3486 pri·

1241 3495 1365 3564 stinum
1402 3511 1527 3563 statum
1564 3492 1736 3562 restituit.
1765 3496 1794 3560 I.
1826 3513 1903 3582 441.

1240 3593 1394 3664 Proxima
1428 3591 1487 3662 sibi
1526 3589 1714 3689 imperandi
1750 3589 1903 3661 ficultate

1240 3692 1331 3762 Duci
1348 3691 1487 3762 Albano
1501 3692 1629 3778 tributa
1642 3739 1653 3773 ,
1666 3690 1806 3761 Ulmam
1827 3713 1904 3761 con·

1239 3789 1371 3861 tendit.
1396 3796 1445 3861 ΙΙ.
1460 3813 1546 3884 441.
1568 3792 1647 3881 Ejus
1670 3790 1817 3861 civitatis
1833 3791 1905 3860 Ma·

1238 3891 1395 3990 gistratus
1420 3910 1454 3960 et
1479 3891 1648 3962 civitatem
1666 3889 1773 3986 ipsam
1786 3940 1798 3973 ,
1811 3885 1904 3983 quod

1238 3992 1274 4062 in
1293 3989 1410 4064 officio
1424 4010 1458 4060 et
1470 3990 1538 4062 fide
1554 3989 1766 4088 perstitisset,
1784 3990 1906 4059 collau·

1239 4090 1316 4162 dat.
1345 4096 1392 4161 II.
1422 4113 1508 4184 441.
1542 4088 1667 4161 Stativa
1703 4089 1748 4162 ad
1776 4086 1902 4159 Lauda·

1238 4190 1332 4262 vium
1368 4191 1555 4282 conjunctis
1587 4189 1696 4285 copiis
1718 4189 1837 4261 habet.
1856 4189 1895 4256 11.

1236 4313 1322 4384 444.
1346 4292 1488 4362 Veniam
1522 4291 1647 4362 Albani
1678 4289 1787 4361 Ducis
1813 4306 1897 4383 prae·

1237 4393 1330 4463 cibus
1342 4390 1508 4462 adductus
1523 4388 1808 4489 Brandeburgensi
1821 4406 1896 4453 con·

1237 4491 1344 4563 cedit.
1371 4497 1418 4562 11.
1445 4513 1530 4585 434.
1561 4493 1686 4562 Metim
1713 4489 1776 4561 loci
1799 4503 1903 4556 natu-
1938 4544 1942 4555 .

1234 4616 1306 4662 ram
1324 4589 1550 4666 considerandi
1574 4591 1686 4688 gratia
1702 4614 1781 4662 cum
1808 4607 1904 4683 expe·

1234 4690 1311 4762 ditis
1335 4693 1505 4788 procedit.
1525 4696 1571 4760 ll.
1587 4713 1677 4784 444.
1711 4689 1840 4762 Morbo
1855 4709 1906 4755 ar·

1232 4792 1363 4863 11101111
1388 4791 1825 4876 invadente,Teunvillam
1848 4804 1908 4865 Ν
1953 4841 1956 4847 .

1232 4892 1368 4989 recipit,
1384 4891 1522 4965 Albano
1545 4915 1659 4965 rerum
1675 4897 1837 4967 omnium
1852 4911 1905 4958 eu·

1840 5009 1907 5064 rim
