3998 5850
478 442 718 524 CAROLI
761 441 812 522 V.
851 442 970 521 ΗΒ.
1007 442 1195 522 xxvnr.
1429 433 1519 528 457

94 602 194 697 rum
230 596 408 717 excita,
457 637 582 699 oram
628 597 904 700 maritimam
948 593 1208 697 infestabat.
1247 600 1326 698 Sed
1368 604 1554 715 Turcae,

93 739 202 842 Elba
242 741 511 842 Florentinae
559 742 743 842 ditionis
791 743 929 843 insula
973 737 1136 840 frustra
1173 777 1381 859 tentata,
1418 782 1552 881 portu

93 886 290 986 Herculis
347 886 644 1027 Hispanisque
688 887 876 1005 vitatis,
917 886 964 984 in
1005 884 1293 985 Plumbinum
1335 819 1582 989 Florenti-

28 1142 30 1144 v
92 1034 171 1126 nae
214 1030 323 1128 item
369 1028 549 1128 ditionis
596 1031 819 1130 castellum
861 963 1197 1149 incubuerunt,
1235 1030 1379 1170 idque
1408 1031 1546 1131 tribus

92 1211 272 1271 suorum
307 1171 499 1272 millibus
536 1172 739 1312 expositis
789 1172 945 1273 acriter
980 1212 1237 1316 oppugnare
1283 1212 1543 1312 coeperunt

91 1324 303 1416 Ceterum
352 1317 549 1434 Flestus,
587 1317 640 1414 de
722 1356 782 1414 uo
819 1357 944 1459 supra
984 1318 1219 1439 diximus,
1260 1317 1396 1415 trium
1441 1318 1545 1417 mil

89 1454 198 1557 liurn
235 1458 555 1560 Germanorum
534 1356 856 1599 praeiectus,
877 1461 956 1601 qui
990 1455 1103 1559 forte
1138 1500 1229 1563 non
1265 1461 1419 1600 procul
1441 1503 1544 1566 cum

91 1600 177 1700 suis
210 1600 418 1724 aberat,
458 1638 712 1764 opportuno
755 1639 953 1745 tempore
1000 1602 1194 1703 subsidio
1244 1604 1542 1705 laborantibus

89 1744 325 1844 castellanis
362 1747 590 1886 pervenit3
627 1774 917 1887 consertoque
956 1747 1145 1885 praelio,
1168 1784 1263 1886 post
1290 1747 1542 1889 longiorem

91 1890 462 2008 contentionem,
500 1927 604 1988 cum
651 1926 757 1987 esset
807 1927 959 1988 acriter
1002 1927 1211 2045 utrinqne
1255 1835 1544 2011 dimicatum,

91 2022 263 2130 Turcae
300 2042 624 2131 Germanorum
681 2031 899 2171 impetum
949 2028 1057 2130 ferre
1102 2069 1374 2196 nequeuntes
1418 2071 1542 2175 terga

90 2202 344 2276 verterunt.
399 2185 499 2273 Hos
540 2168 646 2314 fuga
688 2214 732 2272 se
773 2177 829 2273 ad
876 2214 1005 2276 naves
1047 2175 1298 2316 recipientes
1342 2176 1540 2278 insectati

90 2317 332 2438 Germani,
372 2318 532 2417 multos
568 2316 861 2436 occiderunt,
893 2319 954 2417 ita
989 2353 1038 2417 ut
1073 2318 1120 2418 in
1156 2319 1317 2458 praelio
1354 2355 1397 2418 et
1432 2315 1540 2481 fuga

91 2398 332 2562 dimidiuni
356 2462 554 2622 'amplius
581 2459 895 2560 Turcarum
865 2499 919 2560 ιιι
955 2499 1155 2578 caesum,
1183 2498 1258 2580 er,
1298 2463 1332 2562 si
1370 2501 1546 2603 equita-

90 2638 161 2701 tus
198 2604 265 2706 vel
302 2603 482 2746 exiguus
519 2599 695 2723 fuisset,
733 2641 904 2744 poterat
940 2646 995 2705 eo
1031 2606 1103 2704 die
1139 2605 1283 2705 omnis
1316 2605 1391 2705 illa
1426 2612 1540 2706 Tur-

90 2785 239 2848 carum
274 2787 426 2848 manus
462 2747 626 2849 deleri.

160 2900 330 2992 XXIV.
405 2902 524 2993 Cum
559 2891 884 2994 Tarvannam
872 2933 920 2994 ιιι
945 2892 1133 2996 Morinis
1166 2892 1333 3035 Regiae
1358 2889 1541 2991 ditionis

91 3034 339 3193 oppidum,
378 3075 509 3177 opere
558 3070 602 3134 et
649 3037 864 3175 praesidio
898 3038 1266 3156 munitissimum,
1301 3037 1538 3177 oppugna-

91 3213 130 3275 ιι
166 3180 325 3280 Carolo
360 3178 535 3281 Caesari
571 3178 830 3319 placuisset,
851 3183 1069 3283 exercitus
1104 3115 1325 3280 confecius
1362 3217 1424 3277 est
1462 3219 1540 3317 p
1542 3187 1547 3195 ’

91 3320 239 3422 ditum
273 3322 457 3464 triginta
491 3322 724 3442 millium,
762 3363 954 3466 quotum
990 3327 1141 3465 quarta
1180 3319 1271 3424 fere
1307 3360 1403 3462 pars
1446 3323 1540 3420 Hi-

92 3467 216 3606 spani
245 3505 367 3567 erant
381 3467 616 3609 ,equitum
652 3505 761 3567 vero
796 3509 867 3568 sex
902 3468 1120 3569 millium.
1160 3478 1261 3567 Erat
1286 3500 1433 3564 autem
1454 3464 1541 3562 Hi
1653 3468 1655 3471 ’

91 3611 212 3747 spani
263 3611 477 3775 peditatus
529 3610 728 3712 tribunus
775 3619 973 3749 Joannes
1024 3623 1264 3716 Guevara;
1319 3605 1540 3747 equitibus

90 3753 332 3893 Hispanis,
373 3756 452 3897 qui
485 3795 671 3855 numero
709 3792 829 3855 erant
862 3759 916 3856 ad
958 3753 1257 3896 septingenti,
1290 3748 1542 3850 Ludovicus

89 3895 221 3995 Avila
254 3936 486 4038 praeerat,
522 3898 903 4039 Religiosorum
893 3899 1094 4038 equiturn
1132 3896 1382 3996 Alcantarae
1419 3931 1541 4034 prae

90 4032 267 4151 fectus·
259 4079 271 4147 ι
308 4044 381 4140 sed
416 4041 520 4142 belli
565 4082 737 4143 sumina
778 4041 993 4142 Adriano
1014 4039 1152 4143 Rufio
1193 4039 1349 4179 Belgae
1385 4035 1541 4134 tradita

89 4177 206 4302 fuit,
234 4208 508 4323 quamquam
543 4184 616 4284 hic
652 4187 784 4326 paulo
822 4223 920 4326 post
955 4185 1177 4285 incastris
1212 4179 1419 4282 morbo
1408 4215 1543 4276 rntet

90 4326 265 4463 ἱίι,ιιι
300 4337 479 4468 ejusque
514 4330 662 4429 locum
698 4328 960 4429 Venicurtus
996 4329 1221 4430 successit
1257 4331 1543 4423 Tervannam

90 4467 172 4567 lrae
207 4452 362 4612 coprae
398 4509 500 4609 cum
537 4471 937 4592 circumsedissent,
975 4470 1203 4573 tormentis
1239 4469 1342 4568 loco
1379 4468 1544 4566 idoneo

90 4611 343 4734 collocatis,
380 4656 546 4757 magno
581 4616 757 4757 impetu
784 4653 991 4756 quatere
987 4653 1182 4715 ιιιιιιιιιιι
1220 4612 1551 4755 aggrediuntur,

95 4791 140 4856 et
182 4792 303 4895 parre
351 4760 541 4899 diruta,
587 4800 705 4901 qua
711 4750 911 4861 homines
954 4758 1184 4900 sexaginta
1220 4756 1399 4860 simul
1390 4791 1545 4856 intrare

142 4902 279 5004 Tum.
297 4910 396 4999 ΙΙ.
965 4915 1117 5005 Μιιιιιι
1443 4934 1547 5036 pos·
