4102 5864
436 555 446 572 ³
536 449 787 532 ennom
826 451 877 530 v.
919 420 1036 532 ιιι.
1068 379 1243 536 xxvr.
1487 469 1575 561 377

208 612 406 712 XLVIII.
456 619 601 708 Cum
637 606 847 711 Rhenum
883 603 1111 748 Philippus
1159 602 1419 712 altissimum
1456 647 1501 710 et
1536 652 1613 713 ra·.

133 750 414 896 pidissimurn
448 750 613 851 flumen
649 789 728 892 per
778 785 965 891 pontem
1015 789 1138 893 super
1193 791 1371 893 magnas
1421 753 1613 888 cymbas

134 895 442 997 aedificatum
466 894 741 1027 trajecisset3
787 893 1014 1035 Philippus
1051 903 1211 1027 Crojus
1248 897 1448 996 Arescoti
1493 911 1598 1002 Dux

132 1076 305 1179 praesto
341 1040 382 1138 ei
416 1034 524 1138 fuit
539 1076 640 1141 curn
676 1038 797 1139 mille
832 1038 1116 1178 cataphractis
1162 1038 1384 1180 equitibus
1421 1077 1464 1140 et
1500 1083 1597 1144 me·

132 1182 277 1281 diocri
324 1220 509 1282 numero
564 1182 740 1283 levioris
795 1218 1036 1283 armaturae
1074 1259 1089 1302 ,
1139 1184 1363 1284 aCarolo
1415 1197 1594 1285 Caesare

132 1324 320 1444 missus,
358 1363 408 1424 ut
444 1324 587 1426 filium
622 1325 680 1426 ab
715 1325 836 1466 Spita
871 1365 974 1426 cunr
1019 1366 1073 1427 eo
1128 1327 1344 1465 praesidio
1380 1328 1591 1428 Bruxellas

132 1506 305 1628 usque
309 1467 567 1569 deduceret.
627 1470 840 1571 Postridie
876 1509 1013 1611 quarn
1049 1466 1275 1630 Philippus
1310 1469 1476 1609 Spiram
1519 1472 1593 1572 in-

133 1610 314 1731 travit,
348 1613 405 1710 ad
456 1612 672 1751 templum
720 1613 966 1721 maximum
1019 1612 1082 1711 rei
1132 1614 1306 1714 divinae
1357 1609 1589 1734 interfuit,

133 1791 271 1894 quam
305 1753 529 1894 Philippus
564 1757 804 1896 Episcopus
840 1754 1160 1856 Pontificio
1127 1792 1214 1856 ntu
1250 1755 1485 1915 patravit,
1521 1757 1591 1856 vit

133 1895 308 2035 grandis
358 1933 463 1996 natu
515 1938 567 1998 ex
603 1899 899 1999 Maximiliani
947 1900 1225 2037 Imperatoris
1276 1896 1586 2021 familiaribus.

131 2047 241 2137 Hoc
276 2039 528 2180 templum,
563 2043 687 2203 quod
737 2081 815 2183 per
851 2082 894 2142 se
930 2077 1164 2183 augustum
1198 2079 1260 2143 est
1310 2074 1353 2140 et
1390 2038 1592 2200 magnifi-

132 2219 289 2300 cum,
323 2184 477 2283 sacello
526 2185 718 2285 maxime
770 2188 1039 2305 decoratur,
1085 2186 1211 2326 quod
1258 2182 1591 2325 Imperatorium

130 2322 299 2425 idcirco
335 2325 497 2427 dieitur
511 2330 721 2468 ,quod
708 2369 755 2429 tn
792 2370 847 2430 eo
882 2342 1164 2491 Imperatores
1201 2354 1303 2429 o'cto
1339 2364 1444 2426 tum
1478 2365 1591 2425 uxo·

135 2463 255 2566 tibus
291 2468 461 2570 conditi
497 2506 639 2590 sunt,
679 2511 874 2613 quorum
911 2471 1079 2611 primus
1132 2506 1381 2572 numeratur
1416 2481 1592 2570 Conra

133 2608 215 2709 dus
250 2619 341 2743 ejus
378 2612 571 2712 nominis
600 2618 855 2735 Secundus,
888 2614 1070 2715 ultimus
1106 2612 1311 2713 Albertus
1348 2609 1501 2710 Adolh
1539 2607 1591 2708 fi

132 2750 258 2853 lius·
250 2820 262 2861 ‚
299 2793 574 2896 quamquam
609 2756 658 2858 hi
692 2757 914 2897 Principes
964 2755 1303 2917 sepulcrorum
1292 2752 1591 2890 inscriptioni-

134 2892 216 2995 bus
253 2936 343 2998 non
379 2911 662 3040 Imperatores
698 2915 1003 3005 Romanorum
1039 2893 1298 3017 dicuntur,
1336 2896 1411 2996 sed
1446 2905 1590 3034 Reges

131 3076 258 3138 more
292 3054 593 3164 Graecorum,
628 3043 851 3185 aquibus
887 3055 1221 3183 Imperatores,
1256 3075 1308 3139 ut
1344 3072 1493 3155 sunt,
1529 3038 1590 3134 sic

129 3192 277 3323 Reges
310 3121 619 3288 Romanoruin
654 3185 955 3326 appellantur,
977 3221 1193 3344 quoniam
1226 3180 1454 3298 RomanI,
1490 3177 1589 3317 qui

128 3267 232 3423 bus
255 3364 354 3467 post
390 3337 532 3467 Reges
567 3357 735 3430 exactos
771 3329 819 3429 id
854 3367 1020 3428 nomen
1070 3325 1338 3425 odiosum
1330 3356 1589 3439 erat,1nu·

95 3500 222 3566 :tata
256 3467 540 3610 Reipublicae
574 3467 744 3592 forma,
763 3507 807 3571 et
842 3472 898 3571 ad
933 3483 1144 3630 Regnum
1179 3468 1422 3581 redeunte,
1459 3461 1590 3560 Ριιιι·

127 3608 251 3750 cipes
288 3652 387 3713 suos
424 3650 507 3753 pro
531 3615 728 3754 Regibus
754 3625 1039 3755 Imperatores
1073 3609 1314 3751 improprie
1350 3601 1589 3723 vocabant,

126 3756 263 3892 quod
305 3794 474 3855 nornen
510 3755 563 3856 irs
599 3757 772 3898 proprie
821 3756 1078 3872 tribuitur,
1115 3793 1196 3893 qut
1231 3747 1436 3852 exercitui
1484 3783 1589 3845 cum

127 3933 307 4003 summa
344 3921 554 4036 potestate
589 3898 658 4000 vel
694 3898 958 4039 temporaria
994 3933 1222 4037 praesunt.

124 4100 130 4109 ·
191 4047 351 4136 XLIX.
416 4051 519 4140 Huc
552 4039 820 4143 Sebastianus
854 4039 1140 4141 Neusestinus
1175 4035 1470 4179 Mogunrinus
1504 4032 1593 4130 Ar-¹

126 4176 441 4342 'chiepiscopus
476 4225 526 4284 ex
560 4184 849 4285 Delectorum
883 4220 1064 4285 numero
1099 4180 1356 4322 Philippum
1409 4176 1591 4274 salutan-

127 4323 201 4421 -di
222 4322 375 4465 gratia
397 4324 545 4433 venit.
587 4336 711 4426 Haec
747 4326 898 4426 civitas
935 4362 978 4426 et
1011 4361 1262 4425 commeatu
1293 4319 1486 4461 gratuito
1525 4325 1591 4444 ju-

128 4465 243 4588 uit,
278 4503 320 4566 et
324 4468 568 4628 'poculum
605 4509 709 4568 cum
746 4467 997 4608 quingentis
1038 4465 1220 4567 florenis
1269 4466 1391 4563 dono
1427 4457 1593 4620 Philip

3 4664 11 4668 ·
131 4644 224 4759 po·-
227 4609 409 4712 misit.
446 4612 590 4711 Hinc
603 4619 752 4711 Arze
771 4612 969 4714 tribunus
1020 4610 1216 4710 militum
1257 4606 1500 4747 equitatum
1548 4603 1594 4701 in

124 4784 278 4850 -castra
303 4753 508 4853 reduxit.
551 4752 843 4858 Sarbruchum
876 4791 1106 4896 progresso
1141 4751 1374 4854 Comitum
1408 4753 1597 4864 Nassao·

123 4896 323 5029 Τιιι.
344 4901 398 4998 ΙΙ.
1016 4940 1020 4945 ’
1115 4891 1211 4999 Bbb
1499 4923 1600 4985 rum
1726 4944 1727 4948 ι
