3998 5850
445 395 446 398 ‘
495 459 579 554 49⁰
883 439 968 521 un
1015 440 1219 521 araus
1266 436 1484 522 essars

455 620 629 708 Ducem
667 636 757 698 non
794 591 991 704 invenit3
1029 595 1108 735 qui
1144 632 1251 692 cum
1284 591 1424 694 biduo
1462 603 1638 736 propter
1675 588 1904 716 discessum

458 745 672 889 agricolae
706 742 810 842 cibo
847 739 1083 859 caruisset,
1121 732 1237 836 fame
1273 773 1454 880 urgente
1514 741 1734 882 digressus
1774 738 1822 838 in
1855 783 1900 841 a-

460 890 648 1032 gricolae
685 925 824 987 casam
860 886 1088 983 diverterat
1106 961 1120 1004 ,
1149 882 1302 1022 ibique
1339 884 1393 981 ad
1430 875 1584 984 focum
1619 919 1814 1024 repertus
1833 921 1901 1006 est,

456 1070 692 1175 captusque
728 1029 984 1130 Londinum
1021 1028 1067 1126 in
1102 1064 1247 1127 arcem
1282 1028 1501 1128 reductus.
1541 1039 1610 1127 De
1646 1067 1744 1168 quo
1781 1029 1903 1129 rusti-

457 1180 500 1279 ci
554 1176 748 1277 hominis
806 1169 923 1273 facto
986 1180 1164 1311 ejusque
1207 1170 1372 1301 justitia
1423 1206 1466 1269 et
1516 1168 1745 1271 honestate
1802 1171 1905 1272 milri

456 1322 590 1466 paulo
626 1318 832 1419 curiosius
869 1315 1123 1458 reputant'r,
1157 1313 1394 1453 ancipitem
1431 1312 1501 1413 ille
1538 1312 1811 1415 deliberandi
1842 1356 1904 1416 ra-

456 1468 629 1566 tionem
664 1460 859 1562 habuisse
896 1464 1007 1562 visus
1043 1493 1133 1559 est.
1179 1458 1303 1578 Qui,
1339 1459 1373 1558 si
1406 1459 1694 1597 cupiditatem
1734 1460 1907 1596 potissi·

458 1649 584 1709 mum
623 1645 790 1741 secutus
827 1600 955 1722 fuit,
1005 1604 1122 1701 nulla
1167 1638 1229 1701 est
1271 1601 1491 1701 excusatio
1533 1640 1770 1742 quaestum
1813 1603 1905 1703 fidei

460 1748 734 1894 praeferentis
769 1790 781 1858 3
820 1748 855 1848 si
890 1748 1052 1846 timore
1087 1782 1260 1846 coactus
1295 1741 1444 1865 fecit,
1482 1786 1596 1885 quae
1629 1747 1738 1880 justi
1777 1784 1905 1848 metus

459 1935 582 1996 causa
617 1893 754 2014 fiunt,
793 1890 900 1993 haec
936 1887 1230 1990 involuntaria
1265 1929 1352 1989 esse
1387 1927 1414 1987 a
1449 1885 1728 2031 Philosophia
1766 1892 1905 1990 decer-

460 2075 656 2144 nuntur3
695 2038 729 2136 si
765 2030 910 2136 officia
946 2066 1253 2174 comparentur
1291 2109 1305 2150 ,
1345 2041 1455 2164 justa
1496 2034 1630 2175 Regis
1675 2043 1795 2165 jussa
1848 2031 1904 2135 vd

460 2183 657 2323 Reginae
694 2180 867 2321 potiora
903 2217 991 2278 esse
1026 2176 1184 2277 debere
1219 2176 1447 2294 videntur,
1467 2217 1601 2316 quam
1638 2178 1802 2279 Ducis.
1833 2189 1905 2278 Ce·

462 2361 605 2425 terum
641 2323 723 2422 alia
757 2363 882 2421 causa
919 2348 982 2420 est
1026 2319 1161 2420 Ducis
1197 2317 1244 2416 in
1280 2321 1506 2458 eo,qu0d
1545 2316 1661 2420 facta
1699 2319 1907 2460 consp'tra·

462 2467 582 2566 tione
620 2466 786 2565 malurn
822 2463 1019 2605 Reginae
1054 2463 1225 2562 sceleste
1260 2464 1475 2585 molitur,
1510 2465 1566 2562 ad
1604 2466 1727 2606 quod
1761 2504 1805 2564 se
1836 2464 1909 2564 ad·

461 2610 712 2712 ministrum
751 2606 952 2748 praebere
998 2599 1113 2708 nefas
1149 2638 1246 2714 est3
1286 2606 1370 2705 alia
1405 2606 1441 2705 si
1481 2605 1607 2706 rebus
1657 2603 1908 2746 desperatis,

461 2751 643 2895 incepto
681 2752 883 2854 desistens
918 2745 1073 2891 fugam
1110 2784 1257 2890 paret,
1277 2788 1357 2849 nec
1393 2749 1511 2848 aliud
1546 2760 1672 2882 jam,
1693 2788 1825 2891 quarn
1859 2751 1909 2848 de

463 2936 539 2995 sua
575 2896 710 2996 salute
745 2898 947 3038 cogitet,
982 2896 1038 2994 ad
1074 2893 1195 3031 quod
1233 2893 1323 2994 sine
1359 2892 1529 2994 alterius
1565 2894 1739 3029 injuria·
1769 2893 1909 3036 opitu-

463 3038 545 3137 lari
598 3036 736 3138 officii
771 3080 820 3139 ac
855 3037 1135 3137 humanitatis
1172 3073 1257 3137 esse
1292 3038 1491 3137 videtur.

534 3190 678 3282 XXII.
751 3192 916 3282 Interea
950 3180 1149 3282 Thomas
1185 3180 1450 3300 Huvietus,
1489 3177 1663 3281 intento
1700 3216 1746 3281 et
1792 3175 1910 3298 infra

463 3355 537 3424 cto
571 3325 723 3424 animo
760 3365 877 3444 esse,
914 3323 1024 3425 nihil
1060 3325 1115 3423 de
1151 3316 1254 3425 cura
1289 3323 1538 3443 remittere,
1560 3364 1632 3465 per
1668 3325 1848 3424 nuntios
1875 3353 1913 3422 et

463 3467 623 3568 litteras
660 3465 822 3569 amicos
857 3468 1105 3609 appellare,
1142 3468 1400 3611 populares,
1420 3507 1476 3566 ne
1512 3467 1788 3611 negligenter
1821 3506 1916 3608 age

325 3703 327 3705 ,
464 3646 559 3711 rent
593 3689 607 3730 ,
641 3651 969 3749 commonere,
1003 3650 1112 3712 neve
1148 3613 1571 3730 committerent,ut
1609 3653 1686 3755 per
1722 3612 1916 3755 Reginae

466 3754 802 3859 matrimonium
837 3756 1055 3858 Britannia
1090 3789 1362 3856 externorum
1398 3752 1576 3855 libidini
1613 3795 1761 3897 parere
1793 3795 1916 3896 coge·

463 3932 581 3996 retur
600 3973 615 4021 ,
636 3938 784 3999 eorum
821 3900 1103 4038 praesertim,
1126 3899 1207 4038 qui
1242 3897 1442 3999 moribus
1479 3933 1524 3996 et
1541 3901 1785 4040 Religione
1822 3900 1918 4039 plu-

463 4039 630 4139 timum
671 4081 696 4140 a
740 4042 956 4141 Britannis
1005 4040 1333 4143 abhorrerent:
1377 4041 1538 4183 quibus
1583 4041 1712 4144 rebus
1750 4079 1923 4145 tantum

463 4181 746 4323 profecerat,
783 4222 834 4285 ut
869 4219 1060 4324 quatuor
1096 4185 1285 4286 millium
1328 4224 1595 4289 armatorum
1638 4223 1791 4288 coacto
1832 4223 1922 4283 nu-

463 4363 588 4427 mero
638 4368 800 4471 magna
851 4364 956 4430 esset
1006 4367 1109 4427 curn
1150 4330 1411 4449 auctoritas,
1449 4365 1544 4428 turn
1596 4332 1732 4432 etiam
1777 4327 1924 4470 gratia

466 4504 560 4627 non
597 4472 738 4572 solum
775 4472 822 4572 in
857 4509 1052 4592 ceteros,
1091 4473 1165 4571 sed
1201 4473 1335 4576 etiam
1370 4473 1417 4575 in
1454 4475 1758 4576 Londinenses
1794 4472 1923 4614 ptin-

465 4648 612 4751 crpem
647 4615 869 4717 civitatem
904 4651 1159 4716 consecuta.

545 4765 706 4859 XXIII.
785 4769 906 4860 Haec
947 4799 1051 4862 curn
1094 4796 1229 4862 essent
1272 4756 1514 4881 nuntiata,
1552 4759 1734 4902 Regina
1773 4799 1926 4864 manus

1857 4943 1925 5024 tui
