4110 5888
490 341 620 432 ιιιν.
944 332 1026 401 su
1051 335 1089 404 ιι
1118 335 1156 409 ur
1184 336 1216 402 A
1242 335 1284 415 ιι
1302 336 1324 399 1·
1345 331 1386 400 u·
1403 332 1460 401 nr..

555 467 621 549 Vl.
703 463 795 557 Qua
835 459 883 546 de
927 485 966 541 re
998 452 1190 569 Theologi
1242 453 1320 538 tani
1345 453 1574 588 ·Galli'dque
1616 450 1799 538 Pontifice
1838 480 1966 544 aucto

479 581 754 669 Valdolitenses
777 575 965 679 consulti,
994 603 1074 658 non
1113 601 1190 658 esse
1244 601 1285 658 re
1317 572 1498 678 accensi,
1530 569 1736 662 rationibus
1768 572 1965 663 adhortari

473 704 512 790 id
547 700 754 786 concedere
780 691 995 781 Pontificiae
1024 714 1187 804 potcsta-
1236 692 1372 798 tibus,
1391 719 1526 778 causae
1554 690 1723 808 cognitio
1757 692 1797 778 itt
1830 697 1996 783 Consi-f

477 822 551 926 tis,
578 846 621 906 ut
653 815 835 903 Ecclesiae
867 841 959 927 opes
999 810 1037 894 in
1053 806 1187 923 prosa
1246 809 1297 896 lio
1329 811 1452 928 Regis
1468 808 1665 897 Valdolito
1696 811 1966 925 repetitur,et

468 969 551 1026 nos
576 969 662 1024 usus
695 957 994 1038 convertantur,
1023 955 1186 1045 pronun·
1242 928 1431 1043 judicatur·
1454 930 1632 1018 Paulum
1653 960 1735 1016 non
1766 962 1837 1046 pro
1861 938 1959 1019 Pon

467 1061 594 1144 tiant.
1247 1046 1352 1138 tificis
1394 1045 1522 1136 officio
1555 1075 1595 1136 et
1628 1048 1765 1162 justitia
1815 1047 1962 1167 privile·

534 1180 615 1260 Vll.
678 1173 807 1259 Caroli
838 1170 991 1257 ministri
1016 1168 1102 1281 Julii
1125 1173 1187 1254 lll.
1242 1169 1353 1285 glum
1384 1171 1595 1286 abrogare,
1616 1168 1686 1253 sed
1719 1168 1792 1254 suis
1825 1171 1961 1288 cupidi·

467 1295 546 1430 jam
577 1295 656 1382 vita
683 1290 802 1377 functi
819 1293 1008 1393 decret0,
1019 1314 1062 1371 et
1082 1316 1187 1401 supe·
1245 1287 1385 1373 tatibus
1415 1289 1660 1375 servientem.

467 1415 609 1499 riorum
670 1440 861 1496 annorum
915 1406 1188 1494 consuetudine
1306 1408 1410 1491 Xlll.
1472 1410 1591 1493 Nova
1612 1399 1868 1496 conficiendae
1900 1441 1962 1526 pe

468 1531 565 1619 freti
600 1533 822 1616 Subsidium
863 1527 1011 1644 exigere
1058 1525 1189 1612 d-ecer
1242 1526 1380 1610 cuniae
1419 1526 1517 1610 ratio
1551 1525 1803 1648 excogitatur.
1840 1531 1963 1663 Bugia

472 1676 592 1737 nunt.
1241 1673 1271 1727 a
1319 1644 1464 1730 Peralta
1512 1668 1552 1730 et
1596 1645 1756 1732 Godino
1793 1648 1963 1763 turpiter

425 1854 434 1871 ,
476 1773 626 1855 Vlll.
677 1765 876 1880 Carvajalis
909 1764 979 1850 E
971 1756 1083 1878 rscopi
1112 1768 1187 1848 Lu·
1247 1765 1379 1851 Tuscis
1410 1763 1584 1851 deditur.
1944 1836 1948 1842 .

470 1889 585 1973 censis
602 1886 754 2000 ,judicis
782 1797 1003 1970 aPontifice
1017 1883 1103 1966 huic
1128 1912 1188 1967 ne
1305 1885 1410 1970 XIV.
1469 1883 1523 1968 llli
1548 1883 1669 2000 capite
1708 1884 1963 1994 damnantur,

476 2007 585 2122 gotio
622 2005 812 2123 delegati,
833 2002 1091 2092 denuntiatio
1121 2006 1188 2086 Ec·
1240 2025 1286 2088 et
1316 2003 1356 2088 in
1385 1998 1588 2092 Alfonsum
1615 2001 1802 2092 Petaltam
1835 2005 1963 2094 statim

473 2125 663 2211 elesiarum
692 2125 743 2210 ad
771 2121 993 2209 Pontificem
1039 2149 1185 2236 provo·
1240 2120 1576 2212 animadvertitur.
1785 2198 1786 2201 ι

465 2244 588 2330 catio.
625 2242 775 2331 lllarum
803 2240 934 2359 legati
946 2236 1184 2325 Valdolitunr
1302 2245 1392 2328 XV.
1454 2245 1606 2356 Joanna
1630 2243 1803 2358 Princeps
1834 2273 1858 2328 a
1888 2245 1955 2330 sin

466 2362 718 2451 conveniunt.
1037 2412 1040 2419 ·
1241 2360 1338 2478 gulis
1372 2361 1582 2450 civitatibus
1631 2360 1761 2447 milites
1803 2361 1853 2446 ad
1875 2367 1957 2449 Bu

525 2484 592 2566 lX.
632 2483 850 2594 Joannam
878 2476 1037 2597 Regni
1034 2506 1183 2593 procu-
1242 2480 1344 2597 giam
1378 2481 1671 2598 recipiendam,
1686 2494 1742 2567 et
1756 2483 1959 2614 pecuniam

468 2602 641 2686 ratricem
690 2599 833 2686 adeunt
855 2597 1183 2716 ‚privilegiuma
1241 2600 1292 2688 ad
1319 2627 1522 2687 extremam
1539 2599 1689 2718 Regis
1681 2598 1843 2716 inopiam
1872 2601 1962 2686 sub·

465 2719 650 2829 Marcello
682 2744 722 2805 et
741 2717 861 2804 Paulo
884 2716 972 2832 Julii
997 2744 1183 2805 successo
1241 2717 1445 2807 levandam
1475 2720 1590 2836 petit.

464 2835 565 2924 ribus
598 2838 789 2925 rescissum
821 2866 900 2923 esse
931 2833 1244 2940 confirmant,
1301 2840 1430 2925 XVl.
1470 2839 1651 2928 Civitates
1686 2865 1765 2924 non
1802 2820 1961 2954 gravate

466 2985 683 3071 orantque,
715 2983 763 3041 ut
813 2955 954 3044 finem
978 2954 1183 3071 aliquando
1239 2954 1409 3042 milites
1399 2984 1607 3074 tmperant.
1642 2955 1825 3044 Corduba
1872 2993 1955 3042 ccc.

371 3089 373 3092 ‘
467 3075 614 3160 tributis
654 3070 785 3159 faciat.
1018 3126 1020 3128 v
1241 3075 1411 3188 pedites,
1437 3103 1476 3161 et
1503 3076 1645 3192 equites
1677 3110 1730 3159 ιι.
1767 3075 1955 3190 decernit,

526 3197 576 3283 X
638 3193 777 3282 Paulus
808 3188 981 3278 Pontilex
1007 3191 1094 3303 Julii
1119 3192 1185 3279 de
1241 3193 1306 3277 sed
1348 3195 1564 3308 postulante
1595 3195 1783 3307 Joa'nna,
1812 3217 1856 3278 ut
1885 3224 1962 3308 pro

345 3314 347 3318 ⁴
469 3324 614 3398 cretum
668 3310 900 3416 confirmat,
926 3311 1077 3424 Judices
1124 3340 1185 3396 ex
1240 3310 1356 3398 milite
1385 3313 1611 3428 stipendium
1636 3312 1791 3398 militare
1819 3311 1951 3397 tribua

469 3455 658 3517 secutores
683 3456 772 3514 cunr
803 3429 989 3515 mandatis
1004 3429 1180 3543 Episcopi
1238 3452 1325 3534 tut,
1342 3459 1412 3516 nec
1430 3432 1655 3546 stipendium
1674 3431 1873 3537 tribuitur,
1888 3459 1964 3518 nec

469 3549 645 3634 Lucensis
674 3548 867 3664 vectigalia
899 3571 1035 3633 cuncta
1060 3552 1183 3631 Eccle-
1243 3550 1420 3635 exercitus
1448 3548 1666 3637 conficitur.

470 3667 612 3761 siastica
652 3667 874 3782 occupanda
914 3690 956 3751 et
984 3664 1184 3803 impedien
1290 3669 1425 3754 XVll.
1482 3669 1591 3755 Mala
1621 3698 1665 3753 ex
1706 3666 1887 3755 sumtibus
1916 3693 1963 3755 et

371 3869 376 3880 ,
469 3783 520 3871 da
552 3810 702 3871 curant.
831 3860 853 3873 ,
989 3828 992 3836 v
1042 3867 1047 3871 ,
1240 3783 1344 3871 bele
1377 3798 1458 3874 non
1490 3787 1695 3873 necessariis
1732 3787 1768 3871 in
1795 3791 1959 3901 Rempu

479 3906 627 3989 Xl.
660 3900 845 3989 Ecclesiae
893 3900 1185 3990 Salmanticensis
1243 3903 1596 4002 blicanuderivata.
1644 3903 1832 3993 Martinus
1870 3906 1960 3994 Del·

467 4045 508 4108 et
540 4029 757 4108 Zamorana
784 4019 936 4108 arebus
970 4020 1103 4127 divinis
1132 4052 1185 4109 sa·
1243 4025 1366 4141 gadus
1393 4025 1537 4140 argenti
1568 4020 1739 4109 rodinum
1775 4023 1825 4109 ad
1855 4027 1962 4110 Gua-

466 4139 614 4256 crisque
643 4164 808 4226 cessant.
858 4144 1004 4224 Interea
1050 4141 1187 4241 Paulus
1244 4142 1468 4228 dalcanale
1459 4141 1623 4229 invenit.
1666 4141 1758 4256 Ejus
1803 4138 1961 4230 lodinae

465 4257 652 4345 Pontifex
673 4289 783 4345 suum
809 4254 1002 4345 decretum
1031 4286 1071 4347 ct
1097 4289 1183 4347 con
1241 4260 1470 4348 incredibiles
1497 4260 1668 4348 divitiae.

466 4375 724 4468 firmationem
753 4377 927 4466 rescindit
910 4392 1013 4483 t,et
1038 4408 1184 4465 exsecu
1302 4382 1442 4467 XVlll.
1500 4381 1637 4466 Totius
1665 4406 1793 4467 autem
1837 4406 1957 4494 nego·

464 4520 565 4595 tores
598 4514 845 4587 revocantur.
1240 4496 1282 4583 tii
1303 4527 1432 4583 curam
1464 4499 1585 4582 Rex
1577 4527 1652 4612 rpse
1680 4527 1748 4611 per
1783 4527 1869 4582 suos
1892 4500 1960 4586 ad

475 4618 612 4703 Xll.
684 4613 759 4698 Sed
802 4642 882 4699 non
928 4614 1054 4703 multo
1102 4640 1188 4730 post
1242 4615 1427 4705 ministros
1450 4616 1625 4731 suscipit,
1645 4616 1761 4700 ascitis
1790 4646 1840 4701 en
1861 4621 1957 4703 Ger·

460 4704 595 4849 inopia
628 4731 803 4847 publica,
837 4759 878 4820 et
906 4731 991 4820 belli
1009 4735 1184 4853 Neapoli·
1242 4734 1366 4821 mania
1390 4737 1631 4823 metallorum
1644 4731 1864 4851 peritissimis
1887 4735 1953 4819 fio

1887 4851 1958 4938 mi·
