4192 5858
560 406 645 492 218
936 407 1020 489 DE
1068 404 1265 486 REBUS
1312 402 1533 487 GESTlS

523 573 718 672 adeum
754 562 950 705 undique
987 561 1274 663 Alcaudctcm
1309 561 1651 683 confluxerunt,
1682 597 1726 664 et
1761 559 1859 704 ipse
1892 603 1973 707 po·

528 750 692 814 stremo
727 709 984 849 Cordubam
1021 706 1198 807 eosdem
1235 705 1505 871 propinquos
1540 638 1835 817 conlirmandi
1882 749 1985 852 gra-

530 857 593 959 tia
631 853 866 997 processit.
905 858 1030 954 Nam
1064 891 1167 951 cum
1203 850 1442 952 exercitum
1476 851 1569 951 sine
1595 851 1844 991 stipendio,
1865 891 1984 992 prae

533 1036 599 1102 ter
634 993 906 1099 frumentum
942 995 1248 1135 reliquumque
1284 1032 1583 1098 commeatum
1619 1032 1664 1095 ct
1698 1035 1821 1136 spem
1861 1036 1982 1137 prac-

534 1145 645 1262 dae,
664 1141 854 1282 cogendi
890 1139 1119 1300 negotium
1155 1138 1429 1278 suscepisset,
1453 1175 1494 1240 et
1529 1133 1729 1279 praefecti
1764 1140 1855 1238 sola
1889 1179 1984 1242 cau·

534 1285 891 1404 saebonestate,
927 1282 1172 1381 autetiam
1220 1281 1412 1381 amicitia
1461 1317 1600 1382 essent
1639 1282 1893 1404 alliciendi,
1929 1285 1985 1387 ad

535 1428 643 1532 haec
679 1429 832 1529 onmia
867 1426 1126 1526 descendere
1160 1421 1427 1565 cogebatur.

607 1582 823 1674 XXXIV.
901 1581 1072 1671 Verum
1108 1608 1160 1667 ex
1195 1567 1293 1670 filiis
1328 1557 1551 1702 jacobum
1586 1566 1875 1690 Cordubam,
1907 1571 1985 1710 qui

536 1752 686 1858 postea
721 1709 857 1813 factus
891 1709 976 1813 luit
1010 1711 1253 1852 Episcopus
1278 1712 1630 1854 Calagurritanus
1647 1789 1661 1832 ,
1679 1750 1843 1813 novam
1879 1727 1985 1815 Car·

536 1857 796 1998 maginem,
835 1855 1108 1955 Franciscum
1141 1853 1362 1954 Malacam
1410 1894 1536 1955 naves
1577 1854 1906 1996 compellendi,
1941 1888 1985 1957 et

537 1997 852 2101 commeatibus
888 1998 1104 2137 rebusque
1138 1997 1408 2097 necessariis
1417 1997 1659 2099 instruendi
1707 2039 1834 2099 causa
1876 1998 1985 2099 mit-

537 2143 627 2305 titt
663 2181 879 2285 praeterea
914 2142 1136 2280 Jacobum
1171 2143 1386 2240 Poncium
1404 2179 1576 2280 ,quem
1617 2179 1744 2281 supra
1778 2141 1987 2242 nomina·

537 2286 620 2405 vi,
655 2325 838 2428 negotio
876 2279 1080 2426 praefecit
1117 2322 1269 2386 manus
1305 2283 1500 2423 undique
1534 2284 1762 2445 cogendi,
1798 2319 1842 2383 et
1882 2295 1986 2387 Ma

539 2428 741 2570 gistratus
777 2428 1108 2545 constituendi,
1140 2460 1191 2526 ut
1239 2427 1331 2526 sine
1380 2425 1597 2526 maleficio
1648 2461 1691 2527 et
1739 2427 1898 2558 mjuria
1930 2429 1986 2528 ad

539 2610 668 2672 naves
704 2575 1040 2672 contenderent.
1097 2581 1245 2669 Pactus
1297 2581 1444 2670 autem
1490 2570 1649 2670 certior
1699 2568 1895 2689 afiliis,
1929 2569 1986 2697 ad

539 2694 759 2815 Malacam
795 2747 838 2813 et
854 2709 1183 2873 Carthaginem
1228 2749 1393 2814 novam
1428 2712 1666 2814 hominum
1702 2746 1745 2811 et
1731 2712 1989 2876 navigio

539 2895 641 2957 rum
691 2894 909 2999 quantum
960 2855 1060 2955 satis
1119 2894 1206 2956 csse
1258 2856 1522 2979 videretur,
1557 2856 1860 2976 convenisse,
1896 2858 1988 2998 ipse

540 3038 721 3139 quoque
756 2997 1069 3161 Carthaginem
1103 2997 1418 3162 proficiscitur,
1437 3034 1479 3100 et
1505 2936 1759 3119 inilitibus,
1786 2999 1868 3140 qui
1907 3002 1991 3100 ad-

542 3178 697 3264 erant,
735 3175 777 3239 et
827 3143 951 3282 equis
1001 3139 1250 3301 impositis,
1287 3144 1378 3282 ipse
1429 3144 1639 3307 postridie
1690 3181 1826 3283 quam
1876 3140 1993 3244 filius

541 3283 781 3384 Franciscus
817 3322 920 3384 cum
957 3282 1165 3384 tredecim
1200 3285 1383 3385 navibus
1418 3287 1658 3405 onerariis,
1691 3325 1805 3424 quae
1840 3287 2000 3427 copias

457 3464 466 3484 ·
540 3426 598 3524 ad
650 3426 869 3526 Malacam
918 3461 1084 3528 coactas
1145 3429 1447 3549 sustulerant,
1484 3429 1744 3570 pervenisset
1776 3504 1791 3549 ,
1827 3468 1998 3532 navem

540 3571 827 3690 conscendit,
863 3605 913 3670 ut
948 3569 1165 3670 molestias
1202 3607 1245 3668 et
1281 3571 1572 3711 querimonias
1608 3572 1764 3673 vitaret
1811 3611 2011 3694 comm,-

540 3709 621 3849 qui
658 3747 832 3853 propter
867 3712 1198 3824 multitudinem
1232 3711 1469 3816 hominurn
1505 3714 1820 3815 confluentium
1850 3752 1894 3817 et
1918 3755 1988 3818 na·

538 3852 664 3953 vium
714 3857 973 3993 paucitatem
1022 3857 1199 3998 imponi
1248 3858 1562 3999 nequiveranta
1609 3894 1653 3959 et
1702 3855 1989 3962 subidoneam

538 4028 842 4137 tempestatem
876 4035 1051 4114 nactus,
1086 4039 1186 4101 cum
1223 4001 1382 4143 viginti
1416 4001 1585 4102 duabus
1619 3997 1854 4102 navibus
1842 4039 1892 4102 ιιι
1926 4003 1991 4103 al-

536 4173 633 4239 tum
668 4139 958 4280 provehitur,
998 4182 1086 4244 una
1120 4142 1169 4243 in
1205 4182 1337 4285 portu
1380 4145 1561 4264 relicta,
1598 4185 1709 4285 quae
1744 4145 1995 4249 Martinum

535 4281 794 4385 Cordubam
830 4325 932 4388 cum
968 4284 1059 4388 filio
1096 4287 1380 4425 Hieronymo
1416 4322 1459 4387 et
1489 4221 1656 4431 faririlia
1693 4287 1895 4388 tolleret.
1955 4301 1995 4389 Is

536 4424 657 4525 enim
693 4460 788 4527 turn
823 4430 885 4533 ob
920 4430 1022 4531 alias
1057 4433 1304 4533 necessarias
1340 4472 1514 4542 causas,
1550 4466 1648 4531 tum
1684 4465 1988 4550 commeatus,

531 4603 666 4704 quem
702 4571 934 4711 magnifice
970 4574 1026 4674 ad
1061 4576 1229 4675 amicos
1264 4611 1308 4673 ct
1340 4572 1555 4674 familiam
1606 4574 1805 4674 alendam
1855 4610 1994 4675 com-

528 4711 731 4848 paravit,
766 4715 1030 4854 providendi
1066 4757 1117 4818 ac
1151 4712 1462 4861 praemittendi
1496 4718 1666 4859 gratia,
1704 4718 1840 4861 paulo
1895 4751 1992 4817 tar-

1889 4860 1993 4963 dius
