4110 5888
469 368 546 438 m.
929 351 1431 437 summarium

451 493 492 578 in
546 512 663 576 castra
703 489 849 574 Mariae
908 486 1159 601 auxiliumque
1214 485 1440 602 prehendit3
1466 509 1657 601 praeterea
1685 485 1926 571 Northanto

452 609 635 695 traducit.
1217 607 1272 691 nis
1305 603 1527 710 Comitem,
1547 630 1586 690 et
1619 605 1816 689 Thomam
1852 605 1935 690 Pal-

392 757 393 761 *
516 732 614 813 Vlll.
676 730 746 813 Per
776 728 876 812 idem
907 722 983 811 fere
1012 748 1162 837 tempus
1219 726 1399 828 mierum,
1417 748 1455 809 et
1468 723 1658 838 joannem
1670 722 1826 807 Gallum
1843 752 1936 811 cum

399 934 404 943 ,
455 876 517 933 sex
562 846 716 935 navium
743 844 946 960 Regiarum
985 838 1162 958 praefecti
1221 846 1317 929 Ario
1352 840 1464 929 fratre
1499 843 1626 957 capit,
1655 870 1864 958 omnesque
1898 844 1940 928 in

459 995 497 1052 se
545 990 583 1051 et
631 993 744 1051 naves
774 964 812 1047 in
845 964 1014 1081 Reginae
1057 983 1165 1076 pote·
1222 991 1346 1047 arcem
1387 962 1688 1048 ‘Londinensem
1758 961 1938 1048 deducit.-

459 1110 592 1173 statem
622 1082 867 1198 permittunt.
969 1083 990 1146 s
1223 1079 1503 1167 Northantonis
1552 1109 1709 1196 quoque
1762 1081 1942 1168 Marchio

516 1206 585 1289 lX.
642 1201 818 1287 Exercitu
853 1201 973 1287 altero
1004 1221 1167 1302 coact0,
1224 1205 1390 1315 Duxque
1419 1195 1641 1285 Suffolchius
1679 1199 1720 1284 in
1763 1199 1941 1298 eamdem

459 1319 827 1408 Northumberlanus
841 1320 918 1434 ipse
931 1317 1058 1432 copias
1072 1323 1170 1400 Lon·
1226 1348 1349 1403 arcem
1382 1319 1668 1404 custodiuntur.

460 1439 552 1528 dino
585 1438 769 1547 deducit,
796 1465 911 1551 quem
940 1434 1052 1522 frater
1085 1440 1169 1520 An·
1301 1439 1407 1521 XlV.
1483 1437 1652 1555 Reginae
1719 1436 1941 1526 Londinum

336 1638 344 1646 ,
461 1560 567 1649 dreas
582 1557 745 1664 uuella,
772 1555 1050 1643 Northantonis
1066 1557 1171 1639 Mar-
1227 1554 1442 1661 adventus,
1476 1580 1516 1642 et
1542 1553 1630 1645 inde
1661 1556 1700 1640 in
1732 1556 1944 1645 Rivamon·

459 1679 575 1783 chio,
600 1676 924 1792 Nuthintonisque
939 1678 1107 1778 Comes,
1132 1696 1174 1759 et
1227 1699 1305 1759 tem
1328 1674 1526 1761 discessus.
1561 1681 1620 1760 Ea
1650 1673 1802 1788 jubente
1838 1682 1942 1762 Nor·

462 1796 634 1882 nonnulli
655 1795 713 1881 alii
738 1802 913 1884 Proceres
940 1816 1168 1909 sequuntur.
1228 1793 1511 1880 thumberlanus
1543 1800 1675 1901 Dux,
1712 1794 1947 1882 Varoicensis

462 1920 660 2007 Senatores
690 1945 756 2030 per
783 1914 861 2028 eius
893 1913 1099 2000 absentiam
1122 1911 1172 1998 ad
1229 1916 1398 2019 Comes,
1424 1941 1463 1999 et
1512 1913 1790 1999 Northantonis
1839 1915 1947 1999 Mar·

463 2033 662 2123 sanitatem
673 2034 894 2143 redeuntes,
923 2033 1085 2118 Mariam
1102 2058 1174 2146 pro
1230 2031 1344 2135 chio;
1369 2030 1537 2146 itemque
1569 2033 1741 2119 Andreas
1778 2032 1939 2138 Duella,

462 2153 615 2269 Regina.
648 2153 883 2240 salutandam
913 2176 955 2238 et
984 2149 1181 2238 declaran·¹
1230 2151 1398 2262 Joannes
1439 2152 1621 2258 Gneus,
1658 2175 1697 2238 et
1742 2149 1948 2242 Palmierus

464 2270 553 2358 dam
583 2301 660 2357 esse
691 2273 919 2360 decernunt.
953 2265 1177 2355 Sullolcltius
1230 2269 1349 2385 capite
1381 2269 1631 2356 damnantur.

464 2390 619 2482 decreto
651 2390 861 2477 subscribit.
1290 2389 1381 2472 XV.
1413 2387 1777 2485 ‚Northumberlani
1803 2388 1948 2494 Ducis,

523 2510 583 2596 X.
622 2510 821 2594 Senatores
848 2504 1178 2622 partim‘solemne
1232 2529 1319 2623 post
1338 2533 1417 2591 rem
1446 2505 1612 2594 divinam
1641 2503 1777 2607 factam
1795 2568 1807 2611 ‚
1826 2533 1870 2590 ac
1902 2507 1946 2592 ri·

464 2623 556 2716 illud
588 2625 645 2709 Te
674 2630 799 2711 Deum
833 2628 1028 2709 laudamus
1072 2652 1177 2710 sacro
1233 2647 1277 2709 tu
1321 2623 1524 2711 Catholico
1569 2624 1839 2712 Eucharistiam
1878 2623 1950 2739 pia

465 2744 540 2830 ritu
569 2772 658 2830 cum
692 2746 808 2832 Clero
837 2744 1070 2850 concinunt,
1100 2771 1178 2858 par·
1233 2769 1362 2831 mente
1394 2768 1586 2853 summm,
1614 2742 1762 2855 jamjam
1792 2742 1952 2831 moritu·

465 2863 533 2948 tim
564 2863 603 2947 in
632 2893 755 2952 arcem
775 2863 958 2980 progressi
982 2863 1178 2975 Joannae,
1233 2861 1343 2949 riad
1386 2863 1572 2978 populum
1610 2859 1950 2980 frequentissimum

465 2983 521 3067 uti
560 2982 723 3067 Mariam
752 2983 940 3099 Reginam
977 3004 1180 3098 agnoscat,
1234 2981 1379 3067 oratio.

468 3099 711 3193 denuntiant.
1296 3101 1404 3185 XVI.
1461 3102 1554 3197 Qua
1581 3101 1680 3187 dicta
1711 3096 1812 3186 flexis
1844 3101 1951 3218 geni·

526 3221 598 3304 XI.
653 3217 808 3303 Consilii
834 3217 992 3333 epistola
1011 3216 1062 3302 ad
1079 3222 1180 3304 Nor·
1236 3217 1307 3310 bus
1332 3222 1457 3303 Deum
1493 3245 1692 3306 veneratus
1718 3217 1834 3304 securi
1865 3246 1954 3303 cer-

465 3334 773 3428 thumberlanum
789 3398 801 3441 ,
820 3365 902 3452 qua.
932 3337 990 3421 ille
1020 3336 1186 3450 perlecta.
1237 3335 1357 3424 vicem
1400 3338 1596 3451 supponit.
1643 3337 1816 3423 Thomas
1848 3366 1951 3452 quo·

468 3455 631 3546 Mariam
653 3454 838 3571 Reginam
863 3483 930 3570 per
957 3483 1184 3568 praeconem
1237 3482 1314 3569 que
1348 3455 1548 3542 Palmierus
1580 3479 1619 3542 et
1650 3457 1815 3568 Joannes
1855 3460 1956 3542 Gat-

464 3573 667 3659 renuntiari
694 3574 818 3684 jubet,
839 3600 1053 3690 magnaque
1077 3573 1115 3660 in
1138 3603 1187 3661 ca
1237 3598 1298 3658 tus
1328 3602 1433 3658 suam
1460 3575 1699 3661 morientium
1737 3575 1775 3659 in
1807 3574 1954 3661 Catho-

468 3690 548 3780 stris
578 3690 778 3808 gratulatio
807 3690 868 3775 fit.
1238 3690 1345 3776 licam
1377 3691 1579 3778 Ecclesiam
1625 3691 1742 3778 fidem
1787 3692 1837 3777 ad
1882 3723 1956 3806 po-

527 3809 622 3897 Xll.
675 3808 861 3897 Cohortis.
887 3809 1095 3925 praetoriae
1118 3810 1186 3894 mi·
1239 3809 1370 3924 pulum
1384 3834 1591 3896 testantur.
1623 3812 1774 3929 Regina
1800 3810 1848 3896 de
1866 3811 1956 3897 vin·

466 3925 553 4016 lites:
599 3925 990 4017 Northumberlanum
1052 3926 1188 4045 fugam
1238 3929 1304 4016 ctis
1320 3990 1337 4034 ‚.
1360 3954 1433 4015 aut
1458 3928 1577 4016 etiam
1600 3927 1731 4015 ceteris
1765 3928 1955 4017 damnatis

468 4070 695 4160 parantem,
727 4047 878 4159 Jjoame
913 4047 1029 4131 Gatto
1077 4078 1187 4161 prae«
1238 4047 1361 4134 mitius
1380 4047 1507 4135 statuit
1522 4109 1539 4152 ,p
1552 4071 1597 4135 et
1613 4049 1663 4136 ad
1681 4046 1841 4165 Regiam
1863 4051 1960 4135 Vas·

465 4160 574 4251 fecto,
598 4163 771 4252 adhibito.
799 4224 821 4272 ,‚
846 4163 1013 4254 retinent„
1048 4187 1093 4256 et
1116 4165 1188 4256 cu«
1238 4190 1418 4252 mestram
1461 4193 1605 4285 magna
1650 4167 1790 4266 civium
1820 4193 1969 4286 gratu--

465 4281 664 4370 stodiunt.
1236 4284 1376 4371 latione
1403 4313 1628 4397 coronatur.

524 4401 635 4487 Xlll..
686 4400 888 4491 Arundelli‘
930 4406 1072 4489 Comes
1103 4407 1179 4489 Re·
1243 4413 1245 4415 ’
1294 4405 1417 4493 XVII.
1478 4407 1641 4492 Carolus,
1675 4410 1812 4490 Caesar
1850 4409 1961 4521 Aga-

464 4517 577 4717 ginae
609 4516 716 4631 jussu·
753 4548 848 4605 cum
877 4522 1060 4635 praesidio
1092 4551 1179 4635 pro·
1236 4525 1383 4608 montis
1425 4524 1617 4610 Comitem
1679 4525 1847 4640 legatum
1904 4525 1959 4617 de

480 4660 584 4725 ectus
596 4697 615 4743 ,Ι
623 4637 1014 4728 Northumberlanum
1028 4645 1187 4727 Ducem.
1235 4639 1391 4756 Philippi
1410 4641 1677 4728 matrimonio
1709 4644 1759 4729 ad
1788 4641 1956 4731 Mariam

462 4781 554 4845 curn
565 4751 685 4844 fratre¹
707 4781 746 4844 et
773 4785 940 4877 quatuor
968 4756 1194 4850 filiiscom,·=
1234 4759 1420 4880 Reginam
1444 4760 1561 4848 mittit
1576 4790 1588 4865 3
1602 4768 1693 4880 quo.
1710 4763 1872 4881 benigne
1888 4792 1957 4896 ²¹3⁶
