4034 5858
120 477 221 553 nibus
230 479 275 551 ab
286 480 557 576 Angonensibus
576 482 800 574 impetrauere

123 579 212 654 filius
234 576 431 651 Montisone
454 597 476 646 a
498 576 655 648 Concilio
681 579 796 677 Regni

125 701 296 753 successor
314 694 537 774 agnoscatur.
565 677 612 746 II.
632 699 709 770 172.
734 684 796 746 ln-

126 781 221 852 cilem
247 775 365 848 fossam
381 775 470 848 infra
480 776 641 847 Tutelam
664 780 796 848 Navar-

125 902 179 949 rae
207 875 326 947 urbem
353 873 398 946 ad
428 871 663 947 frumentarios
696 893 797 974 agros

123 974 309 1074 irrigandos
329 974 399 1046 fieri
417 974 533 1065 jubet.
553 980 600 1044 II.
622 979 701 1067 176.
716 982 794 1047 An·

125 1075 239 1146 dream
274 1075 418 1146 Doriam
452 1074 488 1145 in
516 1075 648 1145 ltaliam
673 1074 793 1146 dimit-

123 1174 167 1246 tit
181 1223 193 1258 ‚
209 1194 244 1244 et
259 1197 321 1270 per
340 1175 593 1258 Tarraconem,
609 1178 792 1247 Dertosam

122 1294 158 1344 et
187 1275 377 1373 Saguntum
406 1320 420 1358 ,
450 1273 641 1346 Valentiam
673 1275 791 1360 venit,

121 1372 275 1470 Philippo
288 1375 358 1449 filio
374 1372 612 1468 subsequente.
639 1380 688 1446 11.
709 1376 793 1445 181.

123 1474 350 1568 Complutum
377 1491 411 1542 et
443 1473 641 1545 Madritium
671 1474 791 1556 venit,

122 1572 346 1666 Consiliisque
380 1574 494 1671 Regiis
526 1593 569 1645 ex
613 1573 793 1645 Valdolito

121 1672 266 1743 evocatis
296 1677 432 1766 incepto
464 1673 602 1769 negotio
630 1671 793 1744 derebus

121 1770 168 1843 ad
211 1771 291 1842 novi
331 1768 424 1842 orbis
468 1771 793 1842 administrationem

121 1868 362 1970 pertinentibus
384 1866 629 1966 imponendum
652 1894 720 1941 esse
746 1869 793 1941 fi-

121 1995 198 2041 nem
218 1970 335 2041 statuit
347 2017 358 2039 .
370 1974 417 2039 II.
433 1971 511 2062 183.
540 1974 698 2040 Coronae
710 1993 794 2138 gra-

121 2070 170 2140 tia
196 2067 231 2137 in
260 2069 392 2139 Italiam
421 2067 627 2163 proficiscens
647 2074 717 2140 Arc
742 2068 793 2137 ie·-

122 2167 260 2265 piscopo
287 2168 561 2261 compostellano
581 2167 683 2267 Regii
716 2172 790 2239 Ca-

121 2267 234 2337 stellae
253 2266 393 2337 Consilii
422 2263 588 2360 praefecto
616 2291 674 2366 per
699 2267 792 2338 litte*

122 2389 175 2437 ras
190 2364 327 2436 mandat
340 2414 351 2448 ‚
364 2384 402 2435 ut
413 2386 492 2435 cum
504 2366 562 2436 illo
578 2365 742 2449 Consilio,
755 2383 791 2436 11

122 2466 247 2549 111110,
271 2461 369 2558 quod
395 2464 568 2537 indiarum
590 2467 790 2563 appellatur,

122 2565 350 2647 constituant,
369 2585 438 2656 qua
454 2563 583 2636 ratione
606 2567 674 2636 sine
699 2564 790 2652 inju-

122 2661 171 2734 ria
194 2661 285 2732 Indis
297 2661 336 2732 sit
360 2661 614 2758 imperandum.
637 2671 684 2734 Il.
706 2664 788 2753 184.

121 2763 156 2832 A
179 2761 439 2831 Bartholomaeo
459 2767 560 2832 Casas
583 2784 703 2833 cuncta
717 2785 792 2831 ver⁴

120 2858 172 2930 bis
191 2875 431 2956 exaggerante,
445 2877 480 2929 et
500 2859 578 2931 falsa
592 2862 674 2932 veris
688 2859 791 2932 affin·-

121 2975 222 3055 gente
253 2957 377 3028 certior
409 2957 450 3030 fit
481 2955 525 3028 de
547 2959 709 3031 Indorum
735 2959 790 3029 in*

120 3057 212 3147 juriis
239 3076 275 3126 11
305 3055 571 3127 calamitatibus.
618 3065 664 3131 II.
705 3059 789 3149 184.

121 3156 208 3226 ‘stes
221 3154 464 3245 jureconsultus
482 3174 561 3227 eum
576 3156 702 3230 Osorni
714 3162 789 3229 Co·

122 3253 229 3338 mite,
251 3252 424 3326 Francisco
440 3257 565 3342 Covo,
588 3277 622 3328 et
648 3254 788 3329 Consilii

121 3352 232 3424 Indici
257 3351 425 3451 praefecto
447 3354 571 3427 Garcia
593 3354 789 3439 Ι.01111,1ό

122 3452 240 3546 liisque
257 3452 434 3524 convenire
449 3456 563 3543 jubet,
575 3475 608 3527 et
621 3453 787 3525 Indorum

122 3548 258 3650 negotia
274 3549 450 3652 diligenter
467 3575 722 3653 recognoscere.
738 3559 788 3623 11.

127 3653 209 3742 185.
226 3650 334 3721 Indici
347 3649 486 3723 Consilii
500 3653 728 3737 senatoribus,
743 3670 787 3723 ne

121 3767 198 3820 ante
221 3746 449 3843 quorumdam
476 3768 519 3823 ex
541 3749 620 3852 ipsis
654 3774 786 3825 causam

121 3844 340 3939 dijudicatam
358 3851 579 3937 conveniant,
594 3850 787 3922 interdicit.

120 3951 169 4016 II.
191 3948 269 4016 186.
293 3951 375 4019 Hoc
389 3949 564 4047 negotium
588 3950 787 4048 perquiren-

123 4042 158 4118 di
178 4048 422 4140 curamJoanni
434 4050 613 4146 Figueroae
630 4048 789 4137 jurecon-

120 4143 210 4215 suno
242 4146 448 4218 committit.
481 4155 528 4219 11.
571 4148 649 4241 187.
687 4152 788 4219 Duos

120 4240 336 4314 Consiliarios
357 4245 477 4316 Indico
498 4248 650 4320 Consilio
674 4269 788 4318 remo·

121 4361 177 4412 vet
189 4392 201 4426 ,
214 4360 247 4410 et
264 4339 505 4438 praefecturam
528 4348 663 4418 Loaisae
684 4348 788 4419 abre*

122 4461 200 4538 gare
223 4443 362 4513 voluisse
384 4443 528 4514 dicitur.
553 4450 602 4515 ΙΙ.
621 4448 698 4536 187.
722 4452 788 4517 Le·

123 4562 180 4638 ges
211 4540 404 4640 promulgat
436 4542 576 4639 nimium
622 4543 789 4615 Barbaro-

125 4658 203 4708 rum
225 4640 370 4711 libertati
404 4638 582 4733 faventes,
610 4646 644 4713 et
678 4664 791 4738 nequa

124 4733 293 4830 expeditio
316 4740 451 4832 posthac
489 4742 525 4812 in
552 4742 654 4814 Indos
688 4744 793 4814 susci-
815 4770 817 4773 ·

93 4952 95 4957 g
123 4832 442 4935 pietur,dccemit.
459 4844 507 4915 11.
533 4840 612 4915 188.
634 4843 789 4943 Belgium

1158 397 1264 454 CAR

901 472 1113 578 profecturus
1139 478 1332 577 Philippum
1359 475 1469 550 filium
1497 482 1573 555 Re·

899 603 972 678 gno
990 602 1071 649 cum
1097 598 1228 648 summa
1260 591 1424 676 potestate
1450 579 1570 674 praefi·

898 681 971 762 cit,
995 702 1053 750 sex
1081 677 1287 750 Consilian‘is
1308 669 1497 749 attributis.
1516 683 1566 749 11.

904 777 985 862 189.
1007 779 1226 849 Honoratum
1247 781 1413 870 Jo'annem
1441 779 1588 850 Valen·‘

896 877 1035 961 tinum,
1051 888 1086 947 et
1112 879 1279 968 Joannem
1293 878 1472 948 Genesium
1505 881 1565 948 Se·

897 975 1077 1074 pulvedam
1108 1000 1187 1048 cum
1221 978 1390 1074 Episcopo
1421 974 1566 1048 Carrha-

894 1075 1023 1173 grnensi
1050 1075 1278 1174 'congressibus
1303 1075 1468 1144 litterariis
1484 1076 1564 1145 Phi·

894 1177 978 1272 lippi
1000 1175 1060 1246 filii
1086 1177 1238 1247 interesse
1272 1170 1392 1267 jubet,
1418 1192 1453 1242 11
1486 1173 1563 1245 Phi-

893 1276 1024 1372 lippum
1043 1296 1121 1347 cum
1142 1269 1220 1373 ipsis
1245 1272 1364 1346 Latine
1388 1272 1561 1366 colloqui.

893 1380 940 1447 II.
963 1376 1043 1463 189.
1077 1381 1119 1446 In
1147 1379 1367 1448 Germaniam
1393 1374 1563 1471 Belgium-

893 1497 961 1569 que
986 1498 1046 1573 per
1068 1475 1201 1546 Italiam
1227 1473 1459 1571 profecturus,
1482 1475 1562 1542 Do·

893 1577 977 1646 riam
1000 1595 1079 1645 curn
1107 1575 1297 1646 triremibus
1317 1572 1383 1645 sibi
1407 1571 1450 1642 ad
1477 1574 1561 1642 Bar·
1625 1635 1626 1639 ,

891 1675 1048 1746 cinonem
1070 1691 1200 1770 praesto
1213 1690 1280 1744 'este
1297 1672 1401 1761 jubet.
1417 1676 1463 1741 II.
1479 1690 1571 1758 191.*
1682 1677 1684 1680 ’

891 1771 1149 1863 Ε1181111110111
1166 1771 1202 1845 in
1218 1772 1403 1868 Rhodopes
1421 1791 1558 1866 portum

893 1873 1057 1969 navigat,
1083 1892 1185 1965 atque
1207 1870 1286 1941 inde
1311 1873 1492 1941 Genuam.
1513 1873 1561 1940 II.

899 1988 980 2056 191.
1003 1969 1123 2066 Papiae
1144 1987 1163 2039 a
1186 1967 1369 2070 Margarita
1398 1966 1502 2038 notha
1522 1967 1561 2038 fi·

894 2068 938 2140 lia
951 2067 1136 2140 salutatur.
1153 2075 1203 2140 ΙΙ.
1219 2083 1300 2156 192.
1325 2071 1559 2138 Cum·Cosmo

893 2168 1027 2242 Medica
1052 2169 1235 2240 Florentini
1268 2166 1475 2261 principatus
1497 2187 1560 2256 ne·

894 2270 1026 2367 gotium
1073 2273 1266 2340 Cremonae
1299 2264 1470 2363 transigit.
1511 2267 1563 2334 II.

898 2389 979 2453 191.
997 2365 1059 2440 Ad
1073 2370 1249 2439 Bussetum
1269 2367 1382 2436 locum
1394 2361 1562 2456 colloquii

893 2469 1118 2538 constitutum
1147 2483 1227 2538 eunt
1256 2465 1367 2537 'Paulo
1393 2461 1560 2536 'Pontifice

893 2564 1131 2664 progreditur,
1153 2585 1187 2638 et
1201 2564 1244 2636 ab
1266 2585 1307 2633 co
1331 2565 1499 2660 postulat,
1520 2577 1560 2632 ut

892 2669 1044 2764 generale
1073 2666 1269 2737 Concilium
1306 2662 1559 2735 ecclesiasticum

893 2784 1052 2861 peragat3
1106 2771 1248 2835 Parmae
1283 2775 1321 2830 'et
1374 2759 1560 2831 Placentiae

894 2864 1156 2958 Principatuma
1170 2859 1336 2937 Pontifice
1347 2857 1451 2932 ⁴Petro
1468 2856 1563 2929 aloi-

892 2963 943 3033 sio
962 2961 1033 3034 filio
1056 2960 1221 3032 traditum
1247 2960 1444 3032 confirmare
1469 2979 1560 3027 recu·

894 3078 967 3143 sat,
989 3079 1023 3131 et
1043 3083 1077 3130 11
1098 3060 1222 3131 infecta
1244 3057 1398 3154 discedit.
1408 3061 1456 3127 Π.
1480 3075 1560 3148 193.

894 3161 1097 3258 Gonzagam
1109 3160 1144 3229 et
1158 3157 1368 3230 Franciscum
1389 3156 1559 3226 Est'e'nsent

894 3258 1070 3356 copiarum
1108 3252 1292 3356 praefectos
1325 3280 1407 3350 vcurn-
1437 3253 1486 3324 his
1522 3253 1559 3324 in

894 3357 1117 3431 Germaniam
1141 3354 1346 3429 ‘contendere
1371 3352 1485 3444 jubet.
1509 3355 1559 3421 Il.

892 3476 980 3552 ¹193.
1024 3461 1236 3529 Venetorum
1277 3457 1401 3553 legatos
1438 3450 1558 3521 obvios

893 3553 1020 3628 babet.
1036 3561 1084 3627 II.
1096 3576 1176 3647 194.
1193 3558 1234 3623 In
1249 3553 1420 3624 Piscariam
1434 3567 1558 3648 magna

892 3680 974 3727 cum
1013 3655 1238 3753 gratulatione
1276 3672 1314 3722 ‘et
1352 3648 1558 3723 ‘caerimonia

890 3754 1073 3851 recipitur.
1091 3759 1138 3826 ΙΙ.
1163 3772 1245 3844 194.
1270 3751 1331 3825 Ρ11
1350 3745 1558 3823 Tridentum

891 3873 926 3924 et
938 3852 1200 3949 Oensprucbum
1223 3853 1350 3949 Spir'am
1365 3851 1481 3923 venit.
1509 3852 1556 3917 II.

898 3958 976 4038 196.
992 3955 1157 4044 Joaunem
1177 3958 1334 4048 Zapatam
1354 3953 1500 4051 legatum
1514 3945 1557 4016 de

891 4049 1035 4124 induciis
1050 4053 1094 4125 ad
1110 4051 1269 4124 Geldriae
1290 4055 1423 4122 Ducem
1439 4044 1556 4127 mittit,

891 4171 966 4246 quo
988 4154 1183 4251 repudiante
1202 4152 1236 4222 in
1256 4153 1325 4239 ejus
1346 4151 1426 4223 fines
1447 4146 1557 4242 copias

889 4250 1039 4324 inducit.
1054 4259 1102 4323 ΙΙ.
1124 4267 1202 4343 197.
1218 4250 1351 4320 Duram
1371 4261 1555 4345 expugnat,

888 4370 924 4422 et
945 4353 1014 4442 ejus
1031 4349 1227 4422 incendium
1249 4348 1416 4447 'exstingui
1438 4347 1555 4435 jubet.

889 4453 1044 4535 11.199.
1084 4445 1219 4519 Totum
1253 4450 1428 4518 Ducatum
1452 4444 1555 4538 Julia-

889 4561 1077 4631 censem‚et
1092 4541 1223 4618 bonam
1247 4558 1373 4644 partem
1393 4545 1560 4616 Geldrena

890 4649 930 4718 sis
953 4664 988 4718 et
1007 4646 1166 4720 clivensis
1194 4663 1251 4745 per
1274 4646 1478 4717 deditionem
1503 4663 1557 4712 rc·

890 4743 996 4843 cipit.
1020 4745 1067 4816 11.
1097 4766 1176 4818 eoo.
1215 4744 1470 4820 Ruretnundam
1499 4761 1557 4836 per

896 4844 1101 4922 deditionem
1119 4839 1254 4947 recipit.
1278 4851 1325 4918 II.
1348 4868 1429 4917 aot.
1463 4846 1555 4912 Cum

1202 4956 1256 5020 Ia
1479 4964 1554 5014 ma-
