4102 5864
379 430 471 543 ,364
756 429 838 511 us
879 425 1083 508 ussus
1131 422 1405 508 castis

340 589 476 728 gratia
513 577 734 685 salutavit.
795 583 946 682 Altero
981 617 1077 722 post
1122 583 1194 683 die
1233 622 1360 681 mane
1398 577 1447 681 in
1495 618 1639 681 arcem
1688 588 1800 686 cum

273 723 291 742 ’
342 768 503 868 inagna
540 728 731 827 militum
781 724 1074 864 gratulatione
1106 726 1428 864 progreditur,
1466 722 1620 862 ibique
1659 763 1798 864 pran

342 912 409 971 sus
432 907 608 986 west,
583 872 825 999 aJoanne
859 878 983 966 Luna
1021 867 1125 966 arcis
1166 861 1382 1006 praefecto
1418 901 1615 1004 acceptus
1656 906 1795 1008 appa

342 1050 435 1113 tatu
466 1009 842 1170 splendidissimos
879 1009 995 1106 unde
1030 1042 1129 1148 post
1165 1008 1399 1146 prandium
1435 1007 1714 1108 simulacrum
1750 1050 1797 1106 e

344 1153 524 1292 questris
564 1150 807 1249 certaminis
841 1146 977 1249 libens
1019 1152 1261 1289 spectavit,
1296 1149 1464 1309 quod
1453 1188 1501 1247 in
1532 1190 1628 1248 area
1642 1191 1796 1289 ,quae

344 1330 541 1393 estante
577 1328 759 1452 portam
787 1291 945 1409 arcis,
973 1290 1134 1389 avitis
1173 1292 1354 1390 strenuis
1405 1325 1447 1388 et
1497 1291 1554 1392 rei
1589 1292 1798 1389 militaris

345 1433 611 1596 peritissimis
660 1434 780 1571 equis
818 1469 861 1531 et
898 1432 1025 1531 armis
1074 1434 1286 1570 omnique
1340 1468 1498 1531 ornatu
1549 1431 1800 1573 insignibus

346 1577 622 1674 scientissime
647 1573 957 1673 commissum
1011 1610 1074 1671 est
1113 1610 1346 1692 ,turmas
1374 1572 1633 1672 ducentibus
1694 1573 1801 1672 filiis

345 1718 554 1816 Fetnandi
586 1727 819 1855 Gonzagae
866 1755 916 1812 ac
948 1715 1098 1812 Murio
1133 1710 1291 1814 Sfottia
1310 1790 1324 1832 ,
1345 1752 1389 1813 et
1426 1727 1632 1814 Franceso
1686 1727 1801 1815 Bea-

348 1896 501 1956 monte
520 1859 728 1994 ,aliisque
766 1854 961 1957 Ducibus
1000 1855 1318 1962 nobilissimiss
1351 1855 1423 1953 cui
1457 1857 1705 1996 spectaculo
1743 1899 1802 1957 u·

349 2039 428 2098 xor
448 2035 490 2096 et
508 1999 596 2097 filia
628 1999 867 2112 Fetnandi,
903 1997 1153 2137 multaeque
1183 1995 1493 2135 pulcherrimae
1528 2035 1570 2095 et
1604 2000 1800 2098 ornatis·

351 2142 484 2240 simae
539 2139 735 2239 mulieres
790 2135 1103 2237 interfuerunt.
1169 2138 1326 2236 Incidit
1379 2174 1527 2237 autem
1584 2140 1803 2239 adventus

350 2280 594 2420 Philippi
585 2320 630 2383 in
668 2316 883 2418 tempus,
921 2319 1023 2378 cum
1058 2279 1329 2419 Hippolytae
1374 2278 1582 2379 Fetnandi
1617 2292 1805 2380 Gonza-

350 2460 435 2560 gae
485 2420 646 2538 filiae,
684 2461 838 2580 quarn
870 2419 1056 2519 Fabritio
1090 2422 1334 2535 Columnae
1373 2421 1548 2521 Ascanii
1602 2417 1808 2521 familiae

353 2562 561 2700 Principis
595 2499 686 2661 filio
725 2562 862 2700 stirpis
900 2565 1094 2663 maximo
1127 2564 1454 2702 desponderat,
1503 2564 1726 2701 sponsalia
1760 2600 1808 2662 et

352 2704 531 2842 nuptiae
569 2739 689 2805 erant
723 2702 1032 2825 celebrandae,
1073 2705 1270 2845 ludisque
1311 2742 1356 2805 et
1395 2704 1530 2844 epulis
1577 2743 1808 2804 exornan-

353 2849 466 2950 dae,
495 2846 693 2944 eodem
683 2846 818 2986 igitur
847 2883 1042 2984 tempore
1075 2849 1315 2946 Fetnandns
1353 2845 1555 2984 Philippo
1601 2847 1658 2944 de
1723 2849 1810 2946 ad·

355 3022 488 3084 ventu
518 2989 656 3086 modis
683 2985 888 3085 omnibus
908 2987 1161 3127 ,Philippus
1184 2990 1403 3088 Femando
1433 2991 1488 3088 de
1513 2986 1624 3086 filiae
1663 3025 1811 3126 spon-

354 3125 510 3225 salibus
544 3164 586 3225 et
611 3129 771 3266 nuptiis
807 3129 1010 3268 gratulari
1047 3129 1302 3230 studebat:
1291 3167 1440 3266 itaque
1473 3166 1681 3267 perpauci
1716 3131 1815 3230 dies

351 3266 442 3366 sine
474 3269 584 3368 ludis
619 3271 689 3367 vel
723 3270 967 3369 comoediis
1000 3306 1076 3368 aut
1116 3271 1249 3408 epulis
1281 3269 1598 3431 praeteribant.

426 3420 597 3511 XXIX
671 3411 873 3510 Kalendis
910 3412 1092 3548 quidem
1125 3413 1366 3544 Januarii,
1404 3411 1484 3551 qui
1533 3406 1618 3509 fuit
1669 3451 1817 3514 annus

71 3599 165 3665 Am
176 3613 341 3664 mm
362 3546 525 3649 Christi
560 3552 808 3651 millesimus
843 3554 1213 3692 quingentesimus
1252 3552 1597 3692 quadragesimus
1630 3592 1815 3673 nonus,

353 3690 401 3793 in
434 3690 609 3791 aedibus
652 3695 858 3793 Fetnandi
893 3705 1128 3833 Gonzagae
1178 3694 1572 3833 splendidissimum
1616 3732 1664 3792 et
1703 3736 1816 3794 mo·

354 3830 420 3929 dis
468 3835 672 3934 omnibus
707 3836 993 3945 lautissimum
1040 3837 1219 3974 epulum
1256 3871 1450 3975 paratum
1489 3871 1599 3961 est,
1643 3838 1817 3936 mensis

354 3973 496 4113 longo
531 3975 720 4084 ordine
760 4016 851 4113 quo
885 3979 1023 4115 plures
1057 3973 1323 4078 discumbere
1361 4012 1582 4116 possent,
1614 3976 1817 4118 disposi-

355 4115 442 4222 tis·‚
486 4117 588 4253 quia
623 4115 885 4253 Philippus
874 4118 1112 4235 invitatus,
1146 4153 1196 4216 ut
1229 4119 1469 4278 nuptialem
1504 4157 1690 4219 coenam
1729 4120 1817 4219 de-

356 4292 565 4375 curaret,
603 4297 704 4357 cum
741 4257 969 4375 uenisset,
1009 4256 1095 4357 hoc
1145 4261 1298 4359 ordine
1337 4298 1550 4360 convivae
1586 4259 1818 4360 accubue-

356 4433 524 4494 ιιιιιι.
579 4398 847 4537 Philippus
836 4438 882 4496 ιιι
929 4400 1070 4537 capite
1114 4439 1287 4499 mensae
1358 4440 1540 4500 uxorein
1590 4403 1820 4501 Fetnandi

354 4546 590 4675 Gonzagae
627 4580 651 4636 a
695 4542 846 4638 dextro
881 4541 1047 4657 latere,
1077 4542 1294 4640 asinistro
1327 4542 1620 4702 Hippolytam
1665 4542 1818 4646 filiam

349 4677 571 4818 proximas
603 4677 828 4783 habebat:
862 4681 1156 4822 Hippolytam
1193 4683 1400 4786 Ascanius
1436 4722 1613 4823 sponsus
1646 4723 1816 4822 seque-

1725 4824 1810 4928 ba·
