4170 5866
431 521 437 527 ‚
501 338 506 362 „
555 437 637 498 122
934 404 1020 485 nn
1068 400 1277 492 nunus
1325 399 1554 511 eastre

517 580 698 679 derant.
744 580 810 674 Ex
846 562 1013 666 eisdem
1049 559 1207 665 nostris
1244 598 1336 660 non
1371 559 1462 660 enti
1498 551 1716 681 sauciati,
1756 562 1989 667 Bernardi·

516 762 600 824 nus
634 722 724 860 ipse
755 794 770 835 ,
806 708 1021 854 seloppeti
1056 707 1216 851 glande
1260 598 1479 849 periorata
1522 705 1695 849 galea,
1730 705 1891 809 vulnus
1929 750 1989 812 u-

517 906 630 968 num
665 865 713 963 in
766 856 911 998 capite
957 892 1077 998 parte
1129 852 1298 960 sinistra
1334 851 1575 952 secundum
1626 846 1824 955 frontem
1859 881 1987 959 acce-

518 1012 615 1154 pit,
640 1007 826 1106 alterum
862 1002 911 1102 in
948 1001 1110 1120 latere,
1143 992 1354 1139 perfracta
1389 1033 1537 1098 costa.
1576 1007 1683 1098 Hoc
1718 999 1884 1139 praelio
1923 998 1987 1104 fa-

517 1190 632 1273 cto,
668 1152 724 1251 ad
761 1144 1041 1248 Arboranam
1075 1143 1261 1245 insulam
1296 1142 1583 1246 Bernardinus
1619 1179 1801 1286 propter
1835 1148 1989 1288 sepul-

518 1334 665 1399 turam
702 1293 947 1401 occisorum
982 1327 1204 1410 reversus,
1223 1285 1288 1390 ibi
1324 1329 1377 1388 ex
1412 1285 1667 1389 Christianis
1703 1286 1765 1391 ob
1802 1294 1990 1395 noxiam

519 1442 719 1582 aliquam
761 1437 952 1581 remigio
996 1433 1213 1537 damnatis
1245 1512 1261 1555 ,
1294 1472 1408 1573 quos
1450 1432 1635 1537 instante
1677 1434 1844 1576 praelio
1881 1437 1988 1541 vin·

519 1588 629 1687 culis
667 1584 892 1702 solverat,
919 1583 1072 1684 decem
1103 1616 1145 1679 et
1176 1614 1342 1723 septem
1378 1576 1606 1700 libertate,
1633 1620 1772 1722 quam
1805 1579 1884 1702 iis,
1908 1585 1990 1726 qui

519 1727 696 1833 fortiter
747 1727 1067 1847 dimicassent,
1102 1757 1424 1868 proposuerat,
1460 1724 1686 1834 donatist
1722 1763 1766 1827 et
1800 1727 1989 1869 captivis

520 1872 757 1994 navibus,
793 1910 1008 2015 quatenus
1059 1910 1116 1972 an
1149 1872 1259 1971 ustia
1310 1869 1521 2010 temporis
1566 1907 1687 2011 passa
1722 1891 1833 1991 es't,
1871 1867 1988 1973 refe·

433 2119 436 2123 ,
520 2019 637 2139 ctis,
671 2019 831 2120 eodem
866 2018 973 2136 die,
1000 2016 1079 2147 qui
1114 1910 1201 2117 itit
1238 2013 1457 2115 Kalendae
1492 2013 1739 2136 Octobris,
1764 2011 1845 2116 sub
1881 2016 1988 2118 solis

521 2200 729 2262 occasum
774 2163 878 2264 inde
914 2156 1181 2304 profectus,
1219 2157 1426 2300 postridie
1462 2159 1716 2262 Motrillum
1764 2162 1821 2261 ad
1857 2198 1988 2262 oram

519 2307 816 2447 Hispaniae,
852 2307 985 2407 tertio
1027 2304 1100 2405 die
1135 2303 1358 2403 Malacam
1391 2304 1633 2546 pervenit.
1684 2307 1765 2408 Sed
1798 2315 1891 2438 jam
1929 2304 1988 2407 ad

520 2452 735 2551 Carolum
774 2484 816 2549 et
851 2490 916 2552 res
953 2447 1231 2551 Germanicas
1267 2491 1311 2551 se
1345 2485 1388 2547 re
1412 2483 1500 2549 erat
1535 2449 1707 2551 orario.

606 2604 778 2696 XXIX.
870 2605 934 2696 Ex
985 2592 1255 2697 Valentianis
1306 2592 1487 2695 Carolus
1540 2607 1738 2714 Caesar,
1775 2629 1882 2696 cum
1944 2635 1989 2695 se

502 2737 742 2860 morbus,
780 2778 874 2880 quo
910 2734 1050 2840 fuerat
1093 2737 1373 2880 implicitus,
1410 2736 1681 2859 remisisset,
1712 2737 1761 2839 in
1796 2751 1990 2841 Germa-

519 2883 640 2984 niam
675 2883 737 2984 ire
774 2883 915 3026 pergit
951 2894 1210 2985 Conventus
1245 2883 1485 3026 peragendi
1520 2883 1690 3027 gratia,
1720 2922 1855 3024 quem
1892 2896 1991 2984 Fer·

519 3028 688 3128 nandus
707 3022 867 3148 frater,
900 3040 998 3130 Rex
1034 3039 1374 3148 Romanorum,
1393 3027 1526 3167 ipsius
1544 3029 1770 3129 voluntate
1806 3063 1850 3128 et
1884 3025 1993 3129 hor-

519 3205 614 3272 tatu
651 3171 699 3272 in
736 3168 846 3272 urbe
882 3182 1102 3316 Haganoa
1143 3173 1200 3273 de
1236 3168 1362 3273 rebus
1404 3171 1684 3312 potissimum
1724 3172 1996 3315 religionem

517 3313 839 3460 attingentibus
881 3323 1061 3460 propter
1108 3354 1272 3417 errores
1307 3314 1580 3418 Lutheranos
1625 3314 1782 3418 habere
1829 3356 1992 3458 coepe-

518 3497 615 3561 rat.
654 3460 840 3562 Carolus
876 3460 999 3561 enim
1034 3501 1195 3602 saepe,
1230 3496 1328 3563 tum
1364 3499 1443 3604 per
1479 3503 1558 3583 se,
1594 3497 1693 3563 tum
1728 3500 1807 3604 per
1842 3471 1988 3604 Lega-

518 3639 587 3704 tos
622 3634 656 3702 a'
683 3606 911 3707 Clemente
945 3605 1143 3748 Septimo
1174 3605 1409 3747 primum,
1444 3606 1603 3707 deinde
1639 3647 1666 3706 a
1701 3608 1839 3708 Paulo
1873 3610 1986 3707 Ter·

518 3747 585 3847 tio
621 3746 908 3850 Pontificibus
935 3750 1144 3852 Maximis
1179 3751 1493 3873 contenderat,
1513 3788 1564 3851 ut
1599 3750 1838 3855 universale
1864 3763 1987 3854 Con-

516 3891 672 3994 cilium
714 3893 1062 3996 Ecclesiasticum
1104 3932 1312 4038 cogerent
1360 3897 1417 3995 ad
1461 3894 1699 3996 haereticos
1742 3906 1991 3998 Germanos

515 4036 885 4160 convincendos3
922 4039 1190 4181 quodcum
1227 4038 1463 4182 impetrare
1498 4036 1556 4138 ab
1592 4038 1653 4139 eis
1690 4079 1783 4142 non
1816 4074 1994 4181 posset,

520 4182 601 4323 qui
636 4182 796 4324 opibus
831 4185 973 4330 magis
1010 4220 1055 4286 et
1089 4183 1286 4326 imperiis
1321 4179 1594 4309 studebant,
1629 4224 1767 4332 quam
1802 4182 1995 4328 religio-

517 4328 564 4427 ni
597 4366 609 4436 3
642 4326 723 4429 hac
758 4325 966 4458 rarione,
1004 4369 1144 4473 quam
1180 4327 1402 4471 optimam
1438 4369 1481 4432 et
1517 4330 1817 4474 gravissimam
1854 4364 1903 4429 et
1939 4370 1994 4432 ex

517 4505 641 4571 more
686 4484 906 4607 majorum
962 4515 1048 4576 esse
1096 4513 1187 4576 non
1224 4473 1500 4616 ignorabat,
1537 4472 1868 4616 propemodum
1910 4476 1993 4575 de-

515 4654 716 4757 sperata,
752 4621 1006 4719 conandum
1042 4614 1128 4718 sibi
1164 4617 1345 4737 statuit,
1366 4616 1403 4718 si
1440 4622 1581 4760 gratia
1615 4654 1660 4719 et
1696 4615 1967 4720 auctoritate
1975 4697 1992 4741 ,

511 4797 677 4906 perque
711 4764 945 4865 doctorum
982 4760 1218 4864 hominum
1254 4762 1398 4864 amica
1433 4761 1659 4904 colloquia
1694 4797 1843 4905 posset
1880 4798 1992 4864 tan-

1927 4942 1989 5009 trs
