4192 5858
487 399 576 492 23⁰

480 581 657 741 ro.
721 588 1104 724 Gnunsu
1163 588 1809 770 snpnrvnonu

754 857 878 967 DE
931 854 1213 966 REBUS
1262 852 1587 969 GESTIS

551 1095 1150 1260 CAROLI
1238 1099 1793 1288 QUINTI

611 1398 1043 1484 'IMPERATORIS
1076 1400 1157 1492 ET,
1184 1405 1360 1482 REGIS
1394 1405 1732 1487 HISPANIAE

533 1702 778 1808 LIBER
857 1700 1331 1811 VIGESIMUS
1410 1615 1803 1812 TERTIUS.

509 1939 717 2108 LIN
752 1987 973 2130 Hispania
1006 1984 1233 2129 Philippus
1287 1983 1512 2088 decimum
1555 1986 1794 2126 septimum
1828 2027 1900 2090 ae

445 2132 544 2232 tatis
578 2171 741 2235 annum
790 2172 958 2275 agens,
992 2133 1184 2232 Mariam
1218 2131 1408 2269 joannis
1443 2131 1731 2272 Portugalliae
1765 2134 1901 2273 Regis

438 2273 575 2375 filiam
610 2274 694 2378 sibi
729 2276 1001 2418 aequalem,
1035 2275 1198 2374 seilicet
1249 2274 1410 2373 eodem
1445 2312 1561 2374 anno
1612 2273 1760 2415 paucis
1798 2312 1901 2375 ante

410 2416 660 2531 ,mensibus
696 2456 881 2536 natam,
921 2456 1025 2521 cum
1073 2419 1177 2516 dote
1213 2416 1558 2580 quingentorum
1596 2417 1902 2560 quinquagin-

436 2595 482 2661 ta
516 2561 706 2662 millium
740 2559 1068 2664 ducatorum
1054 2598 1102 2660 tn
1153 2560 1489 2660 matrimonium
1532 2561 1691 2679 duxit,
1727 2595 1779 2660 ut
1814 2570 1904 2660 Ca-

438 2704 555 2805 rolus
605 2741 723 2845 pater
772 2743 875 2805 cum
922 2717 1049 2847 Rege
1099 2702 1257 2804 eodem
1305 2704 1591 2815 constituerat
1632 2703 1903 2865 3sim0ulque

438 2884 752 2969 convenerat,
785 2881 835 2948 ut
871 2848 1093 2950 Antonius
1146 2846 1438 2986 Portugalliae
1474 2848 1715 2986 Princeps,
1758 2846 1904 2949 idest

439 2990 577 3130 Regis
611 2991 745 3131 patris
796 3029 1056 3108 successor,
1091 2995 1318 3124 Joannam
1368 2988 1557 3091 filiarum
1591 2988 1742 3092 Caroli
1785 3026 1902 3093 natu

441 3171 664 3235 minorem
699 3134 944 3235 indotatam
979 3135 1189 3252 duceret,
1224 3172 1327 3236 curn
1363 3136 1419 3235 ad
1473 3133 1623 3235 aetatis
1673 3134 1918 3235 maturita-

440 3309 534 3374 tem
568 3278 905 3416 pervenissent:
943 3316 1046 3379 nam
1082 3312 1203 3380 erant
1238 3278 1423 3381 ambo
1409 3312 1527 3379 rntra
1562 3313 1752 3378 aetatem
1789 3315 1909 3418 pue·

442 3417 594 3518 rilem.
640 3433 709 3520 De
745 3422 880 3520 causis
917 3422 1184 3523 accelerandi
1229 3422 1547 3541 matrimonii,
1580 3430 1702 3553 cujus
1752 3458 1901 3524 matu-

445 3560 621 3662 ritatem
676 3560 846 3703 physici
894 3603 1055 3706 negant
1105 3565 1204 3665 viro
1253 3600 1352 3666 ante
1387 3566 1656 3708 vigesimum
1704 3565 1900 3706 primum

444 3743 610 3805 annum
645 3707 929 3848 contingere,
965 3709 1082 3809 varie
1117 3705 1317 3809 homines
1352 3706 1675 3850 loquebantur3
1704 3709 1779 3808 sed
1820 3711 1897 3847 ple·

441 3847 566 3989 rique
601 3849 650 3949 in
686 3889 783 3950 eam
820 3851 1082 3991 opinionem
1116 3851 1386 3971 veniebant,
1422 3853 1635 3954 Carolum
1671 3848 1759 3951 hoc
1796 3847 1899 3954 faci-

441 3989 522 4092 lius
569 3993 755 4133 Joannis
804 3992 939 4136 Regis
995 3993 1128 4096 amici
1178 4031 1223 4096 et
1273 3991 1528 4097 consobrini
1581 3994 1801 4097 voluntati
1850 4035 1900 4098 ac

441 4135 668 4400 precipua
682 4174 853 4238 morem
888 4137 1064 4279 gessisse
1109 4216 1124 4259 ,
1156 4140 1280 4278 quod
1315 4139 1398 4239 hac
1433 4139 1605 4241 ratione
1642 4136 1736 4240 fieri
1771 4176 1900 4278 posse
2054 4155 2067 4198 ·’

440 4279 542 4380 vide
576 4317 620 4381 at
701 4316 753 4381 ut
803 4281 1096 4423 portugalliae
1128 4293 1355 4443 Regnum
1409 4323 1513 4384 cum
1550 4281 1737 4387 Castella
1788 4321 1901 4384 con

329 4514 331 4519 .
439 4428 690 4562 jungeretur
739 4433 833 4554 jure
884 4424 1201 4546 successionis,
1235 4427 1533 4568 Portugallia,
1569 4425 1716 4568 siquid
1751 4433 1902 4526 Anto‹

440 4601 520 4664 nro
556 4567 688 4667 unico
724 4562 844 4666 fratri
879 4607 1018 4706 puero
1054 4566 1303 4669 humanitus
1339 4553 1589 4692 accidisset,
1613 4571 1671 4669 ad
1706 4570 1900 4672 Mariam

439 4709 690 4832 redeunte,
727 4750 840 4853 quac
874 4750 1038 4854 magna
1086 4711 1227 4854 gentis
1261 4749 1434 4819 nostrae
1487 4649 1784 4823 commoditas
1835 4755 1899 4815 es·

2022 4455 2066 4484 d

2010 4585 2057 4652 Δ

1999 4750 2069 4779 a

1810 4892 1899 4978 set,
1969 4914 2029 4962 ο
