4110 5888
613 379 1113 458 sUMMn'RIUM.
1454 398 1579 473 ΧΧΙΧ,

124 531 258 613 tumr,
288 532 338 593 ne
367 526 521 623 propter
549 505 662 622 Regis
692 506 842 623 culpam
896 506 942 592 tis
974 507 1253 596 conditionibus
1277 513 1536 605 constituitur.

123 626 159 712 in
203 625 407 740 populures
442 647 482 711 et
513 624 677 709 insontes
711 626 839 714 saeviri
955 626 1132 711 XXXIII.
1192 629 1395 719 Obsidibus
1425 639 1603 753 acceptis,

123 744 307 859 patiatur.
898 742 1058 827 Carolus
1089 773 1219 858 pacem
1233 751 1330 866 Regi
1361 753 1428 838 dat
1458 786 1604 843 memor

181 864 364 948 XXVIII.
424 862 562 945 Caesar
592 860 705 978 Regis
751 891 840 976 pro·
896 859 1163 969 humanitatis,
1189 889 1229 949 et
1258 891 1301 950 ut
1337 897 1440 954 arma
1473 872 1604 983 junctis

124 980 224 1066 strati
253 1004 293 1065 et
320 979 369 1063 de
391 1007 536 1062 summa
563 1007 687 1062 rerum
704 979 842 1094 pericli·
897 977 1035 1064 viribus
1062 981 1240 1069 adversus
1268 988 1411 1074 Turcas
1440 1018 1604 1080 convet-

125 1098 234 1184 rantis
275 1094 432 1213 supplex
486 1097 717 1212 postulatum
760 1126 840 1182 non
895 1119 1000 1181 tant.

125 1216 261 1331 respuit
299 1277 312 1320 ,
349 1213 415 1299 sed
448 1212 592 1331 legatos
626 1216 725 1301 viros
757 1245 841 1333 gra·
970 1215 1154 1301 XXXIV.
1228 1208 1323 1305 Pace
1371 1227 1602 1315 reconciliata

125 1362 190 1421 ves
212 1333 265 1420 ad
294 1361 336 1419 se
371 1331 521 1418 mittete
551 1332 657 1419 licere
683 1360 840 1451 respon·
896 1333 1080 1420 Henricus
1124 1333 1235 1451 Regis
1270 1336 1363 1424 filius
1405 1343 1454 1427 ad
1482 1349 1602 1432 Caro-

128 1453 215 1539 det.
895 1449 974 1534 lum
994 1451 1033 1536 ln
1057 1477 1174 1538 castra
1202 1456 1329 1541 venit.
1359 1461 1496 1546 Caesar
1513 1468 1601 1550 Bru·

209 1572 353 1656 XXIX.
429 1569 637 1656 Franciscus
671 1570 838 1658 Almiral-
895 1567 1005 1655 xellas
1035 1572 1231 1659 revertitur
1245 1634 1257 1677 ,
1272 1603 1353 1689 quo
1386 1578 1500 1690 paulo
1513 1608 1600 1694 post

35 1785 37 1787 .
127 1686 245 1794 lium,
269 1717 449 1805 magnum
484 1689 778 1796 Cancellarium,
804 1719 841 1773 a·
895 1686 1086 1772 Eleonora
1131 1720 1238 1776 soror
1275 1692 1418 1779 Galliae
1454 1699 1598 1814 Regina

128 1805 270 1921 liosque
300 1806 445 1922 legatos
482 1804 622 1909 mittit,
652 1809 718 1922 qui
751 1835 839 1893 cum
895 1833 936 1891 se,
948 1802 1115 1892 confert.
1150 1807 1308 1893 Carolus
1321 1816 1490 1926 Tampae
1507 1817 1600 1900 Gal-

127 1928 314 2040 Gonzaga
356 1950 397 2010 et
452 1924 657 2012 Granvella
711 1925 838 2010 Caroli
893 1921 1017 2008 lorum
1043 1924 1155 2041 Regis
1180 1927 1411 2014 concubinae
1444 1962 1602 2023 munera

129 2042 326 2129 voluntate
358 2041 407 2128 de
430 2042 528 2159 pacis
559 2041 836 2129 conditionibus
893 2040 1005 2127 mittit
1026 2043 1152 2158 magni
1175 2043 1300 2159 pretii.

130 2159 419 2277 colloquuntur.
448 2159 626 2244 Postridie
655 2159 693 2242 in
722 2186 840 2246 castra
951 2160 1381 2248 XXXV.-XXXVl.
1441 2167 1595 2254 Fernan-

127 2279 326 2364 redeuntes
363 2307 403 2363 re
452 2276 626 2361 nondum
669 2274 839 2364 consecra
893 2272 932 2358 di
959 2281 1169 2396 Gonzagae
1211 2304 1249 2364 et
1287 2281 1408 2366 Feriae
1440 2286 1600 2374 Comitis

127 2396 340 2483 discedunt.
382 2397 517 2481 Tertio
551 2395 612 2480 die
642 2418 760 2480 castra
788 2397 838 2483 ad
891 2392 1079 2480 dissidium
1118 2420 1272 2510 propter
1302 2400 1481 2483 Martiam
1522 2432 1598 2489 no·

128 2513 315 2601 Xalonern
350 2513 652 2630 oppugnandum
691 2513 832 2628 posita.
891 2508 1003 2594 bilem
1034 2537 1073 2598 et
1108 2513 1302 2628 pulchram
1340 2517 1598 2606 adolescentu-

181 2634 315 2720 XXX.
373 2631 448 2717 Hic
489 2630 648 2717 Carolus
686 2656 838 2720 mutato
890 2625 964 2712 lam
999 2658 1044 2714 ex
1072 2633 1239 2748 Reginae
1268 2634 1494 2743 comitibus,
1519 2668 1596 2753 qua

126 2751 280 2838 consilio
314 2750 502 2838 Lutetiam
533 2748 782 2856 Parisiorum,
807 2751 835 2837 si
889 2745 940 2832 de
963 2775 1072 2833 causa
1096 2755 1285 2865 Gonzaga
1316 2754 1507 2838 Comitem
1544 2758 1596 2845 ad

126 2864 278 2955 facutltas
306 2870 444 2974 detur,
464 2897 662 2982 properare
686 2870 813 2954 statuit
819 2899 832 2974 ;
887 2863 1070 2981 singulare
1096 2891 1284 2952 certamen
1315 2896 1519 2983 provocat.

126 2986 191 3072 sed
228 2989 364 3074 veritus
398 2992 679 3081 Germanorum
719 2986 835 3101 impa-
956 2979 1157 3071 XXXVII.
1228 2985 1386 3071 Carolus
1435 3017 1499 3073 eos
1536 3022 1595 3078 ar·

127 3103 290 3191 tientiam
307 3103 491 3221 stipendio
513 3131 594 3188 non
613 3103 738 3189 soluto
755 3166 768 3211 ,
785 3106 835 3191 ad
886 3099 1005 3186 ctiore
1044 3102 1212 3188 custodia
1252 3105 1426 3192 asservari
1463 3106 1586 3217 jubet.

129 3248 257 3308 eorum
289 3219 495 3342 praefectos
534 3223 743 3310 orationem
769 3222 835 3310 ha·
885 3220 1111 3306 Auctoribus
1166 3221 1320 3306 tandem
1382 3223 1600 3341 Melignani·

127 3339 207 3426 bet.
458 3397 461 3412 .
883 3337 1109 3426 Marchione
1147 3366 1187 3425 et
1231 3338 1383 3453 Pyrrho
1402 3343 1593 3432 Colunura

183 3461 332 3546 XXXI.
391 3459 573 3548 Germani
589 3482 733 3574 praeter
758 3489 837 3545 mo·
884 3454 1110 3573 Ingratiam
1142 3459 1322 3544 redeunt.
1455 3476 1456 3479 ‘
1746 3511 1748 3513 ·

130 3604 201 3662 rem
236 3611 344 3665 suum
373 3579 479 3665 nullo
508 3578 628 3694 spatio
668 3577 717 3664 ad
750 3578 836 3663 deli-
940 3576 1158 3660 XXXVIII.
1216 3580 1359 3661 Interea
1402 3578 1587 3667 Henricus

131 3695 333 3783 herandum
364 3725 491 3784 sumto
521 3695 635 3783 fidem
672 3720 711 3781 et
744 3727 831 3812 ope-
884 3691 1095 3778 Britanniae
1119 3697 1199 3777 Rex
1224 3695 1338 3807 copiis
1359 3692 1398 3776 in
1428 3695 1591 3785 Galliam

132 3841 204 3897 ram
230 3812 424 3901 liberaliter
455 3815 693 3931 pollicentur.
739 3818 835 3899 Cae·
884 3808 1038 3922 trajecris
1068 3809 1281 3896 Bononiam
1305 3838 1514 3928 expugnat.

130 3961 181 4016 sar
219 3935 417 4020 Germanis
463 3932 679 4019 collaudatis
715 3956 833 4021 castra
942 3931 1126 4013 XXXIX.
1187 3928 1349 4014 Deinde
1390 3932 1590 4016 Montero·

131 4078 280 4138 movet.
726 4102 731 4111 -
883 4039 962 4129 lurn
995 4046 1178 4161 oppidum
1207 4047 1383 4151 obsidet,
1408 4049 1473 4132 sed
1502 4051 1588 4134 Gal·

182 4170 350 4255 XXXII.
408 4168 539 4254 Itinere
560 4194 640 4253 non
661 4167 832 4252 intemris·
886 4161 958 4250 lico
974 4164 1134 4250 exercitu
1152 4165 1379 4269 accedente,
1395 4188 1472 4246 eta
1496 4168 1586 4252 Cae·

130 4313 169 4368 so
210 4285 353 4404 ingenti
390 4285 428 4371 vi
471 4310 752 4372 commeatuum
794 4285 833 4368 in
883 4306 962 4383 sare
1005 4284 1053 4369 de
1091 4280 1344 4397 pacificatione
1383 4281 1515 4367 certior
1538 4282 1590 4369 fass

130 4428 266 4517 septem
304 4401 452 4488 castella
492 4410 650 4519 aRege
695 4430 832 4518 conge·
883 4425 992 4506 etus,
1019 4400 1153 4485 omissa
1175 4396 1397 4505 obsidione,
1432 4400 1591 4490 domum

130 4545 268 4606 storum
296 4522 459 4638 potitur.
492 4522 603 4637 Regis
640 4519 752 4634 legati
784 4519 833 4605 ad
884 4516 999 4602 redit.

129 4639 306 4723 Carolum
339 4640 527 4744 redeunt,
552 4664 591 4722 et
617 4637 667 4723 ad
702 4636 829 4751 CrepI·
924 4632 1026 4718 XL.
1084 4631 1220 4719 Paulus
1266 4631 1438 4722 Pontifex
1479 4640 1588 4752 preci·

128 4783 218 4841 num
245 4757 433 4844 castellun
455 4786 530 4873 pax
573 4753 728 4843 tandem
759 4783 833 4842 cer·
884 4752 954 4841 bus
977 4751 1143 4844 Caesaris
1171 4777 1404 4871 expugnatus
1437 4767 1609 4871 genera-⁷
1666 4863 1670 4870 Ι
