4102 5864
499 450 744 534 CAROLI
782 453 834 531 V.
884 451 1000 531 LIB.
1036 451 1181 534 XXV.
1448 482 1531 565 321

105 607 230 710 berto
282 607 588 734 Marchione,
624 611 706 754 qui
756 609 843 713 huc
894 613 1118 715 custodiae
1167 610 1309 756 gratia
1358 610 1571 724 deductus
1621 632 1626 642 ²

97 748 282 876 fuerat,
321 756 370 858 in
404 753 649 861 libertatem
693 752 919 858 vindicato
955 799 966 867 3
1013 798 1099 901 qua
1153 761 1201 860 in
1253 801 1349 862 arce
1405 803 1566 908 magna

84 934 147 998 *et
185 937 511 1004 tormentorum
531 979 545 1022 ,
565 937 609 1002 et
645 939 797 1002 earum
832 942 1013 1024 rerum,
1051 943 1163 1045 quae
1198 901 1266 1005 his
1302 907 1399 1006 usui
1435 949 1563 1033 sunt,

85 1046 346 1149 multitudo
378 1082 584 1188 repertas
618 1045 778 1149 deinde
826 1081 998 1168 cetera,
1036 1085 1168 1189 prout
1203 1088 1294 1151 etat
1344 1055 1562 1154 constitu-

81 1222 199 1287 tum
229 1266 244 1309 ,
275 1188 607 1291 administrata.
662 1200 811 1331 Itaque
864 1231 973 1293 uxor
1009 1193 1197 1326 Joannis
1233 1194 1424 1295 Fedetici
1458 1210 1560 1298 Du-

84 1330 161 1430 cis
197 1374 250 1432 ex
287 1332 576 1476 Vitemberga
628 1373 731 1434 cum
779 1375 871 1435 uno
908 1378 960 1435 ex
997 1334 1094 1437 filiis
1138 1336 1185 1437 in
1235 1375 1370 1438 castra
1406 1342 1557 1462 venit,

73 1478 314 1577 Ternandi
348 1479 485 1620 Regis
535 1478 631 1579 filiis
684 1514 728 1580 et
776 1477 1035 1580 Marchione
1070 1479 1476 1624 Brandeburgensi,
1514 1524 1558 1588 et

98 1618 196 1720 aliis
241 1624 466 1723 Germanis
516 1618 786 1762 Principibus
808 1704 812 1721 r
838 1618 978 1724 officii
1025 1623 1162 1766 gratia
1212 1625 1553 1733 deducentibus,

103 1775 229 1885 Quae
263 1766 443 1909 supplex
478 1768 692 1868 Carolum
727 1803 831 1865 cum
867 1767 1111 1887 salutasset,
1132 1809 1175 1869 se
1212 1806 1255 1868 et
1292 1809 1367 1869 sua
1405 1773 1557 1885 omnia

92 1905 148 2006 in
186 1920 277 2042 ejus
314 1946 576 2052 potestatem
613 1909 865 2052 permittere
901 1911 1045 2030 dixit,
1081 1949 1124 2012 et
1161 1912 1367 2012 maritum
1404 1915 1446 2013 ei
1482 1919 1555 2016 de-

95 2051 351 2159 mississime
385 2054 744 2157 commendavit.
799 2065 909 2157 Eam
945 2055 1128 2157 Carolus
1177 2095 1271 2156 non
1314 2096 1465 2175 secus,
1504 2099 1556 2158 ac

92 2194 133 2293 si
167 2191 345 2300 fortuna
395 2199 508 2300 nihil
557 2200 599 2300 ei
634 2236 709 2341 per
760 2198 910 2300 mariti
961 2199 1129 2300 crimen
1173 2236 1216 2299 et
1261 2199 1556 2305 calamitatem

98 2339 377 2464 detraxisset,
417 2340 612 2486 benigne
647 2341 914 2484 appellavit,
951 2379 995 2443 et
1030 2340 1273 2443 honorifice
1320 2346 1549 2455 tractavit3
1673 2375 1678 2385 '

101 2484 213 2623 quin
265 2524 308 2588 et
349 2487 726 2633 Vitembergam,
760 2485 919 2588 marito
971 2485 1155 2587 salutato
1206 2507 1277 2625 et
1298 2525 1553 2608 convento,

101 2664 313 2733 reversam
349 2710 364 2753 ,
401 2634 614 2775 postridie
676 2669 780 2734 eum
829 2626 987 2733 urbem
1036 2630 1246 2771 inspicere
1294 2631 1552 2776 placuisset,

101 2811 226 2874 causa
261 2773 445 2879 honoris
482 2778 661 2879 invisit.

170 2929 312 3022 XVII.
387 2930 493 3024 Hoc
527 2921 694 3024 bellum
728 2920 913 3023 Carolus
948 2959 1110 3063 magna
1146 2962 1198 3021 ex
1238 2951 1358 3060 parte
1404 2915 1556 3022 celeri-

100 3091 187 3161 tate
223 3061 440 3168 confecit.
479 3074 603 3169 Nam
638 3066 673 3167 si
709 3065 922 3207 dispersae
958 3066 1144 3205 copiae,
1165 3101 1208 3164 et
1245 3101 1351 3204 quas
1386 3103 1436 3161 ex
1472 3076 1556 3163 Bo-

100 3199 244 3308 hemia
279 3208 624 3313 Tumezhiernes
660 3206 929 3329 inducebat,
967 3211 1091 3349 quod
1126 3210 1240 3308 intra
1276 3207 1396 3306 diem
1437 3207 1564 3305 duo-‘

100 3346 324 3454 decimum
374 3350 469 3457 fore
523 3351 881 3496 exspectabatur,
919 3353 1253 3471 convenissent,
1289 3363 1391 3450 Dux
1435 3349 1556 3450 idem

99 3531 311 3633 poterat,
347 3534 396 3600 ut
431 3500 522 3643 ipse
559 3535 710 3641 postea
746 3494 1063 3616 confirmavit,
1096 3537 1200 3617 cunr
1237 3492 1439 3635 pediturn
1475 3490 1564 3601 tri-v

98 3637 254 3778 ginta,
291 3643 494 3782 equitum
540 3683 648 3745 vero
697 3678 862 3783 septem
896 3637 1124 3760 millibus,
1160 3637 1316 3739 nostris
1368 3673 1555 3736 numero

98 3784 244 3885 multo
288 3783 565 3888 inferioribus
616 3824 868 3889 occurrere.
930 3797 1051 3906 Quas
1104 3783 1224 3884 enim
1272 3777 1420 3927 copias
1468 3777 1557 3877 buc

98 3928 281 4029 Carolus
328 3930 552 4056 induxit,
602 3930 678 4031 vix
730 3931 931 4072 pediturn
978 3927 1224 4048 sexdecim,
1260 3929 1304 4027 e't
1355 3920 1557 4066 equitum

97 4069 302 4213 quinque
339 4075 528 4176 millium
565 4113 802 4176 numerum
838 4071 1100 4215 explebant.

165 4224 329 4318 XVHI.
405 4221 477 4322 Ad
513 4217 851 4361 Vitembergam
891 4218 1075 4320 Carolus
1130 4227 1196 4350 jus
1247 4211 1478 4356 suffragii,
1514 4246 1558 4312 et

97 4355 199 4459 huic
248 4401 417 4464 annexa
466 4363 683 4503 oppida,
720 4361 882 4501 quibus
919 4367 1145 4496 joannem
1197 4360 1474 4499 privaverat,
1511 4356 1560 4458 in

100 4504 366 4607 Mauricium
402 4507 591 4607 Henrici
632 4506 843 4608 Saxoniae
891 4505 1101 4646 Principis
1137 4503 1317 4623 filiurn,
1362 4499 1559 4644 Philippi

99 4651 353 4787 Lantgravii
404 4690 662 4793 generum,
702 4690 865 4793 magna
901 4650 1166 4752 caerimonia
1217 4647 1483 4755 transtulits
1517 4681 1561 4744 er

98 4788 261 4890 milites
297 4796 558 4938 Hispanos,
591 4796 671 4935 qui
706 4795 882 4898 hostiles
917 4795 1138 4901 naviculas
1190 4794 1248 4896 ad
1282 4789 1564 4947 Milburgum

172 4936 283 5037 Tem.
304 4945 359 5068 ῌ.
1093 4953 1145 5042 Ss
1450 4971 1567 5034 nan-
