<?xml version="1.0" encoding="UTF-8"?>
<!DOCTYPE html PUBLIC "-//W3C//DTD XHTML 1.0 Transitional//EN"
    "http://www.w3.org/TR/xhtml1/DTD/xhtml1-transitional.dtd">
<html xmlns="http://www.w3.org/1999/xhtml" xml:lang="en" lang="en">
 <head>
  <title>
</title>
<meta http-equiv="Content-Type" content="text/html;charset=utf-8" />
  <meta name='ocr-system' content='tesseract 3.04.00' />
  <meta name='ocr-capabilities' content='ocr_page ocr_carea ocr_par ocr_line ocrx_word'/>
</head>
<body>
  <div class='ocr_page' id='page_1' title='image "./joannisgenesiis00sepgoog_0411.png"; bbox 0 0 3998 5850; ppageno 0'>
   <div class='ocr_carea' id='block_1_1' title="bbox 2 450 1613 4930">
    <p class='ocr_par' dir='ltr' id='par_1_1' title="bbox 2 450 1613 4930">
     <span class='ocr_line' id='line_1_1' title="bbox 430 450 1474 564; baseline 0.003 -32"><span class='ocrx_word' id='word_1_1' title='bbox 430 450 669 532; x_wconf 76' lang='lat' dir='ltr'>cauom</span> <span class='ocrx_word' id='word_1_2' title='bbox 713 450 765 552; x_wconf 87' lang='lat' dir='ltr'>v.</span> <span class='ocrx_word' id='word_1_3' title='bbox 815 451 929 529; x_wconf 74' lang='lat' dir='ltr'>utu.</span> <span class='ocrx_word' id='word_1_4' title='bbox 963 453 1171 534; x_wconf 85' lang='lat' dir='ltr'>xxvrt..</span> <span class='ocrx_word' id='word_1_5' title='bbox 1388 477 1474 564; x_wconf 81' lang='lat'>415</span> 
     </span>
     <span class='ocr_line' id='line_1_2' title="bbox 58 610 1613 763; baseline -0.004 -34"><span class='ocrx_word' id='word_1_6' title='bbox 58 617 336 730; x_wconf 73' lang='lat' dir='ltr'>obsidionem</span> <span class='ocrx_word' id='word_1_7' title='bbox 372 691 386 733; x_wconf 93' lang='lat'>,</span> <span class='ocrx_word' id='word_1_8' title='bbox 421 612 675 754; x_wconf 88' lang='lat' dir='ltr'>copiisper</span> <span class='ocrx_word' id='word_1_9' title='bbox 713 610 849 751; x_wconf 85' lang='lat' dir='ltr'>quina</span> <span class='ocrx_word' id='word_1_10' title='bbox 909 632 1045 711; x_wconf 86' lang='lat' dir='ltr'>castra</span> <span class='ocrx_word' id='word_1_11' title='bbox 1096 612 1360 756; x_wconf 68' lang='lat' dir='ltr'>dispositis,</span> <span class='ocrx_word' id='word_1_12' title='bbox 1394 662 1528 763; x_wconf 62' lang='lat' dir='ltr'>urge·</span> <span class='ocrx_word' id='word_1_13' title='bbox 1611 739 1613 743; x_wconf 11' lang='lat' dir='ltr'>v</span> 
     </span>
     <span class='ocr_line' id='line_1_3' title="bbox 57 756 1559 904; baseline -0.001 -36"><span class='ocrx_word' id='word_1_14' title='bbox 57 772 183 887; x_wconf 86' lang='lat' dir='ltr'>bat,</span> <span class='ocrx_word' id='word_1_15' title='bbox 220 763 344 904; x_wconf 89' lang='lat' dir='ltr'>quod</span> <span class='ocrx_word' id='word_1_16' title='bbox 381 759 601 859; x_wconf 89' lang='lat' dir='ltr'>castellum</span> <span class='ocrx_word' id='word_1_17' title='bbox 642 756 895 857; x_wconf 87' lang='lat' dir='ltr'>Ludovicus</span> <span class='ocrx_word' id='word_1_18' title='bbox 928 756 1099 877; x_wconf 92' lang='lat' dir='ltr'>Picus,</span> <span class='ocrx_word' id='word_1_19' title='bbox 1139 760 1218 901; x_wconf 89' lang='lat' dir='ltr'>qui</span> <span class='ocrx_word' id='word_1_20' title='bbox 1255 764 1398 865; x_wconf 89' lang='lat' dir='ltr'>eidem</span> <span class='ocrx_word' id='word_1_21' title='bbox 1436 769 1559 867; x_wconf 79' lang='lat' dir='ltr'>i&#39;m-·</span> 
     </span>
     <span class='ocr_line' id='line_1_4' title="bbox 57 901 1525 1056; baseline -0.001 -42"><span class='ocrx_word' id='word_1_22' title='bbox 57 913 307 1056; x_wconf 88' lang='lat' dir='ltr'>peritabat,</span> <span class='ocrx_word' id='word_1_23' title='bbox 344 941 644 1007; x_wconf 86' lang='lat' dir='ltr'>sexcentorum</span> <span class='ocrx_word' id='word_1_24' title='bbox 684 901 938 1033; x_wconf 74' lang='lat' dir='ltr'>Italicorum</span> <span class='ocrx_word' id='word_1_25' title='bbox 975 902 1197 1040; x_wconf 90' lang='lat' dir='ltr'>stipendio</span> <span class='ocrx_word' id='word_1_26' title='bbox 1235 909 1403 1009; x_wconf 90' lang='lat' dir='ltr'>Gallico</span> <span class='ocrx_word' id='word_1_27' title='bbox 1439 914 1525 1012; x_wconf 92' lang='lat' dir='ltr'>mi-</span> 
     </span>
     <span class='ocr_line' id='line_1_5' title="bbox 59 1036 1533 1196; baseline -0.002 -39"><span class='ocrx_word' id='word_1_28' title='bbox 59 1056 280 1157; x_wconf 86' lang='lat' dir='ltr'><strong>litantium</strong></span> <span class='ocrx_word' id='word_1_29' title='bbox 319 1049 531 1192; x_wconf 87' lang='lat' dir='ltr'>praesidio</span> <span class='ocrx_word' id='word_1_30' title='bbox 585 1044 786 1147; x_wconf 86' lang='lat' dir='ltr'>tuebatur</span> <span class='ocrx_word' id='word_1_31' title='bbox 829 1085 842 1152; x_wconf 79' lang='lat'><em>3</em></span> <span class='ocrx_word' id='word_1_32' title='bbox 878 1047 950 1145; x_wconf 92' lang='lat' dir='ltr'>sed</span> <span class='ocrx_word' id='word_1_33' title='bbox 988 1036 1103 1184; x_wconf 85' lang='lat' dir='ltr'>Julii</span> <span class='ocrx_word' id='word_1_34' title='bbox 1146 1050 1365 1153; x_wconf 70' lang='lat' dir='ltr'>Pontifici&#39;s</span> <span class='ocrx_word' id='word_1_35' title='bbox 1395 1133 1409 1174; x_wconf 86' lang='lat'>‚</span> <span class='ocrx_word' id='word_1_36' title='bbox 1435 1060 1533 1196; x_wconf 53' lang='lat' dir='ltr'>&#39;qui</span> 
     </span>
     <span class='ocr_line' id='line_1_6' title="bbox 59 1187 1528 1337; baseline -0.002 -36"><span class='ocrx_word' id='word_1_37' title='bbox 59 1196 336 1301; x_wconf 87' lang='lat' dir='ltr'>Mirandulae</span> <span class='ocrx_word' id='word_1_38' title='bbox 371 1195 608 1337; x_wconf 83' lang='lat' dir='ltr'>negotium</span> <span class='ocrx_word' id='word_1_39' title='bbox 658 1192 711 1290; x_wconf 90' lang='lat' dir='ltr'>ad</span> <span class='ocrx_word' id='word_1_40' title='bbox 765 1232 807 1290; x_wconf 91' lang='lat' dir='ltr'>se</span> <span class='ocrx_word' id='word_1_41' title='bbox 861 1187 972 1289; x_wconf 81' lang='lat' dir='ltr'>nihil</span> <span class='ocrx_word' id='word_1_42' title='bbox 1008 1191 1226 1330; x_wconf 88' lang='lat' dir='ltr'>pertinere:</span> <span class='ocrx_word' id='word_1_43' title='bbox 1274 1197 1528 1328; x_wconf 85' lang='lat' dir='ltr'>judicabat,</span> 
     </span>
     <span class='ocr_line' id='line_1_7' title="bbox 57 1335 1523 1483; baseline -0.001 -37"><span class='ocrx_word' id='word_1_44' title='bbox 57 1345 285 1446; x_wconf 82' lang='lat' dir='ltr'>voluntate</span> <span class='ocrx_word' id='word_1_45' title='bbox 322 1350 526 1440; x_wconf 83' lang='lat' dir='ltr'><strong>Parmam</strong></span> <span class='ocrx_word' id='word_1_46' title='bbox 562 1375 742 1437; x_wconf 89' lang='lat' dir='ltr'>movere</span> <span class='ocrx_word' id='word_1_47' title='bbox 777 1375 880 1434; x_wconf 89' lang='lat' dir='ltr'>cum</span> <span class='ocrx_word' id='word_1_48' title='bbox 916 1335 1159 1475; x_wconf 86' lang='lat' dir='ltr'>coepisset,</span> <span class='ocrx_word' id='word_1_49' title='bbox 1196 1342 1523 1483; x_wconf 81' lang='lat' dir='ltr'>erumpentibus</span> 
     </span>
     <span class='ocr_line' id='line_1_8' title="bbox 58 1479 1523 1620; baseline -0.001 -31"><span class='ocrx_word' id='word_1_50' title='bbox 58 1486 326 1589; x_wconf 83' lang='lat' dir='ltr'>adversariis.</span> <span class='ocrx_word' id='word_1_51' title='bbox 347 1481 637 1584; x_wconf 88' lang='lat' dir='ltr'>tumultuario</span> <span class='ocrx_word' id='word_1_52' title='bbox 670 1479 835 1620; x_wconf 89' lang='lat' dir='ltr'>praelio</span> <span class='ocrx_word' id='word_1_53' title='bbox 872 1479 1093 1578; x_wconf 87' lang='lat' dir='ltr'>lacessitus</span> <span class='ocrx_word' id='word_1_54' title='bbox 1124 1482 1376 1606; x_wconf 87' lang='lat' dir='ltr'>occiditur,</span> <span class='ocrx_word' id='word_1_55' title='bbox 1413 1490 1523 1588; x_wconf 91' lang='lat' dir='ltr'>dum</span> 
     </span>
     <span class='ocr_line' id='line_1_9' title="bbox 59 1622 1522 1773; baseline -0.002 -39"><span class='ocrx_word' id='word_1_56' title='bbox 59 1673 225 1773; x_wconf 87' lang='lat' dir='ltr'>magno</span> <span class='ocrx_word' id='word_1_57' title='bbox 261 1627 416 1731; x_wconf 88' lang='lat' dir='ltr'>animo</span> <span class='ocrx_word' id='word_1_58' title='bbox 447 1629 567 1726; x_wconf 88' lang='lat' dir='ltr'>inter·</span> <span class='ocrx_word' id='word_1_59' title='bbox 598 1622 916 1764; x_wconf 86' lang='lat' dir='ltr'>promtissimus</span> <span class='ocrx_word' id='word_1_60' title='bbox 952 1659 1174 1753; x_wconf 81' lang='lat' dir='ltr'>uersatur,</span> <span class='ocrx_word' id='word_1_61' title='bbox 1212 1627 1258 1726; x_wconf 88' lang='lat' dir='ltr'>in</span> <span class='ocrx_word' id='word_1_62' title='bbox 1296 1639 1418 1762; x_wconf 90' lang='lat' dir='ltr'>cujus</span> <span class='ocrx_word' id='word_1_63' title='bbox 1455 1634 1522 1731; x_wconf 92' lang='lat' dir='ltr'>lo-</span> 
     </span>
     <span class='ocr_line' id='line_1_10' title="bbox 2 1766 1521 1891; baseline 0 -14"><span class='ocrx_word' id='word_1_64' title='bbox 2 1884 5 1891; x_wconf 55' lang='lat'>,</span> <span class='ocrx_word' id='word_1_65' title='bbox 62 1816 165 1877; x_wconf 89' lang='lat' dir='ltr'>cum</span> <span class='ocrx_word' id='word_1_66' title='bbox 202 1774 414 1874; x_wconf 84' lang='lat' dir='ltr'>Camillus</span> <span class='ocrx_word' id='word_1_67' title='bbox 451 1770 642 1872; x_wconf 87' lang='lat' dir='ltr'>Ursinus·</span> <span class='ocrx_word' id='word_1_68' title='bbox 691 1766 922 1866; x_wconf 85' lang='lat' dir='ltr'>successit..</span> <span class='ocrx_word' id='word_1_69' title='bbox 970 1776 1076 1866; x_wconf 88' lang='lat' dir='ltr'>Erat</span> <span class='ocrx_word' id='word_1_70' title='bbox 1117 1769 1364 1872; x_wconf 85' lang='lat' dir='ltr'>Mirandula</span> <span class='ocrx_word' id='word_1_71' title='bbox 1418 1817 1521 1877; x_wconf 91' lang='lat' dir='ltr'>cum</span> 
     </span>
     <span class='ocr_line' id='line_1_11' title="bbox 61 1907 1523 2057; baseline -0.003 -38"><span class='ocrx_word' id='word_1_72' title='bbox 61 1921 211 2019; x_wconf 88' lang='lat' dir='ltr'>ceteris</span> <span class='ocrx_word' id='word_1_73' title='bbox 247 1916 488 2057; x_wconf 89' lang='lat' dir='ltr'>operibus,</span> <span class='ocrx_word' id='word_1_74' title='bbox 518 1951 616 2013; x_wconf 94' lang='lat' dir='ltr'>tum</span> <span class='ocrx_word' id='word_1_75' title='bbox 651 1907 766 2010; x_wconf 87' lang='lat' dir='ltr'>fossa</span> <span class='ocrx_word' id='word_1_76' title='bbox 801 1909 1005 2008; x_wconf 89' lang='lat' dir='ltr'>latissima</span> <span class='ocrx_word' id='word_1_77' title='bbox 1043 1952 1156 2052; x_wconf 88' lang='lat' dir='ltr'>aqua</span> <span class='ocrx_word' id='word_1_78' title='bbox 1192 1916 1351 2054; x_wconf 88' lang='lat' dir='ltr'>repleta</span> <span class='ocrx_word' id='word_1_79' title='bbox 1386 1922 1523 2044; x_wconf 90' lang='lat' dir='ltr'>undi-·</span> 
     </span>
     <span class='ocr_line' id='line_1_12' title="bbox 61 2052 1521 2204; baseline 0 -41"><span class='ocrx_word' id='word_1_80' title='bbox 61 2105 150 2204; x_wconf 87' lang='lat' dir='ltr'>que</span> <span class='ocrx_word' id='word_1_81' title='bbox 201 2063 391 2161; x_wconf 90' lang='lat' dir='ltr'>munita.</span> <span class='ocrx_word' id='word_1_82' title='bbox 449 2068 604 2158; x_wconf 91' lang='lat' dir='ltr'>Parma</span> <span class='ocrx_word' id='word_1_83' title='bbox 647 2094 755 2155; x_wconf 83' lang='lat' dir='ltr'>vero.</span> <span class='ocrx_word' id='word_1_84' title='bbox 805 2052 1134 2154; x_wconf 80' lang='lat' dir='ltr'>munitionibus.</span> <span class='ocrx_word' id='word_1_85' title='bbox 1183 2094 1226 2155; x_wconf 90' lang='lat' dir='ltr'>et</span> <span class='ocrx_word' id='word_1_86' title='bbox 1274 2057 1521 2163; x_wconf 87' lang='lat' dir='ltr'>firmissimo</span> 
     </span>
     <span class='ocr_line' id='line_1_13' title="bbox 59 2193 1525 2348; baseline 0.001 -44"><span class='ocrx_word' id='word_1_87' title='bbox 59 2206 278 2348; x_wconf 87' lang='lat' dir='ltr'>praesidio</span> <span class='ocrx_word' id='word_1_88' title='bbox 322 2196 686 2318; x_wconf 84' lang='lat' dir='ltr'>defendebatur,</span> <span class='ocrx_word' id='word_1_89' title='bbox 724 2237 843 2339; x_wconf 89' lang='lat' dir='ltr'>quae</span> <span class='ocrx_word' id='word_1_90' title='bbox 873 2237 1005 2297; x_wconf 90' lang='lat' dir='ltr'>causa.</span> <span class='ocrx_word' id='word_1_91' title='bbox 1050 2193 1185 2318; x_wconf 77' lang='lat' dir='ltr'>brit,</span> <span class='ocrx_word' id='word_1_92' title='bbox 1222 2240 1271 2302; x_wconf 91' lang='lat' dir='ltr'>ut</span> <span class='ocrx_word' id='word_1_93' title='bbox 1309 2205 1354 2302; x_wconf 91' lang='lat' dir='ltr'>in</span> <span class='ocrx_word' id='word_1_94' title='bbox 1392 2206 1525 2348; x_wconf 85' lang='lat' dir='ltr'>longa</span> 
     </span>
     <span class='ocr_line' id='line_1_14' title="bbox 62 2342 1524 2483; baseline 0.002 -36"><span class='ocrx_word' id='word_1_95' title='bbox 62 2348 296 2449; x_wconf 85' lang='lat' dir='ltr'>obsidione</span> <span class='ocrx_word' id='word_1_96' title='bbox 332 2373 478 2445; x_wconf 89' lang='lat' dir='ltr'>tamen</span> <span class='ocrx_word' id='word_1_97' title='bbox 531 2342 586 2442; x_wconf 89' lang='lat' dir='ltr'>ab</span> <span class='ocrx_word' id='word_1_98' title='bbox 622 2342 852 2482; x_wconf 82' lang='lat' dir='ltr'>utriusque</span> <span class='ocrx_word' id='word_1_99' title='bbox 899 2344 1238 2483; x_wconf 81' lang='lat' dir='ltr'>oppugnatione·</span> <span class='ocrx_word' id='word_1_100' title='bbox 1285 2346 1524 2452; x_wconf 87' lang='lat' dir='ltr'>abstinere-</span> 
     </span>
     <span class='ocr_line' id='line_1_15' title="bbox 62 2485 1519 2630; baseline 0.001 -39"><span class='ocrx_word' id='word_1_101' title='bbox 62 2531 162 2591; x_wconf 89' lang='lat' dir='ltr'>tur.</span> <span class='ocrx_word' id='word_1_102' title='bbox 219 2502 368 2630; x_wconf 89' lang='lat' dir='ltr'>Itaque</span> <span class='ocrx_word' id='word_1_103' title='bbox 406 2487 638 2588; x_wconf 85' lang='lat' dir='ltr'>obsidione</span> <span class='ocrx_word' id='word_1_104' title='bbox 693 2485 741 2584; x_wconf 90' lang='lat' dir='ltr'>in</span> <span class='ocrx_word' id='word_1_105' title='bbox 794 2524 991 2586; x_wconf 89' lang='lat' dir='ltr'>mensem</span> <span class='ocrx_word' id='word_1_106' title='bbox 1024 2488 1308 2588; x_wconf 89' lang='lat' dir='ltr'>undecimum</span> <span class='ocrx_word' id='word_1_107' title='bbox 1362 2493 1519 2613; x_wconf 87' lang='lat' dir='ltr'>ducta,</span> 
     </span>
     <span class='ocr_line' id='line_1_16' title="bbox 63 2625 1612 2774; baseline -0.001 -41"><span class='ocrx_word' id='word_1_108' title='bbox 63 2635 209 2770; x_wconf 90' lang='lat' dir='ltr'>Julius</span> <span class='ocrx_word' id='word_1_109' title='bbox 259 2625 463 2732; x_wconf 81' lang='lat' dir='ltr'>Pontifex</span> <span class='ocrx_word' id='word_1_110' title='bbox 509 2627 616 2732; x_wconf 82' lang='lat' dir='ltr'>belli·</span> <span class='ocrx_word' id='word_1_111' title='bbox 662 2627 992 2771; x_wconf 83' lang='lat' dir='ltr'>longitudinem·</span> <span class='ocrx_word' id='word_1_112' title='bbox 1042 2668 1303 2770; x_wconf 85' lang='lat' dir='ltr'>pertaesus,</span> <span class='ocrx_word' id='word_1_113' title='bbox 1359 2639 1530 2774; x_wconf 88' lang='lat' dir='ltr'>petenti</span> <span class='ocrx_word' id='word_1_114' title='bbox 1608 2761 1612 2768; x_wconf 19' lang='grc' dir='ltr'>Ι</span> 
     </span>
     <span class='ocr_line' id='line_1_17' title="bbox 63 2772 1522 2897; baseline -0.001 -17"><span class='ocrx_word' id='word_1_115' title='bbox 63 2777 257 2880; x_wconf 84' lang='lat' dir='ltr'>Octavio</span> <span class='ocrx_word' id='word_1_116' title='bbox 295 2779 483 2876; x_wconf 89' lang='lat' dir='ltr'>duorum</span> <span class='ocrx_word' id='word_1_117' title='bbox 520 2812 736 2874; x_wconf 89' lang='lat' dir='ltr'>annorum</span> <span class='ocrx_word' id='word_1_118' title='bbox 772 2772 965 2872; x_wconf 81' lang='lat' dir='ltr'>inducias</span> <span class='ocrx_word' id='word_1_119' title='bbox 999 2776 1245 2897; x_wconf 81' lang='lat' dir='ltr'>concessit,</span> <span class='ocrx_word' id='word_1_120' title='bbox 1275 2780 1522 2880; x_wconf 89' lang='lat' dir='ltr'>Henricum</span> 
     </span>
     <span class='ocr_line' id='line_1_18' title="bbox 63 2916 1528 3062; baseline 0 -40"><span class='ocrx_word' id='word_1_121' title='bbox 63 2934 236 3062; x_wconf 85' lang='lat' dir='ltr'>Regem</span> <span class='ocrx_word' id='word_1_122' title='bbox 273 2922 464 3021; x_wconf 85' lang='lat' dir='ltr'>maxime</span> <span class='ocrx_word' id='word_1_123' title='bbox 500 2917 728 3058; x_wconf 87' lang='lat' dir='ltr'>respiciens</span> <span class='ocrx_word' id='word_1_124' title='bbox 762 2996 783 3037; x_wconf 76' lang='lat'><em>„</em></span> <span class='ocrx_word' id='word_1_125' title='bbox 813 2916 893 3057; x_wconf 88' lang='lat' dir='ltr'>qui</span> <span class='ocrx_word' id='word_1_126' title='bbox 930 2956 1024 3015; x_wconf 90' lang='lat' dir='ltr'>non</span> <span class='ocrx_word' id='word_1_127' title='bbox 1059 2919 1196 3017; x_wconf 91' lang='lat' dir='ltr'>modo</span> <span class='ocrx_word' id='word_1_128' title='bbox 1232 2917 1397 3021; x_wconf 90' lang='lat' dir='ltr'>bellum</span> <span class='ocrx_word' id='word_1_129' title='bbox 1436 2925 1528 3022; x_wconf 89' lang='lat' dir='ltr'>suis</span> 
     </span>
     <span class='ocr_line' id='line_1_19' title="bbox 64 3058 1526 3182; baseline 0.002 -19"><span class='ocrx_word' id='word_1_130' title='bbox 64 3067 280 3166; x_wconf 90' lang='lat' dir='ltr'>sumtibus</span> <span class='ocrx_word' id='word_1_131' title='bbox 331 3062 515 3182; x_wconf 90' lang='lat' dir='ltr'>alebat,</span> <span class='ocrx_word' id='word_1_132' title='bbox 552 3063 626 3161; x_wconf 90' lang='lat' dir='ltr'>sed</span> <span class='ocrx_word' id='word_1_133' title='bbox 662 3060 797 3162; x_wconf 90' lang='lat' dir='ltr'>etiam</span> <span class='ocrx_word' id='word_1_134' title='bbox 851 3058 1029 3159; x_wconf 89' lang='lat' dir='ltr'>clericos</span> <span class='ocrx_word' id='word_1_135' title='bbox 1064 3062 1210 3160; x_wconf 89' lang='lat' dir='ltr'>Gallos</span> <span class='ocrx_word' id='word_1_136' title='bbox 1247 3065 1526 3179; x_wconf 87' lang='lat' dir='ltr'>Sacerdotio·</span> 
     </span>
     <span class='ocr_line' id='line_1_20' title="bbox 64 3203 1531 3350; baseline 0.001 -42"><span class='ocrx_word' id='word_1_137' title='bbox 64 3247 165 3309; x_wconf 91' lang='lat' dir='ltr'>rum</span> <span class='ocrx_word' id='word_1_138' title='bbox 201 3209 445 3350; x_wconf 79' lang='lat' dir='ltr'>diplomata</span> <span class='ocrx_word' id='word_1_139' title='bbox 480 3218 627 3305; x_wconf 85' lang='lat' dir='ltr'>Roma</span> <span class='ocrx_word' id='word_1_140' title='bbox 662 3206 723 3303; x_wconf 88' lang='lat' dir='ltr'>de.</span> <span class='ocrx_word' id='word_1_141' title='bbox 753 3243 884 3304; x_wconf 88' lang='lat' dir='ltr'>more</span> <span class='ocrx_word' id='word_1_142' title='bbox 915 3243 1064 3344; x_wconf 87' lang='lat' dir='ltr'>petere</span> <span class='ocrx_word' id='word_1_143' title='bbox 1096 3203 1387 3345; x_wconf 81' lang='lat' dir='ltr'>prohibebat,</span> <span class='ocrx_word' id='word_1_144' title='bbox 1411 3251 1531 3348; x_wconf 85' lang='lat' dir='ltr'>quae·</span> 
     </span>
     <span class='ocr_line' id='line_1_21' title="bbox 64 3348 1518 3488; baseline 0.002 -37"><span class='ocrx_word' id='word_1_145' title='bbox 64 3391 127 3452; x_wconf 93' lang='lat' dir='ltr'>res</span> <span class='ocrx_word' id='word_1_146' title='bbox 163 3352 399 3454; x_wconf 87' lang='lat' dir='ltr'>Pontificia</span> <span class='ocrx_word' id='word_1_147' title='bbox 434 3387 477 3450; x_wconf 88' lang='lat' dir='ltr'>et</span> <span class='ocrx_word' id='word_1_148' title='bbox 512 3361 715 3450; x_wconf 85' lang='lat' dir='ltr'>Romana</span> <span class='ocrx_word' id='word_1_149' title='bbox 750 3348 979 3488; x_wconf 85' lang='lat' dir='ltr'>vectigalia</span> <span class='ocrx_word' id='word_1_150' title='bbox 1031 3348 1222 3449; x_wconf 92' lang='lat' dir='ltr'>multum</span> <span class='ocrx_word' id='word_1_151' title='bbox 1274 3352 1518 3455; x_wconf 86' lang='lat' dir='ltr'>deterebat.</span> 
     </span>
     <span class='ocr_line' id='line_1_22' title="bbox 136 3492 1526 3634; baseline -0.001 -38"><span class='ocrx_word' id='word_1_152' title='bbox 136 3506 260 3597; x_wconf 78' lang='lat' dir='ltr'>XIV.</span> <span class='ocrx_word' id='word_1_153' title='bbox 334 3511 452 3598; x_wconf 92' lang='lat' dir='ltr'>Cum</span> <span class='ocrx_word' id='word_1_154' title='bbox 504 3501 658 3592; x_wconf 84' lang='lat' dir='ltr'>Astam</span> <span class='ocrx_word' id='word_1_155' title='bbox 709 3492 898 3595; x_wconf 86' lang='lat' dir='ltr'>venisset</span> <span class='ocrx_word' id='word_1_156' title='bbox 945 3504 1156 3634; x_wconf 88' lang='lat' dir='ltr'>Gonzaga</span> <span class='ocrx_word' id='word_1_157' title='bbox 1196 3571 1210 3612; x_wconf 90' lang='lat'><strong><em>,</em></strong></span> <span class='ocrx_word' id='word_1_158' title='bbox 1253 3495 1526 3594; x_wconf 87' lang='lat' dir='ltr'>Franciscum</span> 
     </span>
     <span class='ocr_line' id='line_1_23' title="bbox 65 3633 1525 3740; baseline 0 -1"><span class='ocrx_word' id='word_1_159' title='bbox 65 3650 287 3740; x_wconf 85' lang='lat' dir='ltr'>Estenstm</span> <span class='ocrx_word' id='word_1_160' title='bbox 325 3639 460 3740; x_wconf 89' lang='lat' dir='ltr'>Ducis</span> <span class='ocrx_word' id='word_1_161' title='bbox 496 3638 764 3737; x_wconf 86' lang='lat' dir='ltr'>Ferrariensis</span> <span class='ocrx_word' id='word_1_162' title='bbox 799 3633 979 3736; x_wconf 88' lang='lat' dir='ltr'>fratrem</span> <span class='ocrx_word' id='word_1_163' title='bbox 1014 3677 1116 3736; x_wconf 91' lang='lat' dir='ltr'>cum</span> <span class='ocrx_word' id='word_1_164' title='bbox 1153 3635 1403 3737; x_wconf 88' lang='lat' dir='ltr'>Italicorum</span> <span class='ocrx_word' id='word_1_165' title='bbox 1446 3639 1525 3739; x_wconf 85' lang='lat' dir='ltr'>tri-</span> 
     </span>
     <span class='ocr_line' id='line_1_24' title="bbox 66 3780 1534 3923; baseline 0.001 -41"><span class='ocrx_word' id='word_1_166' title='bbox 66 3780 146 3883; x_wconf 89' lang='lat' dir='ltr'>bus</span> <span class='ocrx_word' id='word_1_167' title='bbox 184 3782 410 3903; x_wconf 88' lang='lat' dir='ltr'>millibus,</span> <span class='ocrx_word' id='word_1_168' title='bbox 447 3784 722 3923; x_wconf 89' lang='lat' dir='ltr'>totidemque</span> <span class='ocrx_word' id='word_1_169' title='bbox 758 3780 1032 3897; x_wconf 87' lang='lat' dir='ltr'>Germanis,</span> <span class='ocrx_word' id='word_1_170' title='bbox 1075 3818 1117 3878; x_wconf 88' lang='lat' dir='ltr'>et</span> <span class='ocrx_word' id='word_1_171' title='bbox 1154 3782 1386 3882; x_wconf 88' lang='lat' dir='ltr'>tormentis</span> <span class='ocrx_word' id='word_1_172' title='bbox 1423 3820 1534 3884; x_wconf 91' lang='lat' dir='ltr'>octo</span> 
     </span>
     <span class='ocr_line' id='line_1_25' title="bbox 68 3923 1528 4167; baseline 0 -142"><span class='ocrx_word' id='word_1_173' title='bbox 68 3926 118 4025; x_wconf 90' lang='lat' dir='ltr'>in</span> <span class='ocrx_word' id='word_1_174' title='bbox 156 3930 392 4064; x_wconf 88' lang='lat' dir='ltr'>quamdam</span> <span class='ocrx_word' id='word_1_175' title='bbox 444 3926 681 4025; x_wconf 87' lang='lat' dir='ltr'>militarem</span> <span class='ocrx_word' id='word_1_176' title='bbox 715 3963 898 4024; x_wconf 86' lang='lat' dir='ltr'>manum</span> <span class='ocrx_word' id='word_1_177' title='bbox 946 3923 1170 4167; x_wconf 83' lang='lat' dir='ltr'>proficisci</span> <span class='ocrx_word' id='word_1_178' title='bbox 1207 3924 1331 4055; x_wconf 86' lang='lat' dir='ltr'>jubet</span> <span class='ocrx_word' id='word_1_179' title='bbox 1369 4004 1384 4044; x_wconf 88' lang='lat'><em>,</em></span> <span class='ocrx_word' id='word_1_180' title='bbox 1417 3968 1528 4066; x_wconf 89' lang='lat' dir='ltr'>quae</span> 
     </span>
     <span class='ocr_line' id='line_1_26' title="bbox 66 4067 1528 4210; baseline 0 -41"><span class='ocrx_word' id='word_1_181' title='bbox 66 4069 214 4169; x_wconf 90' lang='lat' dir='ltr'>castris</span> <span class='ocrx_word' id='word_1_182' title='bbox 252 4070 350 4167; x_wconf 93' lang='lat' dir='ltr'>loco</span> <span class='ocrx_word' id='word_1_183' title='bbox 408 4072 527 4170; x_wconf 90' lang='lat' dir='ltr'>edito</span> <span class='ocrx_word' id='word_1_184' title='bbox 580 4070 757 4168; x_wconf 90' lang='lat' dir='ltr'>munitis</span> <span class='ocrx_word' id='word_1_185' title='bbox 795 4067 944 4172; x_wconf 87' lang='lat' dir='ltr'>Monti</span> <span class='ocrx_word' id='word_1_186' title='bbox 965 4103 1191 4193; x_wconf 87' lang='lat' dir='ltr'>erratenses</span> <span class='ocrx_word' id='word_1_187' title='bbox 1243 4077 1528 4210; x_wconf 85' lang='lat' dir='ltr'>Astensesque</span> 
     </span>
     <span class='ocr_line' id='line_1_27' title="bbox 68 4209 1532 4353; baseline 0.001 -41"><span class='ocrx_word' id='word_1_188' title='bbox 68 4211 171 4313; x_wconf 85' lang='lat' dir='ltr'>fines</span> <span class='ocrx_word' id='word_1_189' title='bbox 210 4212 542 4314; x_wconf 86' lang='lat' dir='ltr'>excursionibus.</span> <span class='ocrx_word' id='word_1_190' title='bbox 586 4209 816 4313; x_wconf 86' lang='lat' dir='ltr'>infestabat</span> <span class='ocrx_word' id='word_1_191' title='bbox 859 4253 870 4319; x_wconf 79' lang='lat'>3</span> <span class='ocrx_word' id='word_1_192' title='bbox 906 4213 953 4312; x_wconf 89' lang='lat' dir='ltr'>in</span> <span class='ocrx_word' id='word_1_193' title='bbox 1004 4252 1199 4353; x_wconf 93' lang='lat' dir='ltr'>quorum</span> <span class='ocrx_word' id='word_1_194' title='bbox 1247 4251 1532 4353; x_wconf 88' lang='lat' dir='ltr'>conspectum</span> 
     </span>
     <span class='ocr_line' id='line_1_28' title="bbox 68 4351 1530 4497; baseline 0.002 -44"><span class='ocrx_word' id='word_1_195' title='bbox 68 4358 250 4455; x_wconf 81' lang='lat' dir='ltr'>Estensis</span> <span class='ocrx_word' id='word_1_196' title='bbox 290 4394 391 4455; x_wconf 91' lang='lat' dir='ltr'>cum</span> <span class='ocrx_word' id='word_1_197' title='bbox 429 4357 690 4497; x_wconf 86' lang='lat' dir='ltr'>pervenisset</span> <span class='ocrx_word' id='word_1_198' title='bbox 727 4432 742 4472; x_wconf 87' lang='lat'>‚</span> <span class='ocrx_word' id='word_1_199' title='bbox 779 4351 946 4455; x_wconf 80' lang='lat' dir='ltr'>diffisus</span> <span class='ocrx_word' id='word_1_200' title='bbox 983 4356 1212 4495; x_wconf 88' lang='lat' dir='ltr'>copiarum</span> <span class='ocrx_word' id='word_1_201' title='bbox 1244 4434 1276 4474; x_wconf 82' lang='lat'>,.</span> <span class='ocrx_word' id='word_1_202' title='bbox 1321 4397 1426 4497; x_wconf 87' lang='lat' dir='ltr'>quas</span> <span class='ocrx_word' id='word_1_203' title='bbox 1462 4358 1530 4456; x_wconf 61' lang='lat' dir='ltr'>inss</span> 
     </span>
     <span class='ocr_line' id='line_1_29' title="bbox 67 4497 1529 4643; baseline 0.003 -47"><span class='ocrx_word' id='word_1_204' title='bbox 67 4500 245 4599; x_wconf 86' lang='lat' dir='ltr'>duxerat</span> <span class='ocrx_word' id='word_1_205' title='bbox 282 4580 297 4621; x_wconf 93' lang='lat'>,</span> <span class='ocrx_word' id='word_1_206' title='bbox 338 4497 542 4641; x_wconf 86' lang='lat' dir='ltr'>paucitati</span> <span class='ocrx_word' id='word_1_207' title='bbox 581 4538 655 4639; x_wconf 89' lang='lat' dir='ltr'>per</span> <span class='ocrx_word' id='word_1_208' title='bbox 708 4498 868 4598; x_wconf 83' lang='lat' dir='ltr'>litteras</span> <span class='ocrx_word' id='word_1_209' title='bbox 917 4541 941 4596; x_wconf 90' lang='lat' dir='ltr'>a</span> <span class='ocrx_word' id='word_1_210' title='bbox 977 4511 1190 4640; x_wconf 87' lang='lat' dir='ltr'>Gonzaga</span> <span class='ocrx_word' id='word_1_211' title='bbox 1226 4499 1529 4643; x_wconf 85' lang='lat' dir='ltr'>Hispanorum</span> 
     </span>
     <span class='ocr_line' id='line_1_30' title="bbox 64 4642 1530 4782; baseline 0.002 -43"><span class='ocrx_word' id='word_1_212' title='bbox 64 4678 249 4777; x_wconf 90' lang='lat' dir='ltr'>manum</span> <span class='ocrx_word' id='word_1_213' title='bbox 301 4643 384 4743; x_wconf 84' lang='lat' dir='ltr'>sibi</span> <span class='ocrx_word' id='word_1_214' title='bbox 412 4643 634 4745; x_wconf 80' lang='lat' dir='ltr'>submitti</span> <span class='ocrx_word' id='word_1_215' title='bbox 671 4642 841 4782; x_wconf 83' lang='lat' dir='ltr'>poscit.</span> <span class='ocrx_word' id='word_1_216' title='bbox 897 4642 1023 4742; x_wconf 88' lang='lat' dir='ltr'>Missi</span> <span class='ocrx_word' id='word_1_217' title='bbox 1074 4680 1172 4742; x_wconf 90' lang='lat' dir='ltr'>sunt</span> <span class='ocrx_word' id='word_1_218' title='bbox 1228 4683 1329 4746; x_wconf 92' lang='lat' dir='ltr'>cum</span> <span class='ocrx_word' id='word_1_219' title='bbox 1367 4646 1530 4744; x_wconf 86' lang='lat' dir='ltr'>Alvaro</span> 
     </span>
     <span class='ocr_line' id='line_1_31' title="bbox 62 4784 1528 4930; baseline -0.002 -43"><span class='ocrx_word' id='word_1_220' title='bbox 62 4787 227 4888; x_wconf 86' lang='lat' dir='ltr'>Sandio</span> <span class='ocrx_word' id='word_1_221' title='bbox 263 4787 353 4890; x_wconf 93' lang='lat' dir='ltr'>duo</span> <span class='ocrx_word' id='word_1_222' title='bbox 410 4789 549 4891; x_wconf 87' lang='lat' dir='ltr'>millia</span> <span class='ocrx_word' id='word_1_223' title='bbox 586 4786 818 4928; x_wconf 87' lang='lat' dir='ltr'>quingenti</span> <span class='ocrx_word' id='word_1_224' title='bbox 854 4865 869 4908; x_wconf 89' lang='lat'><em>,</em></span> <span class='ocrx_word' id='word_1_225' title='bbox 907 4784 1068 4930; x_wconf 91' lang='lat' dir='ltr'>quibus</span> <span class='ocrx_word' id='word_1_226' title='bbox 1121 4787 1336 4930; x_wconf 88' lang='lat' dir='ltr'>perductis</span> <span class='ocrx_word' id='word_1_227' title='bbox 1385 4788 1528 4891; x_wconf 89' lang='lat' dir='ltr'>hostes</span> 
     </span>
    </p>
   </div>
   <div class='ocr_carea' id='block_1_2' title="bbox 1443 4927 1597 5030">
    <p class='ocr_par' dir='ltr' id='par_1_2' title="bbox 1443 4927 1597 5030">
     <span class='ocr_line' id='line_1_32' title="bbox 1443 4927 1597 5030; baseline 0.006 -1"><span class='ocrx_word' id='word_1_228' title='bbox 1443 4927 1530 5030; x_wconf 53' lang='lat' dir='ltr'>ob*</span> <span class='ocrx_word' id='word_1_229' title='bbox 1595 4953 1597 4956; x_wconf 46' lang='lat'><strong>⁴</strong></span> 
     </span>
    </p>
   </div>
   <div class='ocr_carea' id='block_1_3' title="bbox 0 0 2011 5850">
    <p class='ocr_par' dir='ltr' id='par_1_3' title="bbox 0 0 2011 5850">
     <span class='ocr_line' id='line_1_33' title="bbox 0 0 2011 5850; baseline 0 0"><span class='ocrx_word' id='word_1_230' title='bbox 0 0 2011 5850; x_wconf 95' lang='lat' dir='ltr'> </span> 
     </span>
    </p>
   </div>
  </div>
 </body>
</html>
