4034 5858
367 366 459 435 (ΣΙ-Ε

102 449 319 565 Legationem
337 463 492 536 adversus
508 444 671 531 Carolum
693 457 789 531 mit-r

102 568 144 637 tit
173 564 216 635 ad
232 563 418 635 Henricum
440 561 677 632 Britannorum
694 565 768 633 Re-

104 689 202 765 gem.
226 668 254 732 1.
282 687 360 755 174.
396 658 614 756 Jurisjurandi
636 659 766 730 veniam

101 763 277 837 Francisco
300 762 387 859 Regi
412 761 587 857 pollicetur
609 761 768 830 cohorta-

102 865 195 934 tione
219 885 288 931 non
317 869 424 932 solum
442 883 460 928 a
475 856 600 948 justitia
622 876 655 927 et
685 880 769 952 pro·

103 963 234 1044 bitate,
268 961 325 1031 sed
356 960 457 1028 etiam
479 983 498 1026 a
520 956 591 1043 jure
615 958 768 1052 gentium

102 1060 314 1135 abhorrente.
337 1059 365 1127 1.
393 1080 469 1150 175·
493 1054 649 1149 Speciosis
671 1078 768 1152 argu·

79 1159 222 1251 ¹mentis
244 1158 400 1229 Piscariae
423 1154 611 1227 Marcbioni
633 1177 766 1251 persua·

102 1259 181 1332 dere
199 1257 340 1340 nititur,
364 1252 583 1326 desectionem
597 1252 648 1349 pie
666 1273 769 1346 atque

101 1377 214 1431 sancte
226 1356 348 1452 patrari
359 1378 465 1452 posse.
478 1357 506 1421 Ι.
529 1352 770 1424 181..AdGal·

102 1458 174 1549 lum
199 1461 326 1554 Regem
354 1455 486 1537 scribit,
503 1475 536 1522 se
560 1452 656 1522 illum
678 1452 768 1541 jure-

101 1554 248 1651 jurandp
271 1554 469 1626 auctoritate
493 1552 690 1646 Apostolica
728 1549 768 1620 li-

103 1657 241 1727 berare.
261 1659 290 1724 1.
321 1658 397 1744 187.
422 1656 514 1724 Cum
538 1653 665 1721 Carolo
682 1651 770 1720 Cae·

102 1778 172 1828 sare
185 1779 243 1850 per
255 1751 431 1848 epistolam
444 1750 654 1847 expostulat,
669 1766 703 1817 et
723 1744 769 1820 ad

103 1854 259 1955 publicae
278 1851 545 1924 Christianorum
575 1848 647 1944 paci
686 1871 768 1919 con-

101 1952 281 2029 sulendum
318 1972 506 2044 aequasque
530 1949 618 2044 pacis
647 1945 768 2017 condi-

102 2054 213 2126 tiones
259 2050 478 2121 cohortatur.
517 2048 546 2114 1.
587 2063 666 2130 192.
709 2042 769 2118 Ad

103 2154 238 2227 Molem
252 2146 417 2220 Hadriani
432 2144 628 2243 digreditur.
641 2145 669 2213 Ι.
684 2166 767 2238 404.

102 2252 290 2349 Hugonem
310 2245 518 2319 Moncadam
541 2243 584 2315 ad
607 2264 640 2314 sc
661 2244 769 2315 collo-

103 2348 232 2446 quendi
255 2347 361 2446 gratia
380 2364 500 2416 vocat.
522 2345 552 2411 Ι.
578 2366 660 2434 404.
689 2344 773 2413 Suas

104 2451 219 2547 copias
243 2471 284 2519 ex
308 2444 420 2518 castris
450 2441 700 2515 foederatorum
720 2463 769 2513 re·

869 458 1001 532 sarianis
1019 458 1174 532 adversus
1196 466 1326 534 Turcas
1348 459 1470 532 mittit.
1499 464 1543 531 1.-

874 582 965 653 307.÷
992 559 1167 642 Auxilium
1196 560 1367 632 'adversus
1402 565 1532 632 Turcas

871 659 998 730 Carolo
1019 660 1263 755 pollicetur.-I.
1297 683 1378 753 314·
1402 664 1530 732 Carolo

869 758 1003 829 Caesari
1034 759 1217 854 postulanti
1248 783 1344 830 suum
1368 760 1528 831 auxilium

869 856 914 928 ad
931 857 1057 928 bellum
1079 858 1262 929 Tureicum
1288 858 1531 953 pollicetur,et
1596 892 1597 896 ¹

868 955 1048 1054 legationes
1060 955 1103 1026 ad
1115 976 1242 1029 ceteros
1253 959 1418 1055 Principes
1429 958 1540 1030 Chri⁴>

868 1058 992 1127 stianos
1011 1055 1187 1126 decadem
1208 1081 1242 1126 re
1261 1058 1385 1128 mittit.
1402 1058 1430 1125 1.
1448 1079 1528 1152 444.
1586 1089 1588 1096 ’
1608 1086 1614 1098 ·

869 1154 976 1228 letali
1010 1156 1131 1239 morbo
1166 1156 1316 1229 laborat.
1333 1162 1361 1228 1.
1383 1164 1463 1251 346.
1485 1161 1532 1228 F.-

869 1277 981 1326 rasmo
1002 1255 1127 1326 virenti
1153 1255 1328 1354 indulget,
1350 1281 1391 1328 nc
1419 1259 1452 1328 in
1478 1281 1530 1328 ca·

870 1372 936 1425 stra
970 1353 1237 1428 Lutberanorum
1267 1358 1438 1444 conjectus
1461 1361 1530 1429 Ec-

869 1450 984 1524 clesiae
1009 1454 1191 1526 rationibus
1212 1458 1357 1552 apertius
1383 1454 1530 1529 officiat.

869 1553 899 1620 I.
924 1550 1008 1642 468.
1034 1552 1231 1625 Florentinis
1253 1555 1297 1627 ad
1323 1552 1530 1629 deditionem

868 1650 1050 1747 compulsis
1058 1653 1273 1748 tyrannidem
1284 1675 1424 1729 exercet.
1435 1658 1482 1724 11.
1494 1654 1529 1726 8.

868 1749 1003 1846 Opibus
1030 1751 1134 1851 magis
1167 1773 1201 1823 et
1228 1754 1371 1852 imperiis
1393 1754 1544 1838 studet,

867 1872 973 1944 quam
1010 1851 1202 1950 Religioni.
1240 1857 1286 1923 11.
1329 1878 1408 1926 122.
1444 1854 1530 1925 Uni-

867 1950 993 2019 versale
1033 1949 1225 2022 Concilium
1264 1953 1531 2026 Ecclesiasticum

869 2050 1386 2244 reserarier

906 2195 916 2215 .
1010 2194 1020 2216 .
1243 2174 1255 2220 r
1284 2175 1383 2223 causa
1412 2174 1476 2224 con

869 2245 1056 2318 Henricum
1080 2247 1269 2321 Britanniae
1292 2257 1422 2349 Regem
1453 2273 1533 2347 pro-
1576 2296 1579 2301 =

868 2344 1020 2417 nuntiat.
1050 2348 1096 2415 11.
1133 2353 1219 2438 469.
1257 2350 1429 2422 Eumdem
1458 2357 1532 2425 Re·

868 2466 944 2543 gem
968 2443 1133 2518 sacrificiis
1157 2445 1347 2521 interdicit.
1376 2453 1422 2520 ΙΙ.
1446 2473 1529 2542 470.

102 2567 227 2630 vocat,
250 2566 284 2616 et
312 2545 346 2617 in
376 2542 459 2616 fines
487 2540 770 2613 Columnensium
818 2544 940 2619 clerici
958 2544 1098 2640 Hispani
1120 2550 1357 2621 Rornanorum
1385 2550 1530 2624 Pontifi-

102 2647 254 2731 inducit,
266 2648 368 2743 longe
384 2644 518 2735 lateque
539 2661 645 2738 strage
660 2639 769 2710 edita.
868 2666 950 2716 cunt
969 2665 1127 2716 concessu
1158 2647 1334 2746 vectigales
1354 2673 1529 2722 nonnum-

103 2749 134 2819 1.
153 2767 234 2834 404.
257 2750 349 2817 Cum
360 2743 489 2831 Lanojo
504 2756 585 2810 octo
605 2738 770 2810 mensium
869 2764 974 2835 quam
998 2763 1063 2811 esse
1093 2763 1280 2840 coguntur.
1300 2749 1348 2815 ΙΙ.
1376 2768 1434 2839 79.
1471 2746 1530 2821 Ad
1583 2794 1587 2798 -

105 2844 257 2920 inducias
278 2841 474 2939 paciscitur.
503 2839 533 2906 1.
556 2836 638 2908 408.
673 2841 770 2910 Ren-
867 2839 1066 2915 Pontificem
1097 2841 1192 2914 Max.
1238 2850 1442 2941 provocant.
1482 2849 1529 2919 Π.

106 2945 195 3015 tium
208 2942 371 3014 Chierum
382 2937 540 3007 Ursinum
554 2941 687 3009 Rornae
707 2960 772 3007 eu·

874 2957 955 3031 5¹5·

105 3040 299 3116 stodieudae
329 3063 370 3110 ac
401 3034 626 3108 defendendae
650 3035 771 3133 praeli-
821 3038 955 3119 Cleviae
966 3039 1048 3109 Dux
1071 3038 1329 3125 (Guillielmus)
1345 3067 1446 3143 gener
1456 3048 1530 3118 Fer·
1582 3078 1593 3121 ρ

105 3142 172 3214 eit.
199 3143 333 3231 l.217.
366 3139 408 3207 In
439 3160 548 3234 arcem
578 3159 611 3206 se
635 3135 770 3232 recipit.

107 3244 137 3313 1.
151 3265 233 3312 220·
262 3236 450 3313 Matrinum
462 3235 769 3333 PortugalliaeRe-

99 3340 157 3440 gis
196 3357 362 3410 oratorem
400 3333 445 3408 ad
480 3334 694 3408 Caesarianos
727 3334 770 3404 de

106 3437 349 3535 compositione
391 3435 539 3534 legatum
574 3432 703 3504 mittit.
737 3436 767 3504 Ι.

107 3561 200 3611 221.
227 3539 325 3608 Arcis
343 3532 544 3607 deditionem
572 3533 671 3604 certis
690 3557 770 3604 con·

105 3635 289 3709 ditionibus
313 3633 420 3706 facit.
446 3635 476 3702 Ι.
503 3652 587 3724 444.
626 3632 772 3705 Obsides

106 3736 265 3836 pecuniae
291 3734 415 3807 tradit.
439 3735 468 3802 Ι.
492 3733 574 3804 228.
617 3733 771 3803 Liberta-

106 3853 176 3907 tem
205 3833 340 3930 recipit.
366 3836 395 3901 Ι.
420 3855 503 3927 440.
536 3838 677 3928 Legatos
699 3838 771 3904 Ca-

107 3935 184 4007 tolo
195 3934 326 4004 Caesari
354 3932 491 4004 obviam
507 3931 624 4001 mittit.
641 3931 670 3999 Ι.
685 3932 767 4019 285.

869 3136 972 3212 nandi
1003 3138 1126 3235 Regis,
1156 3159 1192 3209 et·
1210 3144 1331 3215 uxoris
1370 3145 1529 3218 Saxoniae

869 3237 978 3313 Ducis
998 3233 1292 3320 frater,Carolum
1305 3258 1402 3323 orat,
1421 3263 1458 3313 ut
1477 3248 1539 3315 Sa-r

870 3336 989 3412 xoniae
1006 3336 1112 3408 Ducis
1123 3336 1211 3407 vitae
1229 3359 1361 3435 parcat.
1382 3343 1427 3409 11.
1449 3361 1528 3433 319.

826 3475 829 3482 =
870 3433 1085 3508 Vormaciam
1124 3461 1200 3508 eum
1235 3437 1303 3509 aliis
1325 3439 1529 3535 Principibus

870 3533 1092 3616 convenit‚et
1103 3559 1316 3607 communem
1327 3536 1528 3635 legationem

871 3633 1107 3708 adHenricum
1124 3636 1302 3707 Gallorum
1311 3642 1438 3735 Regem
1453 3637 1530 3708 mit-

868 3737 936 3819 tit,
954 3751 992 3804 ut
1010 3734 1127 3805 milites
1142 3759 1161 3805 a
1177 3735 1340 3807 maleficio
1360 3737 1527 3807 cohibeat.

826 3869 828 3874 ’
869 3837 917 3906 11.
939 3854 1023 3923 422.
1045 3837 1164 3903 Annae
1182 3836 1318 3905 Henrici
1339 3836 1540 3908 Britanniae-

870 3935 973 4030 Regis
991 3933 1104 4002 uxoris
1124 3929 1241 4004 frater.
1269 3937 1314 4003 11.
1334 3957 1426 4025 47¹·¹

104 4039 200 4105 Cum
240 4031 381 4130 collegio
419 4030 649 4103 Cardinalium
698 4032 770 4100 Bo·
823 4035 946 4106 Clunia
969 4030 1131 4126 oppidum
1164 4023 1262 4123 vetu's
1290 4057 1414 4104 nomen
1449 4031 1528 4103 reti·

106 4129 248 4205 noniam
268 4128 436 4227 pervenit.
457 4133 485 4201 Ι.
500 4130 582 4199 286.
605 4131 769 4201 Carolum
870 4154 969 4203 nens.
998 4132 1043 4197 ll.
1068 4153 1145 4209 101.

105 4235 282 4303 Caesarem
302 4249 462 4301 coronat.
485 4230 515 4298 Ι.
533 4246 614 4313 292.
640 4229 770 4316 Debel·
821 4231 964 4311 cluniae
994 4235 1118 4300 Comes
1152 4225 1355 4316 (Alfonsus)
1383 4226 1541 4300 Mendoae

102 4329 192 4403 latae
212 4327 338 4424 patriae
362 4350 438 4398 suae
457 4328 663 4410 Florentiae,
692 4353 770 4399 cru·
870 4353 931 4403 za.
958 4330 986 4398 Ι.
1011 4347 1092 4419 494.
1126 4332 1217 4399 Cum
1242 4330 1423 4399 Laurentio
1447 4337 1543 4396 natu⁸¹

107 4429 227 4500 delict
257 4425 442 4498 inhumano
461 4425 633 4520 exemplo,
650 4445 770 4522 tyran·
870 4428 1051 4509 maximo,
1080 4444 1114 4496 et
1147 4427 1251 4496 altero
1284 4428 1377 4510 lilio,
1402 4425 1529 4497 Carolo

108 4548 193 4598 num
216 4525 379 4624 imponit.
407 4528 436 4596 Ι.
452 4548 530 4622 404.
556 4520 596 4598 10
610 4526 769 4597 morbum
872 4524 1004 4601 Caesari
1031 4525 1075 4595 ad
1101 4524 1224 4594 bellum
1241 4528 1430 4596 Tunetense
1446 4528 1543 4594 Bar-2

108 4621 227 4697 incidit
250 4647 384 4720 gravem
413 4643 448 4695 et
474 4623 669 4710 difficilem,
699 4649 769 4718 quo
798 4650 801 4658 ·
871 4629 991 4700 cinone
1003 4622 1103 4695 adest.
1116 4625 1143 4691 Ι.
1164 4644 1243 4716 352.
1260 4626 1422 4697 Castellae
1434 4628 1529 4695 Con·

110 4721 174 4794 diu
194 4721 416 4794 miserabiliter
427 4721 637 4797 conflictatus
665 4722 769 4795 inter·
873 4727 951 4797 cilio
973 4724 1124 4795 interest.
1143 4727 1189 4793 11.
1207 4724 1265 4793 68.
1546 4748 1548 4753 ⁴

112 4819 211 4896 int.
243 4842 321 4918 404.
347 4824 492 4900 Classem
518 4823 644 4903 auxilio
681 4827 770 4897 Cae·
826 4822 1040 4901 Cofstainum
1060 4821 1183 4896 Tirolis
1206 4821 1460 4902 munitissimum
1475 4840 1533 4986 cal·
1605 4915 1607 4920 .

128 4955 137 4966 .
221 4978 225 4983 .
556 4970 561 4974 ,
1233 4932 1288 4995 Ga
1458 4933 1505 4986 ste
1518 4947 1536 4970 ··
1598 4966 1600 4969 v
