4170 5866
616 413 861 498 canois
901 413 955 496 v.
997 414 1114 496 trs.
1157 419 1260 498 xx.
1546 426 1630 519 147
1743 407 1747 415 ’

200 613 358 694 cussa,
394 568 442 675 in
478 572 630 679 locum
682 571 1040 675 commodiorem
1090 587 1207 674 extra
1257 572 1466 677 tormenti
1500 586 1667 709 jactum
1809 697 1814 707 Ι

203 762 288 821 sese
325 754 592 862 receperat,
629 718 835 820 onerariis
871 719 919 818 in
956 720 1116 823 eodem
1167 720 1312 843 loco,
1349 760 1485 864 quem
1532 761 1664 866 cepe-

187 901 332 984 rant,
367 865 607 969 necessario
642 861 996 967 remanentibus.
1318 980 1320 985 η

271 1022 434 1113 XVIII.
508 1021 606 1111 Hac
647 1049 827 1111 suorum
876 1009 1119 1112 calamitate
1168 1010 1482 1114 moestissimus
1517 1027 1663 1117 Caro·

198 1155 261 1254 lus
296 1233 311 1274 ,
350 1189 395 1254 et
443 1156 618 1300 magnis
668 1150 998 1256 difficultatibus
1052 1154 1277 1277 affectus,
1319 1195 1424 1258 cum
1459 1167 1550 1291 jam
1585 1159 1632 1259 id
1646 1238 1661 1280 ‚

191 1300 322 1441 quod
358 1293 497 1402 fiterat
532 1299 802 1402 cibariorum
838 1302 1112 1443 expositum,
1148 1302 1360 1404 exercitus
1395 1303 1663 1405 consumsis-

197 1480 294 1566 set,
329 1478 373 1545 et
408 1447 597 1588 amplius
633 1446 883 1589 exponendi
923 1486 1097 1548 summa
1138 1483 1245 1550 esset
1291 1442 1549 1565 difficultas,
1585 1487 1661 1549 ca-

195 1626 281 1690 stra
315 1610 492 1694 m'overe
528 1593 790 1711 constituit,
827 1628 869 1694 et
904 1593 1052 1733 copias
1089 1594 1251 1694 eodem
1288 1592 1360 1707 die
1402 1592 1458 1692 ad
1494 1591 1661 1696 flumen

194 1743 418 1837 Haraxam
455 1737 656 1878 quinque
691 1736 863 1837 circiter
898 1736 955 1839 ab
992 1743 1056 1838 Ar
1090 1738 1173 1838 elia
1214 1736 1410 1839 millibus
1446 1737 1659 1860 deduxit,

193 1876 271 1980 ubi
308 1881 518 2022 postridie
554 1921 725 1983 summa
762 1922 848 2024 ope
884 1776 1183 2004 conantibus,
1220 1882 1340 1984 nulla
1388 1882 1501 1983 ratio
1555 1882 1660 1985 iniri

191 2028 341 2165 potuit
377 2065 650 2130 commeatus
687 2028 938 2170 exponendi
974 2066 1152 2170 propter
1187 2028 1277 2128 loci
1313 2028 1546 2128 stationem
1583 2027 1658 2127 in-

192 2174 517 2294 commodam,
555 2207 598 2275 et
632 2211 865 2316 magnos,
902 2174 981 2311 qui
1023 2175 1079 2272 ad
1130 2172 1285 2274 littora
1333 2169 1656 2293 volvebantur,

190 2311 375 2420 fluctus.
415 2329 568 2462 Itaque
605 2317 844 2421 necessati0
879 2319 937 2416 ad
972 2317 1229 2460 proxImum
1263 2357 1402 2458 usque
1444 2354 1697 2457 promonu

192 2461 391 2581 torium,
428 2504 522 2605 quo
558 2506 602 2564 se
639 2503 769 2565 naves
805 2462 965 2604 longae
1000 2499 1257 2605 receperant
1270 2540 1284 2583 ,
1307 2499 1403 2561 non
1438 2462 1530 2562 sine
1566 2502 1656 2563 ma·

191 2607 286 2745 gnis
324 2607 656 2711 difficultatibus
693 2647 945 2750 processum
997 2643 1060 2707 est
1112 2646 1293 2750 propter
1344 2606 1656 2706 intercedentia

191 2750 274 2851 tria
307 2751 491 2855 flumina
506 2832 521 2875 ,
541 2792 585 2856 et
619 2755 785 2856 crebras
810 2753 1074 2854 Nomadum
1110 2748 1474 2894 obequitantium
1509 2750 1655 2850 incur·

189 2893 330 2996 aiones
365 2940 415 2998 ac
450 2897 721 3001 cibariorum
756 2897 991 3039 inopiam,
1028 2908 1219 3039 quatuor
1256 2897 1374 2996 enim
1411 2894 1499 2995 dies
1536 2893 1583 2992 in
1618 2896 1654 2996 i-

191 3037 325 3141 tinere
362 3042 487 3145 omni
521 3038 615 3146 fere
651 3080 904 3145 commeatu
929 3043 1065 3142 caruit
1092 3042 1302 3142 exercitus
1321 3117 1335 3163 ,
1354 3074 1522 3180 praeter
1556 3077 1654 3139 car-

191 3221 261 3285 nes
311 3186 491 3329 equinas
526 3224 572 3289 et
607 3187 846 3290 humilium
882 3187 1129 3329 palmarum
1171 3186 1336 3287 radices
1387 3183 1652 3303 teneriores,

191 3367 301 3470 quos
330 3339 508 3467 palmitos
545 3336 684 3437 nostri
717 3334 985 3453 nominant,
1021 3334 1164 3434 donec
1198 3333 1256 3432 ad
1291 3329 1534 3431 triremium
1571 3364 1653 3427 sta-

190 3476 359 3579 tionem
395 3515 579 3581 venntm
617 3515 711 3599 est,
749 3515 855 3580 tunc
891 3477 1010 3579 enim
1046 3477 1211 3619 partim
1248 3517 1300 3576 cx
1334 3473 1478 3616 longis
1521 3473 1653 3573 navi⁴
1769 3516 1773 3524 ·

191 3618 266 3721 bus
296 3623 523 3767 utriusque
560 3626 700 3727 classis
736 3625 858 3758 (jam
892 3622 1013 3728 enim
1037 3621 1329 3723 Bernardinus
1364 3617 1450 3720 huc
1483 3617 1651 3760 Hispa-

162 3764 303 3868 Jricas
340 3772 621 3909 traduxerat)
657 3770 816 3913 partim
851 3812 904 3871 ex
950 3767 1158 3870 onerariis
1208 3765 1403 3871 remulco
1455 3762 1651 3898 deductis

145 3913 458 4053 zuppeditata
495 3914 692 4018 cibaria.

199 4113 201 4121 s
255 4068 384 4157 XIX.
456 4061 547 4165 Hic
596 4060 781 4164 Carolus
835 4057 1216 4178 animadvertens,
1253 4095 1415 4198 magna
1466 4048 1649 4153 navium

135 4237 365 4343 :accepta
400 4203 554 4331 clade,
592 4207 783 4308 multum
818 4246 964 4308 rerum
1001 4203 1119 4306 bello
1156 4205 1490 4304 necessariarum
1536 4234 1651 4296 nau·

138 4340 327 4488 ffragio
362 4350 570 4489 periisse,
591 4353 841 4482 consilium
860 4351 1084 4480 mutavit,
1122 4385 1318 4451 metuens
1353 4383 1532 4488 propter
1568 4342 1652 4442 ad-

156 4493 480 4596 *senissimum
537 4497 642 4600 anni
693 4513 911 4639 tempus,
948 4523 1017 4594 ne¹
1048 4495 1222 4636 reliqua
1272 4493 1410 4593 classis
1444 4486 1652 4629 ¹similem

152 4637 350 4736 :amissis
370 4641 576 4745 navibus
635 4640 860 4745 fortunam
908 4639 1174 4782 experiretur
1210 4717 1224 4760 ,
1261 4640 1309 4740 in
1350 4647 1469 4770 cujus
1511 4633 1652 4733 classis

161 4781 442 4889 «discrimine
478 4830 645 4932 magna
678 4826 775 4891 tum
810 4824 984 4907 rerum,
1003 4822 1099 4886 tum
1136 4785 1272 4885 etiam
1292 4781 1519 4924 opinionis
1556 4816 1657 4876 mo⁴
1764 4897 1769 4906 ι

1149 4937 1194 5030 T
1217 4973 1241 5030 2
1535 4958 1658 5022 men·
