3998 5850
482 484 572 574 444
803 530 806 537 4
877 473 963 553 un
1010 475 1215 554 nasus
1263 409 1481 555 4444444

343 632 345 636 ⁴
445 673 495 730 44
530 625 817 732 Plumbinum
873 657 917 726 et
954 667 1078 727 oram
1117 628 1240 727 illam
1275 628 1531 768 vagaretui3
1572 621 1722 766 siquid
1760 661 1910 727 tamen

447 777 611 877 1444444
648 773 827 912 periculi
872 807 915 871 et
967 772 1178 869 tumultus
1225 773 1280 868 ad
1323 769 1478 870 urbem
1515 783 1642 874 Senas
1691 770 1904 889 oriretur,

450 918 533 1018 sibi
570 961 594 1017 4
631 931 838 1016 134444440
875 915 1112 1027 4444441441
1146 911 1304 1044 jubet,
1322 953 1452 1052 seque
1490 915 1758 1052 pollicetur,
1783 912 1904 1015 subsi-

451 1064 514 1161 dii
554 1099 774 1202 quantum
811 1060 910 1160 satis
948 1095 1085 1177 esser,
1122 1057 1168 1155 in
1205 1093 1405 1218 tempore
1430 1058 1903 1220 submissurum,mo

451 1208 511 1305 do
547 1218 771 1305 Francesus
813 1205 934 1363 ipse·
940 1243 1043 1300 cum
1092 1201 1306 1340 praesidio
1350 1201 1513 1339 viginti
1555 1200 1877 1301 horaruma
1811 1243 1902 1340 spa-

452 1350 518 1448 tio
544 1345 934 1448 adversariorum
924 1381 1142 1487 impetum
1169 1380 1269 1485 post
1305 1379 1534 1484 acceptum
1570 1385 1667 1445 444
1704 1345 1903 1448 nuntium

451 1495 702 1592 sustineret

530 1647 606 1735 VI.
697 1647 803 1736 Hoc
847 1673 1029 1776 accepto
1066 1674 1312 1775 responso,
1331 1646 1553 1734 Francesus
1595 1649 1723 1735 Senas
1769 1635 1901 1755 redit,

454 1724 597 1878 nihilo
635 1779 816 1880 meliore
859 1822 933 1921 spe
969 1784 1023 1879 de
1059 1783 1185 1882 rebus
1229 1777 1484 1878 Senensibus
1521 1814 1773 1917 concepta,
1810 1816 1900 1878 cum

454 1923 716 2064 praesidium
749 2002 763 2042 ,
800 1926 925 2066 quod
969 1964 1112 2023 rerum
1159 1923 1366 2022 omnium
1407 1923 1561 2060 inopia
1603 1918 1899 2061 premebatur,

454 2106 536 2165 nec
571 2105 821 2167 commeatu
876 2110 948 2167 seu
990 2067 1207 2229 stipendio
1254 2063 1586 2173 sublevaretur3
1624 2067 1751 2204 quod
1790 2105 1897 2205 prae·

460 2211 621 2308 sidium
659 2249 759 2308 ante
796 2210 913 2310 14444
956 2211 1207 2313 Senensium
1243 2246 1420 2308 motum
1480 2245 1523 2307 et
1573 2210 1899 2309 animoruma·

457 2353 740 2450 limationem
782 2355 942 2493 partim
985 2353 1217 2472 civitatis,
1262 2353 1418 2490 partim
1462 2352 1597 2490 ipsius
1639 2354 1795 2451 Caroli
1832 2351 1899 2451 sti-

458 2495 627 2635 pendiis
666 2493 885 2595 alebatur
937 2510 1146 2597 Ceterum
1189 2496 1321 2596 Gallis
1371 2493 1538 2595 auxiliis
1582 2495 1899 2612 accedentibus,
1968 2586 1969 2591 a

458 2673 501 2736 et
537 2675 585 2736 m
620 2636 774 2740 urbem
811 2639 1035 2810 receptis,
1071 2679 1174 2738 cum
1211 2637 1423 2799 oppidani
1458 2641 1512 2738 ad
1557 2656 1678 2739 arma
1726 2675 1898 2739 concut-

458 2805 637 2898 444444,
677 2816 720 2879 44
754 2783 998 2914 conjunctis
1034 2782 1256 2883 auxiliis
1245 2819 1460 2942 impetum
1497 2783 1545 2881 in
1589 2775 1898 2924 Hispanosfa-

378 2921 382 2923 ’
460 2962 549 3022 4444
587 2962 821 3062 pararent,
843 2939 1100 3044 Francesus,
1128 2925 1289 3024 nuntio
1325 2964 1428 3024 cum
1465 2924 1629 3027 11444414
1650 2926 1901 3027 Florentiam

461 3064 514 3161 441
555 3079 729 3164 Ι)44444
766 3080 980 3168 Cosmum
1014 3003 1267 3169 adtiolare
1253 3108 1411 3197 Juss0,
1447 3068 1539 3208 ipse
1572 3110 1680 3171 suos
1726 3071 1901 3185 milites,

460 3206 540 3347 qui
577 3245 742 3346 praeter
777 3251 979 3375 paucos,
1022 3213 1103 3353 qui
1140 3249 1283 3312 arcem
1321 3209 1574 3315 inchoatam
1617 3249 1661 3310 er
1698 3212 1901 3313 immuni

460 3383 548 3448 tam
586 3349 908 3475 obtinebant,
897 3394 1012 3456 antra
1048 3354 1202 3456 urbem
1239 3355 1400 3494 partim
1437 3355 1485 3454 in
1511 3353 1737 3455 coenobio
1758 3353 1904 3457 Domi·

411 3622 420 3643 s
459 3492 659 3612 414440,
699 3496 857 3636 partim
894 3536 996 3636 per
1006 3537 1163 3596 vacuas
1210 3500 1371 3597 domos
1408 3498 1777 3618 diversabantur,
1815 3536 1905 3598 4444

408 3648 410 3659 ’
460 3639 689 3736 tormentis
726 3638 991 3760 contrahit,
1024 3636 1259 3779 forumque
1318 3676 1361 3738 et
1401 3641 1483 3739 alia
1531 3679 1783 3783 opportuna
1824 3642 1906 3740 loca

458 3776 601 3897 urbis,
654 3816 698 3877 et
733 3784 819 3882 arci
881 3784 1125 3945 proximam
1178 3818 1352 3922 portam
1410 3783 1631 3903 obsidet,
1678 3825 1737 3883 ne
1777 3786 1906 3884 aditus

456 3920 619 4023 auxilio
656 3923 960 4045 venientibus,
997 3967 1062 4043 44,
1106 3962 1155 4026 ut
1190 3923 1526 4065 sperabatur,
1515 3965 1562 4024 44
1599 3963 1803 4076 tempore
1840 3967 1908 4025 ve

454 4064 630 4184 nitent,
668 4103 775 4175 esset
811 4005 1040 4208 obsepiust
1080 4065 1344 4208 fortiterque
1396 4069 1730 4211 oppidanorum
1788 4108 1911 4210 atque

453 4208 684 4344 praesidii
695 4210 898 4311 Gallici
887 4250 1075 4351 tmpetus
1111 4211 1356 4316 tolerabat

468 4361 634 4452 Vll.
727 4362 888 4494 Neque
933 4393 1040 4475 vero
1091 4355 1365 4456 Florentinus
1406 4357 1598 4460 Prancesi
1650 4358 1914 4499 postulatum

448 4529 626 4630 prorsus
662 4497 883 4634 neglexit,
905 4500 984 4637 qui
1022 4497 1186 4600 milites
1222 4503 1276 4597 ad
1315 4500 1595 4640 octingentos
1632 4542 1738 4604 curn
1774 4499 1915 4609 Otho-

446 4671 502 4734 ne
540 4643 807 4738 Montacuto
844 4643 1065 4781 praesidio
1103 4642 1300 4741 celeriter
1338 4641 1535 4743 subsidio
1574 4646 1729 4765 misit,
1761 4646 1917 4785 postri-

449 4777 614 4919 dieque
650 4789 836 4914 majores
879 4785 1027 4927 copias
1062 4827 1120 4885 se
1147 4786 1380 4891 missurum
1417 4829 1506 4889 esse
1553 4725 1786 4929 polliciius
1834 4824 1916 4893 ests

1802 4971 1908 5075 quae
