4170 5866
411 374 412 377 Ὺ
542 420 628 510 116
917 420 1002 501 uu
1048 413 1254 495 nurus
1301 414 1527 497 ousrrs

505 585 595 686 citu
632 612 829 697 coacto,
866 575 921 674 ad
958 573 1129 711 Calpen
1175 569 1468 711 recipiendam
1510 561 1889 690 contenderemr,
1929 564 1969 672 i-

468 731 699 868 demque
736 758 931 865 proceres
981 703 1072 815 fere
1123 712 1238 811 inter
1290 753 1388 813 suos
1442 747 1595 854 sponte
1646 751 1721 813 sua
1769 708 1972 840 faciunt,

506 907 768 973 cunctorum
805 863 965 965 scilicet
1007 856 1166 961 animis
1208 852 1270 956 ob
1306 856 1490 959 creditae
1526 857 1589 957 rei
1623 859 1969 1003 communisque

504 1013 686 1159 periculi
721 1005 1076 1151 magnitudinem
1112 997 1368 1101 mirabiliter
1405 997 1807 1143 consentientibus,

460 1156 471 1182 ‚
566 1166 708 1258 XXII.
772 1149 1060 1253 Bernardinus
1097 1145 1325 1246 Mendoza
1361 1144 1631 1286 Hispanicac
1659 1146 1800 1246 classis
1835 1185 1971 1287 prae-

505 1298 676 1419 fectus,
716 1296 797 1438 qui
834 1331 878 1394 et
912 1293 1004 1432 ipse
1038 1286 1172 1390 initio
1206 1283 1322 1387 falsis
1357 1289 1520 1388 nuntiis
1555 1283 1697 1390 luerat
1732 1290 1972 1394 conturba-

507 1480 625 1564 tus,
668 1443 723 1541 de
765 1437 892 1540 rebus
938 1430 1147 1536 omnibus
1186 1468 1465 1573 numeroque
1507 1429 1737 1534 hostilium
1783 1435 1972 1538 navium

508 1586 697 1687 certiora
731 1622 824 1684 non
871 1577 1027 1722 procul
1076 1620 1101 1677 a
1135 1614 1253 1678 nova
1284 1574 1552 1718 Carthagine
1593 1617 1698 1679 ctnn
1732 1581 1973 1722 cognovis-

509 1764 606 1848 set,
641 1726 757 1834 baud
793 1721 878 1824 sibi
913 1719 1209 1823 cunctandum
1244 1761 1331 1821 esse
1365 1721 1544 1841 statuit,
1567 1721 1677 1862 quin
1711 1761 1814 1823 cum
1849 1731 1972 1825 Tur-

509 1873 607 1990 cis,
643 1867 797 1970 sicubi
818 1908 891 1968 eos
926 1907 1069 2007 aequo
1105 1865 1206 1965 loco
1247 1899 1396 1967 nactus
1432 1901 1580 1985 esset,
1615 1867 1776 2006 praelio
1813 1868 1970 1967 decer-

509 2049 629 2118 neret
660 2054 673 2122 3
710 2012 916 2152 nullaque
952 2048 1079 2109 mora
1113 2009 1338 2141 interjecta
1374 2008 1474 2148 ,fin
1517 2046 1638 2110 oram
1674 2010 1971 2111 Mauritaniae

508 2158 721 2289 trajecit,
757 2167 1051 2292 Oranumque
1106 2151 1272 2271 venit,
1315 2184 1359 2250 et
1400 2152 1560 2253 milites
1594 2188 1760 2254 nostros
1797 2149 1971 2296 praefe-

510 2337 724 2440 ctumque
757 2378 772 2419 ,
810 2299 905 2439 qui·
924 2295 1029 2396 huic
1071 2295 1238 2436 oppido
1281 2294 1499 2437 praesidio
1546 2333 1665 2399 erant
1702 2375 1717 2417 ,
1752 2300 1806 2398 de
1841 2299 1972 2399 classe

509 2449 756 2575 Turflcarum
799 2441 1004 2542 certiores
1037 2433 1187 2558 facit,
1223 2440 1598 2580 tormentarioque
1635 2442 1850 2582 pulvere,
1885 2479 1973 2542 cu·

509 2596 578 2720 jus
613 2586 766 2727 inopia
800 2582 1097 2702 laborabant,
1140 2582 1303 2682 tradito
1338 2660 1354 2704 ,
1390 2585 1447 2685 ad
1495 2584 1596 2684 solis
1630 2624 1833 2687 occasum
1868 2623 1975 2686 ver-

511 2771 580 2830 sus
623 2769 748 2832 oram
795 2728 985 2870 legendo
1028 2725 1329 2867 progreditur.
1380 2726 1477 2828 Ubi
1511 2764 1693 2831 ventum
1742 2766 1864 2836 este
1902 2769 1977 2830 re-⁴

511 2874 647 3015 gione
696 2870 921 2994 Melillae,
970 2867 1247 2974 Christianae
1295 2868 1475 2971 ditionis
1510 2874 1670 3016 oppidi
1707 2882 1829 3005 juxta
1863 2912 1976 3015 pro-

437 3010 440 3013 ’
510 3018 788 3118 montorium
831 3019 941 3119 olim
978 3028 1241 3163 Magnum,
1278 3056 1395 3118 nune
1430 3023 1699 3154 Ennesolcum
1734 3017 1975 3162 cognomi·-

511 3199 708 3282 natum,
743 3161 830 3262 buc
863 3202 1003 3267 unum
1040 3206 1093 3263 ex
1127 3164 1211 3265 suis
1245 3161 1497 3303 inquirendi
1531 3162 1673 3306 gratia
1707 3164 1762 3263 ad
1799 3157 1976 3303 praefe-

510 3339 633 3406 ctum
667 3304 849 3416 mitrit3
884 3350 910 3408 a
946 3347 1040 3448 quo
1076 3307 1237 3408 certior
1273 3304 1411 3407 factus
1448 3342 1543 3426 est,
1580 3313 1747 3407 Turcas
1784 3307 1839 3406 ad
1876 3315 1977 3407 Ve-

254 3493 257 3497 <
405 3562 406 3567 Ν
510 3446 672 3549 lezium
714 3458 928 3552 Gomerae
976 3489 1025 3550 rn
1066 3488 1142 3550 ora
1191 3450 1476 3552 Mauritaniae
1520 3450 1813 3570 constitisse,
1846 3457 1976 3580 cujus

510 3593 669 3731 oppidi
727 3594 904 3735 Regulo
970 3593 1249 3734 captivorum
1315 3595 1524 3733 praedam
1582 3596 1741 3697 eodem
1799 3593 1976 3735 preti0,

511 3734 638 3872 quod
672 3729 816 3836 fuerat
851 3777 954 3838 cum
989 3735 1275 3877 Calpensibus
1310 3737 1601 3839 constitutum
1620 3816 1635 3858 ,
1652 3737 1980 3847 vendidissent3

511 3875 711 3977 triduum
766 3879 823 3978 ad
880 3889 1104 4020 Magnum
1156 3882 1516 4020 promontorium
1558 3883 1893 4000 Bernardinus,
1939 3880 1977 3983 si

510 4009 624 4123 forte
659 4018 744 4122 huc
780 4022 926 4122 delatis
962 4023 1118 4123 Turcis
1152 4025 1384 4167 pugnandi
1419 4020 1596 4125 facultas
1632 4025 1835 4146 daretur,
1864 4063 1976 4124 con-

276 4221 279 4226 ·
370 4284 372 4287 Ι
511 4164 691 4267 sumsit.
748 4164 873 4268 Tum
925 4164 1202 4268 Arboranam
1253 4206 1437 4307 parvam
1502 4169 1686 4274 insulam
1740 4168 1976 4311 procedit,

510 4344 624 4445 quae
667 4308 771 4408 inde
812 4349 839 4410 a
884 4310 1177 4451 septentrione
1214 4308 1406 4412 millibus
1444 4310 1612 4415 circiter
1653 4314 1815 4454 vigintr
1858 4353 1979 4449 qua⁴

415 4586 416 4589 p
509 4484 613 4549 tuor
650 4449 798 4557 abestr
834 4492 913 4555 nec
948 4456 1132 4595 amplius
1169 4489 1297 4555 nocte
1333 4497 1422 4557 una
1457 4495 1680 4574 moratus,
1711 4487 1865 4593 quarta
1904 4455 1979 4554 vi-

508 4592 615 4729 gilia
664 4591 712 4688 in
762 4607 859 4692 eam
908 4633 1076 4734 partem
1110 4674 1126 4716 ,
1164 4636 1252 4735 qua
1303 4597 1446 4696 hostes
1483 4638 1570 4697 esse
1619 4593 1973 4718 nuntiabantur,

505 4772 629 4835 cursu
663 4733 829 4836 directo
865 4741 1124 4847 contendit3
1164 4739 1236 4842 sed
1272 4741 1454 4880 paulum
1483 4778 1751 4882 progresso,
1778 4738 1856 4841 sub
1894 4778 1973 4839 or·-

1875 4917 1979 4987 tum
