4192 5858
520 424 604 517 304
905 410 991 494 nrt
1030 410 1230 492 nunus
1277 410 1553 495 Gutus

476 576 614 700 „tris
639 578 918 695 educatum,
952 574 1187 715 multisque
1224 572 1381 673 nostris
1433 568 1591 673 officiis
1644 569 1938 700 devinctum,

475 758 616 844 „tam
652 723 800 822 leviter
837 718 893 819 ab
929 714 1098 819 officio
1118 716 1381 819 discessisse>
1416 726 1473 818 Et
1509 716 1624 858 qui,
1653 717 1859 822 affecta
1841 762 1942 854 jam

473 945 504 988 „
520 903 692 986 aetate,
728 904 899 1027 poteras
936 862 1114 964 honeste
1150 860 1398 965 medius
1366 901 1459 961 stne
1512 864 1751 964 alterutrius
1802 866 1940 1008 partis

380 1128 387 1139 s
471 1008 679 1141 „injuria
715 1048 967 1149 qurescere,
1004 1009 1050 1107 in
1087 1048 1158 1106 me
1208 1046 1328 1107 arma
1379 1042 1540 1106 temere
1594 1008 1826 1130 sumsisse,
1863 1048 1944 1109 at-

468 1188 721 1295 „mataque
756 1152 960 1252 auxilia
949 1191 995 1251 m
1047 1190 1250 1250 meorum
1297 1148 1496 1251 bostium
1547 1187 1716 1251 castra
1739 1152 1942 1273 misisse,

470 1296 683 1437 „diuque
718 1295 804 1396 tuis
840 1291 1055 1396 sumtibus
1092 1294 1272 1394 aluisse>
1310 1304 1433 1394 Haec
1467 1333 1571 1394 cum
1607 1294 1669 1394 ita
1705 1294 1817 1415 sint,
1849 1335 1945 1439 ego

468 1477 665 1562 „tamen
701 1438 854 1539 veteris
889 1438 1109 1540 amicitiae
1146 1476 1190 1538 et
1226 1437 1662 1578 consanguinitatis,
1693 1479 1830 1578 quam
1856 1479 1947 1540 re-

467 1621 706 1705 „centrum
742 1582 1003 1714 injuriarum
1039 1581 1284 1681 meminisse
1321 1581 1475 1699 mal0,
1509 1619 1552 1683 et
1591 1584 1818 1721 praeterita
1857 1623 1940 1683 et

450 1764 604 1847 „tata
639 1725 890 1890 praesenti,
928 1765 1063 1866 quem
1098 1721 1315 1866 praefers,
1353 1724 1493 1825 animi
1544 1724 1690 1825 dolori
1727 1763 1770 1824 et
1819 1766 1940 1867 poe-

466 1949 497 1993 „
517 1871 720 1971 nitentiae
758 1910 850 1970 non
902 1869 1065 1969 invitus
1115 1869 1325 1969 condono
1363 1903 1543 2009 ,teque
1595 1868 1641 1967 in
1695 1868 1938 2007 pristinam

466 2015 699 2157 „gratiam
750 2051 793 2113 et
829 2011 1182 2115 benevolentiam
1233 2012 1451 2150 recipio,
1488 2004 1585 2111 fore
1635 2049 1855 2173 sperans,
1890 2014 1942 2116 id

354 2189 356 2191 ’
466 2239 496 2281 ,,
515 2162 639 2299 quod
694 2157 926 2319 policeris,
962 2193 1073 2257 uta
1119 2194 1162 2256 te
1214 2155 1437 2296 praeterita
1498 2155 1732 2256 commissa
1768 2153 1935 2256 officiis

464 2337 555 2428 „et
590 2338 706 2401 certe
742 2300 920 2401 bona
909 2338 957 2400 m
1011 2338 1093 2401 nos
1145 2299 1373 2401 voluntate
1408 2335 1624 2442 gratoque
1659 2299 1811 2401 animo
1856 2301 1937 2402 de·
2078 2375 2086 2433 3

464 2523 495 2567 „
511 2444 706 2544 leantur.
727 2462 757 2506 “
2065 2380 2087 2672 ἕ

535 2597 641 2688 LIII.
716 2599 821 2688 Huc
873 2627 1056 2731 quoque
1111 2588 1243 2731 legati
1278 2587 1508 2690 Ulmenses
1562 2585 1811 2708 affuerunt,
1856 2585 1934 2729 qui
2074 2665 2075 2672 ι

465 2772 567 2834 cum
605 2774 647 2834 se
684 2733 740 2831 ad
765 2732 916 2833 Caroli
950 2735 1079 2874 pedes
1123 2731 1307 2895 genibus
1357 2731 1475 2832 flexis
1511 2732 1817 2863 dejecissent,
1856 2769 1936 2872 qut
2069 2672 2087 2904 i

467 2876 705 3017 principem
741 2875 890 2975 locum
928 2872 1243 2993 obtinebat,
1232 2914 1295 2975 ιιι
1316 2873 1430 2976 hanc
1466 2875 1728 2975 sententiam
1763 2881 1966 2978 locutus
2085 2911 2087 2921 ’

467 3056 565 3119 est:
600 3019 904 3139 „Ulmenses,
944 3020 1104 3120 Carole
1139 3029 1334 3138 Caesar,
1372 3055 1544 3120 nostrae
1595 3017 1824 3138 civitatis,
1860 3058 1991 3119 cu-

466 3171 580 3293 „jus
616 3163 836 3303 legatione
879 3159 1146 3305 fungimur,
1182 3162 1400 3284 nomine,
1437 3162 1639 3306 graviter
1664 3162 1712 3261 in
1761 3197 1807 3261 te
1857 3164 1908 3262 de
1936 3224 1999 3242 .„

464 3305 689 3446 „liquisse
725 3305 1013 3416 confitemur,
1035 3307 1157 3406 sed
1146 3346 1195 3408 m
1229 3345 1393 3448 magna
1428 3345 1573 3408 nostra
1609 3306 1770 3447 culpa,
1792 3345 1907 3447 quae
1992 3381 2009 3422 ‚

469 3527 502 3571 „
519 3450 642 3590 quod
679 3450 820 3589 pravis
857 3452 1157 3612 quorumdam
1194 3450 1385 3550 consiliis
1420 3446 1620 3551 abstracti
1656 3488 1806 3549 sumus
1822 3487 2034 3613 ,pa-

396 3646 398 3651 ’
466 3631 610 3714 ,,ιιιιιι
645 3591 921 3714 sublevatur,
957 3595 1142 3757 parique
1194 3595 1446 3695 animorum
1498 3583 1654 3695 dolote
1691 3631 1736 3694 et
1763 3628 2042 3756 poen-⁴

470 3737 655 3856 „tentia
690 3778 792 3836 nos
808 3776 882 3838 tua
919 3738 1086 3838 cunctis
1121 3774 1346 3878 perspecta
1398 3738 1662 3857 clementia,
1698 3771 1742 3837 et
1781 3738 2045 3880 singt=⁴

467 3955 509 4003 „
515 3878 695 3980 latisin
730 3893 878 3982 Deum
928 3882 1064 4022 pietas
1102 3922 1153 3981 ea
1189 3922 1265 4022 spe
1322 3882 1517 3985 maxime
1571 3882 1771 4002 solatur,
1809 3879 1959 3983 fort:
2034 3939 2045 3977 ι

468 4062 566 4146 „ut
601 4023 718 4144 Dei,
759 4064 894 4166 quem
943 4063 1105 4167 magna
1157 4026 1319 4163 pietate
1368 3959 1939 4147 colis,misericoidiarr1
2003 4085 2048 4129 2

471 4208 629 4308 „quae
681 4164 1006 4310 poenitentibus
1056 4207 1099 4269 et
1135 4170 1313 4270 veniam
1348 4168 1629 4310 poscentibus
1688 4191 2075 4332 numquam

470 4388 502 4431 „
516 4307 688 4432 defuit
726 4351 806 4452 pro
842 4347 917 4411 tua
953 4313 1268 4412 consuetudine
1321 4353 1413 4414 non
1464 4352 1664 4457 gravatus
1717 4312 1921 4413 imiteris

473 4465 639 4615 „Ergo
675 4490 716 4553 te
756 4495 830 4594 per
868 4467 1016 4556 Deum
1053 4454 1280 4557 Christum
1318 4455 1631 4578 obsecramus,
1665 4458 1724 4557 da
1775 4453 2087 4557 nostri...-

466 4597 664 4716 „erratis
701 4597 907 4718 veniam,
943 4637 1111 4738 nosque
1145 4598 1194 4699 in
1230 4635 1352 4700 tuam
1403 4599 1539 4702 fidem
1590 4600 1768 4742 recipe,
1812 4599 2087 4701 nulle-:-

467 4817 502 4863 „
520 4777 737 4884 umquam
776 4774 977 4885 tempore
1028 4782 1108 4844 nec
1155 4741 1261 4847 fidei
1298 4782 1354 4846 ne
1390 4740 1543 4892 officio
1594 4741 1855 4890 defuturos,
1882 4762 2087 4838 βξ

1762 4967 1794 5011 „
1809 4905 2087 5030 quoz=²
