3998 5850
460 401 548 522 468
646 455 652 469 -»
826 416 910 501 ou
949 412 1162 496 ursus
1209 409 1436 498 cnsrrs
1492 496 1496 499 ,ψ

418 577 567 722 Regni
603 570 847 677 mutuavit.
884 568 996 671 Illud
1033 608 1216 712 quoque
1250 563 1424 673 foedere
1455 584 1638 675 cautum
1674 594 1775 691 est,
1798 593 1886 700 ut,-

304 803 305 811 Ν
422 722 459 824 si
484 723 630 824 Gallus
665 715 900 820 aureorum
936 748 1251 821 coronatorum
1286 753 1463 817 centum
1498 715 1679 859 triginta
1714 715 1888 839 millia,

323 974 325 978 Α
421 907 535 1009 quae
569 864 780 970 Britanno
815 856 934 1002 Regi
970 857 1018 957 in
1055 898 1193 960 annos
1229 858 1495 1004 pendebat,
1530 860 1723 962 conflato
1764 857 1876 964 bello

422 1008 611 1115 tribuere
646 1039 858 1112 recusaret
875 1063 908 1126 ,ς
927 1001 1110 1106 Carolus
1137 1000 1181 1107 ei
1204 1040 1435 1148 acceptum
1457 1007 1671 1114 damnum
1708 1007 1765 1108 de
1800 1045 1882 1109 suo
1942 1108 1947 1116 .

421 1153 618 1257 sarciret.

476 1308 611 1402 XLII.
685 1310 893 1400 Ceterum
929 1293 977 1397 in
1013 1291 1278 1437 Hispaniam
1314 1331 1505 1398 reversus
1540 1293 1728 1397 Carolus
1772 1333 1876 1398 con-¹

422 1439 573 1546 silium
613 1440 669 1542 de
705 1440 993 1544 matrimonio
1044 1438 1271 1556 mutavit,
1306 1480 1400 1542 non
1449 1475 1607 1582 sponte
1647 1479 1771 1561 sua,
1807 1441 1882 1541 scd

421 1585 674 1688 civitatibus
729 1623 805 1727 per
853 1585 1018 1727 legatos
1054 1620 1097 1684 ct
1131 1583 1383 1724 proceribus
1434 1584 1663 1688 orantibus
1698 1659 1714 1705 ‚
1749 1618 1879 1725 atque

422 1730 557 1832 etiam
592 1728 768 1830 liberius
804 1723 1154 1849 obtestantibus,
1190 1763 1241 1829 ut
1274 1728 1423 1869 primo
1461 1768 1641 1872 quoque
1679 1763 1880 1870 tempore

421 1873 666 2014 posteritati
701 1869 978 1981 consulerett
1012 1912 1093 1972 nec
1129 1871 1248 1972 enim
1284 1912 1380 1974 esse·
1407 1874 1478 1973 vel
1515 1913 1568 1976 ex
1616 1912 1693 1972 sua
1729 1871 1879 2014 digui-

423 2051 513 2119 tate
570 2018 729 2118 velex
778 2016 925 2158 Regni
961 2014 1141 2159 publico
1196 2010 1365 2136 bono,
1401 2016 1547 2157 ipsum
1582 2012 1754 2117 Mariae
1789 2016 1877 2117 Bri-

422 2160 546 2264 tanni
581 2160 718 2303 Regis
770 2158 887 2260 filiae
927 2198 1172 2301 paucorum
1222 2198 1442 2261 annorum
1490 2159 1658 2301 puellae
1709 2160 1879 2261 tamdiu

422 2305 717 2408 maturitatem
755 2338 1001 2445 exspectare
1031 2380 1047 2424 ,
1082 2303 1157 2404 cui
1204 2302 1331 2408 liccat
1380 2344 1433 2404 cx
1450 2302 1688 2445 -Hispania
1723 2304 1878 2410 lsabel-¹

421 2446 516 2548 lam-
548 2445 788 2552 Emanuells
822 2447 958 2588 Regis
992 2445 1282 2590 portugalliae
1331 2445 1467 2550 filiam
1518 2457 1610 2579 jam
1645 2446 1745 2550 viro
1784 2484 1878 2547 ma-

424 2621 569 2695 turam
605 2592 796 2710 ducere,
830 2624 875 2690 et
910 2630 963 2692 er
997 2590 1162 2733 nuptiis
1199 2591 1467 2731 tempestivis
1501 2590 1663 2693 liberos
1699 2592 1750 2691 ad
1782 2600 1873 2692 Rc-

416 2735 505 2877 gni
538 2733 853 2842 successionem
887 2770 1058 2836 mature
1093 2772 1344 2875 procreare.
1385 2733 1525 2870 Jusris
1560 2774 1669 2877 ergo
1707 2767 1876 2838 suorum

423 2876 624 3020 precibus
674 2878 815 2979 victus
864 2877 1046 2982 Carolus
1082 2876 1307 2982 Isabtllam
1363 2876 1674 2980 consobrinam
1722 2917 1873 3005 suam,

423 3059 562 3161 quam
596 3021 809 3125 Emanuel
844 3020 1133 3164 Portugalliae
1170 3033 1269 3125 Rex
1304 3062 1356 3122 ex
1391 3022 1538 3125 Maria
1575 3023 1711 3166 ipsius
1741 3034 1875 3124 Caro-

423 3163 458 3266 li
492 3200 722 3266 matertera
755 3201 1085 3306 procreaverat,
1116 3165 1166 3266 in
1201 3164 1533 3269 matrimonium
1568 3168 1623 3268 ad
1659 3163 1876 3307 Hispalim

423 3307 581 3409 urbem
618 3307 758 3444 *duxit
791 3385 807 3429 ,
843 3309 923 3448 qui
959 3306 1043 3410 firit
1078 3347 1214 3411 annus
1247 3307 1411 3413 Christi
1459 3310 1711 3413 millesimus
1750 3309 1876 3452 quin·

423 3451 689 3592 gentesimus
723 3452 958 3594 vigesimus
994 3486 1165 3576 sextus,
1183 3451 1342 3596 quibus
1377 3453 1432 3559 de
1466 3455 1591 3564 rebus
1624 3494 1754 3598 supra
1791 3491 1880 3559 mo

423 3629 723 3701 moravrmus.

480 3747 640 3841 xum,
711 3749 817 3841 Hoc
851 3738 1072 3886 cognito,
1124 3739 1353 3847 Britannus
1389 3742 1529 3849 liliam
1573 3783 1708 3887 seque
1742 3756 1878 3849 Caro-

426 3876 475 3980 lo
510 3884 758 3983 contemtui
792 3880 920 3985 fuisse
956 3887 1292 4029 interpretatus,
1312 3926 1477 4032 magno
1524 3889 1678 3990 dolore
1713 3890 1777 3990 sic
1812 3930 1878 3989 ex·

427 4023 562 4146 arsit,
593 4057 642 4126 ut
676 4028 889 4128 Carolum
925 4031 1053 4131 omni
1087 4032 1385 4147 incommodo
1418 4065 1550 4175 atque
1586 4032 1787 4143 molestia
1820 4025 1879 4130 af·

429 4162 602 4294 licere,
640 4208 689 4271 ac
742 4168 958 4274 hostiliter
1010 4174 1185 4315 insequi
1234 4175 1539 4284 constitueret.
1593 4187 1744 4319 Itaque
1777 4211 1872 4280 cum

425 4311 649 4415 Francisco
700 4313 925 4448 Gallorum
984 4327 1109 4461 Rege
1163 4352 1209 4418 et
1257 4320 1487 4434 Clemente
1553 4320 1769 4423 Pontihce
1825 4354 1876 4419 ac

424 4455 604 4578 Venetis
625 4530 627 4537 >
646 4460 911 4600 ceterisque,
944 4460 1024 4601 qui
1059 4463 1108 4563 in
1142 4462 1293 4563 Caroli
1327 4464 1494 4566 malum
1529 4463 1577 4572 in
1610 4465 1736 4565 Italia
1770 4499 1879 4565 con-

425 4596 692 4735 spiraverunt
726 4678 742 4720 ,
776 4603 1018 4704 amicitiam
1059 4642 1102 4708 ct
1138 4604 1392 4707 societatem
1440 4608 1568 4710 inivit
1597 4633 1613 4716 '3
1652 4606 1728 4708 scd
1781 4643 1883 4709 cum

424 4739 534 4843 nihil
579 4738 866 4884 profecisset,
902 4782 946 4850 et
981 4748 1133 4853 Caroli
1168 4748 1353 4854 victoria
1406 4752 1463 4856 de
1512 4750 1597 4854 suis
1632 4750 1883 4855 adversariis

969 4931 974 4937 ’
1472 4902 1477 4911 ’
1825 4894 1880 4994 ad
