3998 5850
474 461 560 551 432
865 440 946 521 na
999 437 1198 519 araus
1250 378 1468 521 ousrts

318 703 325 709 ,
431 600 686 701 obedienter
713 597 932 699 facturam
973 597 1316 755 ,eumdemque
1367 631 1412 692 et
1446 591 1711 736 praesidium
1747 585 1896 695 libeu-

429 777 498 842 ter
531 780 828 880 recepturam.
1042 780 1043 783 ‘

521 894 773 986 XXXVIII.
835 881 1082 1000 Carolus,
1126 916 1302 1023 accepta
1334 878 1659 999 excusatione,
1696 893 1886 982 Fernan-

426 1024 538 1126 dum
575 1028 791 1129 Toletum
822 1038 996 1127 Ducem
1029 958 1251 1126 Albanum
1289 1063 1408 1123 cum
1436 1024 1622 1122 exercitu
1671 1025 1891 1185 praemit-

427 1169 520 1292 tit,
555 1210 696 1310 eoque
730 1210 832 1271 cum
868 1204 987 1308 parte
1020 1169 1250 1329 copiarum
1292 1166 1399 1266 urbe
1433 1201 1642 1305 recepto,
1672 1166 1766 1307 ipse
1805 1208 1891 1329 po-

427 1243 624 1410 stridit
612 1351 823 1474 mgressus
861 1349 957 1419 ests
1010 1350 1082 1410 cut
1118 1312 1340 1411 accedenti
1375 1310 1656 1450 Magistratus
1711 1345 1758 1408 et
1796 1311 1895 1451 pri-
1978 1323 1985 1334 ’

426 1492 571 1555 mores
610 1456 795 1555 civrtatis
831 1456 1012 1557 obviam
1049 1455 1336 1593 prodierunt,
1366 1491 1558 1613 cumque
1591 1450 1654 1549 bis
1686 1456 1896 1586 Joannes

430 1597 651 1697 federicus
688 1609 793 1697 Dux
843 1597 1047 1697 Saxoniae
1083 1673 1097 1713 ,
1136 1597 1240 1736 qui
1266 1594 1454 1734 pridie
1443 1629 1701 1693 intraverat.
1760 1599 1895 1696 Huic

428 1740 614 1838 Carolus
669 1739 917 1898 suppliciter
950 1739 1113 1878 petenti
1152 1741 1348 1838 dextram
1385 1735 1549 1855 dedit,
1590 1772 1632 1835 et
1670 1734 1894 1839 liberalius

427 1918 478 1979 ac
510 1881 718 2001 hilarius,
758 1922 895 2022 quam
939 1917 1072 1981 ante
1058 1958 1072 1999 ,
1063 1878 1243 1979 affatus
1277 1913 1386 1996 est,
1408 1915 1451 1979 et
1486 1815 1615 2018 paitlo
1651 1915 1757 2017 post
1798 1891 1891 1981 Au-

426 2060 553 2162 gusta
588 1961 794 2125 decedens
833 2027 1020 2124 domum
1053 2022 1244 2124 abeundi
1283 2057 1542 2162 potestatem
1587 2017 1737 2128 fecits
1784 2032 1893 2124 Ma
1865 2085 1904 2102 ·

424 2202 627 2305 guttatus
655 2203 799 2266 autern
832 2169 887 2267 ad
924 2167 1048 2304 pedes
1088 2168 1426 2283 descenderunt,
1470 2205 1520 2264 ac
1559 2164 1750 2264 demissa
1785 2207 1894 2308 sup-

421 2307 623 2467 pliceque
654 2312 852 2430 oratione
882 2310 1095 2409 Carol'um
1139 2307 1310 2426 affati,
1345 2307 1430 2445 ipsi
1465 2347 1648 2447 quoque
1702 2310 1892 2412 veniam

373 2446 378 2450 ’
423 2449 787 2587 impetraverunt.
845 2452 1115 2584 Quindecim
1162 2452 1251 2550 dies
1307 2450 1486 2551 Carolus
1534 2452 1591 2548 ad
1628 2457 1894 2592 Augustam

423 2629 619 2693 moratus
650 2629 743 2713 est,
778 2596 885 2694 dum
916 2594 1072 2692 milites
1111 2633 1230 2692 novo
1275 2594 1443 2692 delectu
1480 2631 1556 2733 per
1592 2596 1895 2697 Germaniam

323 2854 325 2861 ι
421 2735 661 2896 conscripti
691 2737 995 2854 conveniunt,
1028 2749 1318 2877 Senatumque
1354 2736 1404 2835 in
1441 2774 1576 2892 eum,
1610 2776 1759 2877 quem
1797 2740 1889 2879 ipse

421 2879 735 2998 constituerat,
766 2918 928 2981 statum
968 2880 1175 2982 restituit

493 3028 707 3119 XXXIX.
780 3032 990 3122 Ceterum
1028 3021 1231 3122 Kalendis
1269 3017 1529 3160 Septembris
1563 3058 1605 3121 et
1644 3020 1745 3161 ipse
1784 3065 1892 3129 cum

421 3198 543 3301 parte
576 3163 843 3301 copiarum,
881 3199 924 3263 et
957 3166 1141 3264 Toletus
1179 3174 1283 3263 Dux
1323 3166 1565 3282 Albanus,
1603 3204 1748 3305 quem
1805 3168 1891 3270 sibi

423 3304 945 3447 delegaverat,proxima
977 3296 1154 3404 scilicet
1165 3306 1247 3407 sibi
1279 3305 1527 3446 imperandi
1560 3301 1775 3407 facultate
1811 3313 1893 3410 tri-

423 3443 565 3564 buta,
593 3486 695 3548 cum
733 3448 906 3590 reliquo
947 3450 1139 3550 exercitu
1177 3459 1373 3589 Augusta
1414 3442 1653 3588 profecti,
1693 3454 1901 3554 Tolerus·

423 3587 470 3688 in
508 3522 918 3732 Vitemburgensem
955 3602 1180 3692 Ducatum
1234 3592 1379 3730 copias
1433 3591 1658 3711 inducit,
1688 3597 1894 3696 Carolus

422 3731 605 3831 Ulmam
641 3735 863 3834 contendit
902 3743 1070 3862 ,cujus
1119 3733 1302 3834 civitatis
1337 3733 1618 3874 Magistratus
1656 3733 1747 3834 sibi
1803 3737 1892 3838 ob

423 3871 544 3971 viam
582 3915 827 4017 progressos
865 3813 1032 3977 liberali
1068 3877 1270 3977 oratione
1304 3914 1553 4016 prosecutus
1598 3910 1661 3974 est
1677 3952 1694 3995 ,
1739 3917 1785 3978 et
1821 3882 1891 3980 ci-

423 4014 607 4116 vitatem
627 4019 834 4158 ,quod
823 4059 870 4119 ιιι
890 4016 1043 4118 officio
1080 4056 1124 4119 et
1158 4017 1244 4118 fide
1272 4018 1551 4158 perstitisset,
1576 4019 1883 4125 collaudavit.

423 4165 547 4259 Nam
585 4159 632 4259 bi
669 4199 758 4281 ,et
791 4162 899 4260 irem
937 4161 1316 4302 Argentinenses,
1342 4197 1383 4262 et
1411 4156 1813 4282 Francaforrenses,
1843 4199 1887 4266 et

424 4301 761 4404 Ratisbonenses
815 4342 1002 4444 quatuor
1049 4304 1354 4444 Imperatoriae
1405 4304 1587 4404 ditionis
1641 4305 1887 4431 civitates,

421 4444 613 4543 maxime
652 4447 856 4545 omnium
893 4448 938 4546 in
975 4443 1061 4545 fide
1107 4483 1484 4585 permanserant,
1517 4447 1642 4545 etin
1694 4450 1768 4550 illa
1815 4488 1887 4548 te·

422 4619 522 4685 rum
557 4587 879 4723 perturbatione
931 4588 1182 4730 bellicisque
1224 4587 1479 4689 tumultibus
1536 4589 1703 4688 Carolo
1750 4632 1887 4691 suurn

279 4727 282 4735 ’
424 4720 626 4830 officium
661 4732 1003 4870 praestiterant,
1042 4766 1086 4904 er
1121 4730 1182 4834 ob
1224 4772 1322 4833 eam
1359 4772 1452 4836 rem
1489 4774 1515 4834 a
1550 4733 1721 4855 Gallis,
1768 4736 1890 4858 sedi,

1794 4880 1882 4979 tio-
