4124 5880
545 388 788 471 canorr
832 389 884 469 u.
928 393 1040 472 rrss.
1083 397 1208 478 xvt.
1500 425 1555 509 23

146 542 358 652 Gallicum
391 623 405 664 ,
438 538 541 685 ipsis
578 543 712 646 Gallis
757 537 1000 646 faventibus
1033 622 1048 670 ,
1086 546 1283 653 infestare
1322 554 1605 663 ‘demonstra-

142 695 320 815 vimus,
357 690 609 793 Nicaenum
644 727 801 830 agrum
836 687 1085 793 incursione
1120 717 1333 799 nocturna
1370 704 1605 846 depraeda*

139 843 170 944 ri
219 874 419 981 parant,
463 871 506 935 et
559 833 796 935 consilium
839 873 917 973 per
960 873 1099 937 unum
1132 854 1207 941 'ex
1255 844 1340 943 suis
1383 844 1607 989 praefectis

142 1025 242 1087 cum
282 983 389 1086 arcis
426 978 755 1121 Antipolitanae
793 973 1016 1120 praefecto
1053 988 1413 1110 communicant,
1437 1030 1486 1093 ut
1511 1019 1609 1117 res,

142 1167 278 1274 quam
313 1124 449 1228 Gallis
486 1163 595 1225 non·
614 1123 837 1266 ingratam
883 1116 981 1225 fote
1018 1125 1234 1265 putabant
1270 1209 1286 1250 ,
1330 1141 1610 1240 commodius

141 1275 364 1415 tutiusque
401 1306 648 1411 gereretur,
685 1270 935 1409 docentque
973 1267 1057 1371 sibi
1090 1312 1175 1374 esse
1211 1273 1259 1374 in
1296 1277 1611 1400 animo,'cu‘m

141 1421 251 1523 alios
286 1415 490 1517 mortales
526 1414 753 1517 vinearum
809 1453 937 1514 causa
972 1414 1269 1541 rusticantcs,
1315 1423 1510 1562 captivos
1554 1428 1612 1528 ad

142 1602 271 1667 naves
305 1559 518 1663 abducere
552 1638 567 1681 ,
603 1569 699 1660 tum
735 1559 784 1659 in
819 1559 971 1699 primis
1008 1562 1256 1663 Monachos
1293 1567 1610 1692 Franciscanos,
1658 1553 1661 1562 Ι

142 1709 220 1853 qui
257 1704 538 1808 coenobium
566 1704 615 1805 in
649 1704 840 1807 Nicaeae
877 1702 1132 1807 suburbano
1166 1706 1413 1854 tenebant.
1444 1715 1610 1815 Probat

140 1851 381 1955 consilium
417 1844 657 1993 praefectus
694 1849 803 1953 arcis
838 1930 854 1974 ,
901 1888 977 1952 aut
1014 1850 1200 1994 probare
1235 1854 1451 1976 simulat,
1487 1865 1610 1958 Tur-

137 2005 304 2139 cas'que
345 1996 611 2116 collaudat,
653 2001 733 2119 et,
772 1994 806 2095 si
842 1997 953 2138 quid
996 2034 1107 2137 opus
1144 1999 1232 2118 sit,
1270 2037 1393 2100 suam
1429 2039 1610 2142 operam

134 2144 404 2287 pollicetur,
445 2180 705 2284 certumque
739 2176 911 2282 tempus
947 2142 1003 2243 ad
1040 2181 1138 2244 eam
1172 2183 1267 2244 rem
1303 2143 1606 2250 constituitur.

134 2289 226 2390 Sed
272 2283 617 2406 haecomnia,
659 2327 774 2427 quae
810 2286 924 2388 inter
960 2289 1237 2388 coenandum
1280 2325 1373 2388 acta
1409 2284 1610 2411 fuerant,

138 2434 200 2534 ad
235 2442 483 2575 Vargam,
526 2430 721 2534 militum
757 2470 783 2530 a
819 2431 982 2534 Carolo
1019 2431 1211 2533 Nicaeae
1253 2432 1471 2575 praesidio
1507 2433 1611 2535 reli-

135 2612 323 2680 ctorum
363 2575 640 2696 tribunum,
687 2574 895 2717 postridie
943 2575 1058 2676 circa
1100 2579 1239 2679 noctis
1283 2577 1347 2676 rei
1394 2579 1612 2720 gerendae

129 2722 385 2824 destinatae
419 2720 718 2864 crepusculum
760 2719 929 2820 indicio
965 2719 1134 2821 delata.
1194 2731 1403 2862 Vargas,
1446 2759 1612 2822 secreto

129 2863 321 2966 duobus
370 2861 699 2967 centurionibus
742 2862 974 2982 evocatis,
1009 2877 1260 3006 Bocanegra
1303 2861 1610 3007 Machinoque

138 3012 343 3153 Mongia
375 3088 391 3128 ,
427 3007 508 3110 hos
545 3010 600 3111 de
634 3017 878 3110 Turcarum
922 3007 1106 3108 consilio
1142 3008 1347 3108 certiores
1384 3001 1532 3129 facit,
1569 3046 1614 3111 et

143 3154 261 3295 quid
296 3151 390 3255 fieri
425 3154 532 3257 velit
551 3232 566 3274 ,
585 3154 806 3255 ostendit.
837 3150 910 3278 vIlli
938 3153 1151 3254 ducentos
1187 3153 1495 3295 scloppetarios
1533 3155 1614 3255 de·

147 3298 294 3439 ligunt
335 3375 351 3419 ‚
396 3334 440 3398 et
481 3297 627 3439 prima
672 3298 823 3441 vigilia
871 3297 920 3397 in
961 3298 1161 3399 vinctum
1203 3298 1316 3400 mari
1362 3299 1615 3439 proximum

143 3439 322 3543 silentio
358 3442 614 3562 deducunt,
644 3476 986 3585 opportunoque
1021 3442 1123 3543 loco
1160 3443 1217 3543 ad
1251 3442 1486 3542 maceriam
1522 3441 1614 3540 dis-

154 3624 327 3728 ponunt
366 3625 378 3695 3
425 3622 688 3729 peractaque
731 3588 920 3688 secunda
963 3586 1117 3728 vigilia
1152 3665 1167 3708 ‚
1207 3587 1388 3725 strepitu
1430 3584 1613 3685 navium

144 3729 455 3833 accedentium
490 3731 731 3851 exaudito,
767 3730 975 3872 prostrati
1011 3730 1169 3830 milites
1205 3769 1402 3850 omnes,
1437 3729 1615 3871 ignicu-

147 3871 205 3972 lis
242 3876 499 4001 contectis,
539 3916 626 3978 sese
662 3875 775 3975 inter
811 3874 920 4002 uites
956 3874 1040 3974 suis
1084 3867 1200 3976 foliis
1236 3877 1351 4009 (erat
1386 3874 1505 3975 enim
1539 3885 1614 3974 Se-

149 4015 358 4159 ptember
392 4020 583 4159 mensis)
619 4019 794 4122 vestitas
830 4018 1078 4120 occultant.

225 4172 400 4266 XXIV.
473 4172 648 4265 Turcae
684 4204 788 4268 cum
824 4165 881 4266 ad
916 4203 1020 4266 eum
1055 4162 1254 4287 locum,
1290 4161 1371 4304 qui
1408 4152 1620 4260 militibus

155 4306 427 4449 exponendis
461 4308 643 4414 idoneus
681 4346 815 4431 erat,
857 4310 1149 4450 pervenissent
1182 4386 1197 4429 ,
1233 4305 1404 4445 scapha
1426 4302 1638 4446 specula·

162 4482 270 4553 tores
307 4452 456 4576 duos,
489 4495 547 4555 ne
583 4454 694 4597 quid
730 4453 985 4553 insidiarum
1021 4454 1212 4570 lateret,
1257 4488 1512 4593 exponunt.
1560 4445 1629 4548 Hi

167 4594 343 4698 diversas
380 4598 429 4699 in
465 4596 625 4700 littoris
667 4635 806 4741 partes
842 4636 945 4707 cum
981 4595 1310 4725 discurrissent,
1353 4632 1396 4696 et
1433 4589 1629 4693 fallenti·
1707 4655 1710 4667 κ

165 4730 239 4840 bus
286 4741 457 4845 insidiis
511 4782 658 4845 omma
694 4778 786 4844 tuta
836 4740 1193 4863 renuntiassent,
1243 4778 1422 4842 centum
1472 4733 1627 4974 dellepti

198 4928 201 4934 ’
1572 4916 1626 4975 o·
