4192 5858
466 310 548 394 280
842 308 930 389 DE
976 307 1175 389 REBUS
1215 305 1508 392 GESTIS

424 471 603 573 fuerunt
638 468 715 571 ob
701 504 870 603 jectar,
893 505 1005 605 quae
1040 464 1269 566 naviculae
1303 468 1360 566 ad
1396 462 1555 568 fluvios
1592 505 1729 610 ponte
1764 510 1892 577 com

422 615 662 718 mittendos
698 648 836 714 castra
871 607 1244 751 sequebantur3
1233 651 1280 712 tn
1317 610 1449 713 altera
1480 612 1703 755 equitatus
1749 619 1891 721 consi-

419 799 526 863 stere
559 769 716 891 jussus

492 914 617 1006 XIX
691 912 855 1001 Hostes
891 938 996 1001 cum
1032 941 1058 999 a
1092 899 1214 1000 laeva
1249 900 1304 1001 ad
1342 900 1537 1003 mediam
1579 896 1666 1006 fere
1716 944 1888 1046 partem

278 1152 282 1158 ,
416 1070 553 1150 'castra
588 1046 848 1166 cinxissent,
886 1084 1055 1187 magno
1090 1044 1259 1185 impetu
1294 1047 1451 1146 eadem
1487 1086 1747 1194 oppugnare
1781 1091 1888 1152 coe·

417 1230 612 1337 perunt,
652 1229 742 1291 tam
788 1186 945 1291 crebris
982 1225 1308 1290 tormentorum
1359 1190 1497 1312 telis,
1531 1228 1748 1333 tantoque
1798 1189 1887 1296 fra-

418 1378 530 1482 gore
566 1330 885 1456 micantibus,
920 1368 970 1433 ut
1006 1367 1160 1433 tonare
1196 1333 1250 1434 de
1284 1332 1406 1432 caelo
1444 1371 1487 1434 et
1521 1330 1756 1437 fulminare
1793 1378 1886 1440 cre-

418 1485 576 1605 deres,
614 1479 845 1619 aeneisque
882 1514 925 1578 et
961 1476 1143 1614 lapideis
1180 1475 1323 1617 globis
1360 1479 1644 1620 grandinare.
1703 1483 1886 1584 Carolus

420 1664 541 1727 nunc
569 1664 747 1725 suorum
774 1661 888 1721 acres
924 1620 1038 1720 inter
1058 1619 1253 1728 volantia
1282 1620 1364 1721 tela
1401 1621 1695 1764 obequitare,
1720 1624 1886 1727 verbis·

417 1810 509 1912 que
522 1848 538 1892 ,
575 1770 649 1869 sed
685 1767 823 1908 magis
860 1806 935 1865 sua
988 1765 1227 1905 praesentia
1277 1761 1576 1885 confirmare,
1610 1807 1730 1867 nunc
1783 1808 1885 1872 ante

418 1915 533 2015 acies
571 1912 795 2073 intrepido
832 1909 984 2009 animo
1021 1908 1286 2031 consistere,
1327 1919 1450 2042 cujus
1486 1844 1728 2054 periculum
1769 1915 1887 2016 mul-

417 2092 486 2159 tos
523 2097 615 2158 non
651 2094 796 2156 mmus
833 2095 971 2196 quam
1007 2093 1136 2155 suum
1172 2050 1465 2174 sollicitabat,
1500 2055 1795 2195 plurimorum
1836 2101 1893 2160 e

419 2201 518 2302 nim
572 2238 616 2302 et
667 2198 818 2301 oculos
855 2233 897 2296 et
932 2199 1098 2299 animos
1149 2198 1195 2298 in
1248 2240 1289 2299 se
1322 2196 1642 2303 convertebat.
1700 2202 1914 2305 Tolerus

418 2383 569 2447 autem
606 2339 767 2462 rebus,
800 2380 917 2482 quae
953 2344 1009 2442 ad
1045 2342 1261 2443 statariam
1298 2332 1497 2485 pugnam
1533 2383 1679 2464 mox,
1713 2346 1750 2445 si
1801 2344 1913 2448 ho-
2016 2417 2021 2424 ψ

416 2488 528 2609 stis,
563 2526 614 2590 ut
656 2486 1015 2648 exspectabatur,
1051 2489 1271 2649 impetum
1325 2481 1530 2607 fecisset,
1564 2487 1660 2588 usui
1712 2525 1894 2612 essent,

330 2656 334 2663 '
419 2632 694 2775 imperatis,
726 2666 827 2731 ante
879 2668 1019 2730 acrem
1071 2633 1376 2772 Hispanorum
1428 2563 1892 2764 coniistebat,1ussis

416 2776 725 2910 jaculatoribus
761 2773 931 2876 nullum
967 2809 1066 2874 ante
1103 2775 1275 2897 telum,
1308 2819 1364 2878 ne
1401 2775 1573 2875 irritum
1609 2777 1810 2897 caderet,
1839 2821 1881 2879 e-

416 2920 625 3040 mittere,
662 2956 796 3059 quam
833 2916 975 3017 hostes
1010 2919 1156 3018 castris
1194 2915 1318 3019 brevi
1367 2919 1592 3019 intervallo
1640 2922 1879 3061 appropin-

417 3089 641 3206 quarent,
677 3098 845 3202 praeter
881 3060 1125 3204 Hispanam
1178 3063 1566 3204 scloppetariorum
1620 3062 1877 3231 cohortem,

416 3247 498 3350 qur
534 3245 652 3309 extra
687 3206 949 3308 munitiones
1000 3208 1057 3307 ad
1103 3204 1311 3347 paludosa
1347 3205 1444 3306 loca
1496 3207 1760 3307 excedere
1745 3212 1876 3338 Jussi,
1994 3218 2001 3324 l

416 3392 522 3453 cum
568 3351 767 3454 hostibus
820 3347 1115 3491 scloppetariis
1167 3351 1223 3449 ad
1272 3349 1436 3453 villam
1475 3351 1751 3492 quamdam,
1790 3394 1881 3495 quo
1984 3381 1991 3476 ῑ

410 3495 502 3602 illis
492 3492 789 3658 perfugium
824 3531 949 3614 erat,
986 3496 1033 3594 in
1070 3527 1393 3597 tormentorum
1429 3495 1696 3694 praesidium
1736 3498 1979 3631 collo·¹

419 3639 564 3761 catis,
601 3679 770 3741 emmus
808 3638 1106 3741 dimicabant
1964 3663 1972 3783 p*

492 3795 600 3886 XX.
678 3783 825 3883 Nec
814 3783 991 3885 interim
1027 3783 1281 3885 Caesariana
1317 3819 1538 3887 tormenta
1573 3785 1754 3916 jaculari
1797 3826 1884 3888 ces·
1954 3850 1960 3935 ἶ

422 3927 606 4043 sabant,
645 3965 837 4069 quorum
873 3968 945 4028 sex
981 3967 1060 4027 suo
1098 3927 1268 4090 impetu
1304 3924 1526 4030 confracta
1562 3966 1700 4051 sunt,
1729 3965 1774 4030 et
1809 3974 1884 4033 eo-
1944 3963 1952 4087 p

421 4111 520 4174 rum
555 4113 646 4174 uno
681 4111 882 4212 qumque
917 4071 1078 4171 milites
1114 4072 1303 4213 Hispani
1340 4073 1564 4214 peremti,
1599 4075 1691 4174 duo
1726 4075 1886 4175 vulne·
1934 4099 1944 4241 p

420 4217 547 4317 rati·
539 4286 551 4326 ‚
592 4217 667 4317 sed
704 4215 926 4337 hostilia,
963 4253 1013 4316 ut
1048 4255 1236 4316 numero
1288 4254 1409 4317 etant
1444 4220 1578 4359 longe
1634 4219 1857 4359 plura,
1823 4258 1887 4319 src

420 4361 732 4464 commodiore
768 4359 868 4460 loco
904 4293 1152 4502 disposita,
1189 4355 1351 4461 factum
1389 4397 1451 4460 est
1488 4399 1637 4481 tamen
1674 4400 1761 4502 ope
1813 4363 1924 4463 di

420 4503 566 4625 vina,
601 4540 651 4604 ut
687 4541 789 4605 cum
826 4513 915 4635 jam
952 4542 1116 4608 novem
1150 4503 1321 4605 circiter
1356 4501 1483 4623 horas
1520 4545 1634 4607 non
1648 4507 1790 4607 modo
1834 4548 1914 4698 a-p'

420 4646 525 4784 cie,
563 4649 637 4750 sed
673 4688 729 4751 ne
765 4647 905 4807 milite
942 4649 1127 4788 quidem
1161 4647 1251 4749 ullo
1287 4688 1372 4752 sese
1408 4651 1510 4752 looo
1547 4687 1790 4773 movente,
1773 4691 1904 5003 ,εέ

1595 4829 1603 4843 ·
1805 4829 1838 4894 st
