4034 5858
111 504 284 581 sublevat.
315 507 363 575 11.
375 508 436 596 46.
468 498 542 571 Sine
562 496 693 572 arbitris
718 499 780 573 diu

111 629 189 679 cum
216 628 258 674 eo
285 603 514 698 colloquitur.
544 605 590 671 Il.
614 605 674 692 46.
704 604 782 672 An-

111 706 227 779 dream
259 704 430 788 Doriam,
453 700 581 796 nequid
598 702 781 775 Gallorum

111 807 201 906 Regi
221 807 396 877 molestum
414 800 710 901 respondeatmutu
722 799 781 872 de-

110 906 290 981 hortatur.
313 910 360 976 11.
378 928 438 998 47.
467 903 631 975 Invitatus
654 927 672 971 a
702 904 782 973 Me-

111 1005 318 1078 moransiaco
335 1002 574 1087 Comestabili,
588 1022 626 1073 ut
643 1001 679 1072 in
700 1005 782 1072 Fos-

111 1129 180 1178 sam
194 1106 384 1179 Marianam
400 1102 597 1186 descendat,
614 1103 648 1173 in
665 1102 784 1173 crasti-

113 1229 196 1276 num
212 1229 403 1303 responsum
426 1202 552 1276 differt.
571 1208 616 1274 ΙΙ.
633 1203 696 1295 48.
712 1201 783 1273 Suis

109 1303 178 1377 fere
195 1307 353 1377 omnibus
374 1303 628 1377 dehortantibus
641 1351 652 1387 ,
664 1302 723 1374 sibi
738 1299 783 1373 ad

111 1409 241 1502 Regem
257 1405 410 1477 eundum
426 1403 585 1477 decernit.
598 1408 708 1496 II.49.
726 1401 785 1474 Ab

113 1525 261 1598 utroque
284 1505 356 1577 filio
372 1509 474 1604 Regis
491 1503 657 1576 deductus
668 1505 703 1575 in
717 1521 786 1572 ter·

113 1627 184 1674 ram
221 1627 324 1701 paene
352 1605 569 1678 incomitatus
601 1600 783 1675 descendit.
822 1689 824 1692 ι

111 1706 159 1774 11.
176 1724 230 1792 50.
256 1704 314 1776 Ad
329 1703 482 1777 dextram
498 1700 648 1800 Reginae
665 1700 785 1772 sororis

111 1824 242 1873 mensae
270 1803 464 1876 accumbit.
490 1807 537 1872 Il.
566 1822 621 1891 51.
645 1798 784 1872 Henrici

112 1903 293 1973 Gallorum
330 1904 436 2002 Regis
466 1901 527 1973 lilii
563 1901 700 1971 mantile
739 1897 784 1969 ad

111 2000 314 2072 assiccandas
349 2004 435 2072 lotas
466 2021 583 2069 manus
617 1996 785 2069 submini-

112 2099 246 2170 strantis
279 2095 433 2170 officium
464 2116 615 2168 recusat.
650 2102 697 2168 II.
726 2115 783 2186 52.

112 2205 230 2270 Parem
242 2199 456 2270 voluntatem
466 2216 500 2267 et
517 2195 784 2267 benevolentiam

111 2315 190 2394 erga
214 2302 346 2397 Regem
393 2321 433 2369 ac
472 2296 593 2368 liberos
617 2297 786 2394 pollicitus

113 2395 158 2471 ad
173 2419 273 2467 naves
287 2396 496 2495 regreditur.
518 2400 565 2466 II.
588 2417 643 2491 53.
668 2398 786 2467 Barci-

112 2518 239 2565 nonem
272 2497 427 2594 appellit.
463 2500 510 2566 II.
544 2515 600 2586 54.
636 2495 783 2566 Doriarn

114 2594 239 2666 bellum
263 2596 299 2665 in
316 2599 446 2667 Turcas
474 2592 707 2667 administrare
729 2594 784 2682 ju-

113 2692 193 2766 bet.
218 2699 265 2764 ΙΙ.
286 2718 343 2787 54.
381 2701 473 2768 Cum
489 2697 595 2766 Paulo
619 2693 784 2764 Pontifice

112 2811 148 2863 et
175 2796 297 2864 Senatu
325 2797 457 2866 Veneto
488 2792 605 2866 foedus
628 2790 784 2862 adversus

112 2893 266 2963 Turcam
291 2893 374 2964 init.
399 2899 446 2963 ΙΙ.
475 2914 531 2983 54.
570 2889 782 2963 Pernandum

112 2988 250 3063 fratrem
321 3016 357 3062 er
391 2993 598 3063 Pannoniam
632 2990 786 3061 adversus

113 3091 245 3161 Turcas
261 3015 450 3165 affiaturum
477 3091 537 3163 sibi
566 3089 706 3186 recipit.
736 3091 783 3158 ΙΙ.

111 3212 175 3282 55.
202 3197 287 3260 Pace
304 3189 393 3263 facta
417 3215 496 3264 curn
513 3190 684 3261 Francisco
697 3188 784 3260 Gal-

113 3289 225 3361 lorum
236 3295 331 3388 Rege
349 3310 451 3384 atque
463 3290 631 3372 amicitia,
654 3288 784 3358 Valdo-

113 3386 214 3460 liturn
241 3389 439 3474 revertitur,
457 3409 491 3459 et
510 3390 673 3461 Castellae
685 3393 784 3459 Con-

114 3487 232 3560 cilium
264 3488 376 3559 Toleti
399 3487 526 3560 habet.
557 3493 606 3560 II.
631 3491 691 3578 65.
728 3490 783 3557 Eo
808 3556 809 3565 ,

114 3605 284 3687 praesente
299 3607 333 3658 et
351 3587 507 3678 jubente,
520 3590 664 3680 Joannes
689 3588 784 3656 Vaz-

115 3709 203 3783 quez
238 3687 365 3759 scrib(
380 3686 508 3785 Regius
542 3686 586 3758 ad
619 3687 783 3759 Castellae

116 3786 294 3859 civitatum
337 3787 527 3885 legatorum
588 3784 782 3856 Concilium

116 3883 300 3982 descripto
319 3887 419 3955 verba
438 3885 542 3956 facit.
560 3889 607 3955 II.
619 3908 677 3976 71.
694 3890 784 3955 Cae·

115 4005 168 4054 sar
187 3983 254 4077 ipse
272 4008 379 4079 pauca
394 3984 586 4056 summatim
607 3983 731 4074 adjicit,
743 4001 783 4054 ut

117 4079 159 4153 de
191 4081 331 4178 pecunia
362 4083 397 4155 in
432 4103 560 4155 sumtus
592 4081 784 4155 necessarios

141 4178 365 4264 rovideatur,
389 4203 520 4280 petens.
549 4188 596 4253 11.
627 4206 687 4275 75.
716 4182 783 4254 Al-

160 4305 196 4366 e,
221 4280 382 4353 Infantati
401 4301 435 4352 et
452 4283 609 4354 Scalonae
629 4281 784 4355 Ducibus

116 4378 376 4455 Comestabilem
410 4383 695 4478 interpellantibus
730 4402 783 4452 ta-

117 4503 191 4552 cere
212 4481 329 4571 jubet.
354 4485 400 4551 11.
413 4486 471 4575 76.
494 4488 592 4552 Sisam
615 4482 784 4555 tributum

117 4577 153 4651 in
174 4580 301 4673 aliquot
317 4603 423 4651 annos
442 4582 627 4677 proponit.
657 4587 703 4653 ΙΙ.
724 4605 783 4674 77.

118 4678 256 4750 Certior
278 4680 318 4750 fit
349 4705 367 4751 a
390 4680 564 4752 civitatum
593 4682 708 4781 legatis
742 4679 786 4750 de

119 4776 272 4876 vectigali
295 4775 484 4865 hujusmodi
513 4781 714 4879 repudiato.
736 4784 786 4851 11.

117 4880 179 4974 78.
202 4878 280 4960 Plus
304 4877 367 4953 sibi
389 4879 438 4951 de
456 4889 638 4957 Procerum
662 4882 808 4993 rolun·v

885 517 954 572 tate
977 499 1173 598 pollicetur.
1200 512 1248 578 II.
1276 505 1336 600 78.
1364 507 1554 583 Civitatum

885 604 1012 700 legatos
1031 603 1224 698 quiescere,
1257 631 1317 678 nec
1334 611 1475 706 amplius
1498 611 1555 681 in-

883 703 974 796 jussu
1000 725 1062 774 suo
1089 706 1302 778 consultandi
1332 711 1439 807 gratia
1469 711 1554 782 con-

885 802 998 875 venire
1016 804 1133 895 juber.
1158 810 1205 876 II.
1218 807 1279 899 78.
1302 809 1503 881 Antistitum
1521 835 1556 882 e·

887 902 1018 975 dictum
1035 903 1078 974 de
1092 908 1160 977 Sira
1185 905 1229 977 ad
1256 915 1412 979 Proceres
1429 910 1554 981 mittit.

887 1006 1017 1097 1178.
1045 1006 1194 1077 Clericos
1216 1027 1325 1077 cetera
1348 1007 1553 1082 foreimmu·

887 1127 945 1176 nes
982 1104 1176 1202 pollicetur.
1208 1111 1254 1178 ΙΙ.
1284 1108 1344 1201 78.
1391 1110 1555 1200 Joannem

886 1207 1055 1276 Taveram
1069 1205 1284 1278 Cardinalcm
1306 1208 1455 1300 aliosque
1471 1232 1559 1303 qua-

888 1325 969 1376 tuor
1002 1306 1226 1378 internuntios
1248 1315 1430 1379 Procerum
1459 1313 1559 1380 Con·

889 1407 1003 1478 cilium
1042 1405 1132 1476 adire
1163 1407 1281 1495 jubet.
1317 1413 1365 1477 ΙΙ.
1397 1427 1455 1498 79.
1488 1413 1560 1482 Re·

889 1528 1090 1603 sponsuma
1117 1507 1311 1578 Proceribus
1340 1509 1493 1603 accipit,
1524 1526 1561 1580 et

887 1606 1037 1702 ipsontm
1062 1606 1221 1676 Concilio
1245 1630 1302 1704 per
1312 1609 1557 1699 JoannemTa·

887 1728 1001 1775 veram
1025 1704 1240 1776 Cardinalcm
1266 1706 1479 1802 respondet,
1505 1725 1560 1777 at·

887 1829 956 1900 que
979 1804 1014 1875 in
1036 1827 1077 1874 eo
1097 1805 1270 1900 persistit,
1296 1824 1334 1875 ut
1355 1809 1420 1876 Sira
1443 1803 1557 1876 decer·

888 1922 1012 1974 natur.
1035 1907 1082 1972 11.
1109 1904 1165 1972 80.
1188 1910 1328 2001 Propter
1347 1904 1491 1993 justitiae
1514 1926 1555 1976 ac

888 2001 1020 2072 virtutis
1045 2000 1238 2098 opinionem
1272 2026 1368 2073 carus
1400 2002 1558 2076 omnibus

888 2099 1066 2195 Hispaniae
1077 2099 1251 2171 ordinibus
1265 2101 1418 2172 habetur.
1441 2106 1488 2172 II.
1498 2103 1558 2173 82.

888 2206 1070 2274 Procerum
1106 2202 1204 2270 sitam
1239 2200 1457 2292 reficientium
1504 2223 1558 2272 re·

888 2322 1053 2396 sponsum
1069 2297 1211 2396 accipit.
1225 2304 1271 2369 II.
1290 2302 1348 2390 85.
1361 2300 1558 2372 Proceribus

888 2421 1000 2472 rursus
1024 2398 1089 2494 ipse
1113 2421 1172 2493 per
1193 2398 1364 2490 Joannem‘
1390 2401 1558 2474 Taveram

889 2495 1065 2594 respondet
1080 2544 1091 2579 ,
1104 2517 1150 2579 et,
1169 2516 1207 2567 ut
1218 2496 1426 2570 festinantius
1443 2518 1558 2597 agant,

888 2615 1027 2667 monet.
1051 2601 1097 2666 II.
1118 2595 1176 2685 85.
1202 2599 1414 2670 Renuntiato
1435 2605 1559 2668 Proca*-
1589 2670 1591 2673 ,

888 2719 937 2769 res
961 2693 1062 2765 tertio
1086 2714 1271 2789 petere,ut
1295 2699 1362 2787 ejus
1384 2696 1559 2767 voluntate

889 2818 968 2866 curn
984 2792 1159 2866 civitatum
1182 2791 1297 2890 legatis
1323 2795 1498 2865 convenire
1517 2797 1559 2866 li·

889 2913 987 2978 ceat,
1018 2914 1097 2961 cum
1109 2891 1283 2963 stomacho
1304 2891 1492 2989 respondet.
1510 2900 1560 2966 II.

890 2994 948 3085 87.
977 2997 1010 3063 A
1035 2997 1214 3060 Procerum
1235 2995 1392 3064 Concilio
1403 3012 1556 3092 rogatur,

889 3111 929 3163 ut
949 3090 1042 3161 bellis
1069 3089 1211 3161 modum
1234 3091 1386 3188 imponat
1410 3141 1421 3174 ,
1455 3115 1556 3187 seque

888 3190 976 3264 intra
1005 3188 1182 3284 Hispaniae
1206 3189 1287 3262 fines
1311 3193 1491 3262 contineat.
1509 3198 1558 3263 II.

892 3293 949 3384 87.
970 3290 1111 3363 Moleste
1134 3288 1197 3361 fert
1221 3297 1401 3361 Procerum
1420 3312 1557 3386 respon·

889 3413 989 3473 sum,
1013 3411 1085 3482 quo
1113 3387 1230 3458 audito
1238 3439 1249 3472 ,
1264 3390 1380 3484 nequit
1402 3413 1422 3458 a
1449 3389 1557 3461 verbis

889 3489 993 3587 paulo
1027 3486 1247 3583 asperioribus
1278 3508 1472 3584 temperare.
1509 3493 1559 3559 Il.

892 3591 950 3674 89.
978 3588 1083 3657 Dolet
1117 3609 1194 3658 suos
1217 3585 1260 3658 de
1291 3588 1379 3659 bello
1406 3587 1556 3658 Turcico

890 3704 1029 3760 conatus
1058 3689 1217 3780 pecuniae
1245 3687 1358 3783 inopia
1392 3684 1558 3782 impediri.

890 3793 939 3858 ΙΙ.
956 3805 1012 3872 90.
1037 3786 1110 3854 Nec
1128 3784 1206 3869 diu,
1221 3811 1282 3856 nec
1296 3787 1557 3883 intemperanter

893 3885 1046 3957 dolorem
1067 3882 1148 3966 alit,
1172 3884 1229 3957 sed
1250 3886 1481 3983 sapientissime
1498 3910 1553 3955 ra-

890 3982 985 4056 tione
1004 3980 1222 4053 moderatur.
1247 3990 1293 4056 II.
1306 4005 1362 4070 90.
1394 3990 1556 4058 Ceterum

891 4083 979 4158 hanc
998 4082 1163 4180 repulsam
1189 4085 1254 4154 alta
1283 4103 1395 4155 mente
1411 4082 1556 4179 reponit.

891 4188 940 4256 ΙΙ.
979 4199 1038 4268 90.
1072 4183 1192 4273 Joanni
1225 4185 1372 4253 Genesio
1402 4183 1558 4278 Sepulve·

892 4282 955 4353 dae
983 4280 1024 4351 de
1056 4282 1218 4351 Castellae
1250 4281 1408 4355 Concilio
1441 4281 1557 4354 Toleti

892 4378 1010 4456 habito
1023 4382 1224 4452 memoranti
1236 4379 1429 4478 respondet:
1456 4393 1490 4452 ln
1502 4383 1558 4451 ista

892 4481 1050 4563 Cantilia,
1075 4503 1164 4573 quam
1190 4506 1297 4576 parum
1323 4484 1465 4577 passim,
1497 4483 1557 4576 ipse

894 4581 972 4651 tensi
982 4625 993 4647 .
1005 4582 1051 4648 II.
1069 4598 1128 4664 91.
1146 4581 1271 4671 Joanni
1284 4581 1428 4653 Genesio
1442 4580 1557 4675 Sepul-

891 4677 994 4750 vcdae
1019 4679 1254 4775 percunctandi
1277 4703 1380 4753 exeo
1413 4679 1557 4752 faculta-

891 4797 963 4849 tem
989 4779 1142 4850 concedit
1166 4779 1208 4849 de
1239 4780 1336 4851 rebus
1363 4801 1422 4876 per
1448 4781 1555 4874 ipsum

890 4880 1013 4978 gestis.
1043 4884 1090 4953 ΙΙ.
1107 4900 1167 4970 91.
1202 4886 1357 4959 Proceres
1391 4877 1555 4989 dnuttit,

1509 4993 1545 5046 et
