3998 5850
494 429 574 516 500
876 411 960 493 ιιιι
989 410 1190 493 Rursus
1235 409 1466 495 oestro

453 569 608 714 regali
624 561 889 670 caerimonia
925 560 1064 666 factae
1102 562 1421 711 celebrataeque
1460 599 1587 673 sunt.

512 723 717 814 XXXIII.
775 721 825 809 In
876 708 1067 850 Regiam
1102 747 1206 809 eum
1241 747 1350 811 esset
1389 746 1635 828 reversum,
1651 707 1766 812 ubi
1798 751 1901 855 epu
1983 746 1988 759 ·

457 856 549 971 lum
583 853 904 996 prandiumque
945 889 1036 952 erat
1074 851 1220 995 Regio
1268 853 1429 955 scilicet
1475 889 1684 1016 ιΡΡιιιιιι
1744 854 1899 956 ιιιιιιιι-

456 1034 632 1119 ctum,
664 1010 758 1100 Rex
795 1031 838 1094 et
869 994 1040 1137 Regina
1088 1034 1297 1159 ‘cumque
1332 995 1398 1096 his
1450 996 1688 1136 Episcopus
1728 996 1903 1099 Unche

455 1142 609 1242 strinus
650 1177 832 1280 magnus
866 1136 1185 1259 cancellarius,
1214 1139 1293 1278 qui
1329 1136 1376 1239 in
1414 1139 1619 1280 patranda
1655 1177 1702 1238 re
1754 1138 1902 1241 divina

457 1319 502 1385 et
535 1282 818 1387 matrimonio
858 1277 1113 1381 celebrando
1148 1280 1399 1421 principem
1437 1281 1611 1381 locum
1623 1278 1898 1402 obtinuerat,

447 1419 536 1526 ¹uni
573 1465 745 1528 mensae
785 1423 1109 1540 accubuerunt,
1140 1464 1191 1522 ex
1232 1420 1496 1566 proceribus
1517 1422 1768 1523 Britanniae
1813 1464 1902 1525 uno

456 1570 605 1709 Regi,
636 1569 770 1668 altero
798 1568 1028 1707 Reginae,
1067 1566 1146 1726 qui
1188 1565 1334 1666 dextra
1379 1605 1514 1666 manu
1548 1603 1677 1665 suurn
1716 1566 1901 1707 quisque

458 1711 692 1810 sublimem
730 1708 1198 1948 ensem‚sedqvag1na
1227 1708 1465 1808 inclusum
1476 1705 1721 1826 tenebant,
1760 1745 1897 1810 astan

459 1850 612 1952 tibus.
613 1852 837 1951 Eodem
863 1885 1056 1989 tcmpoe
1088 1861 1262 1989 Regum
1310 1850 1442 1991 legati
1480 1887 1523 1951 et
1559 1888 1761 1991 proceres
1809 1885 1897 1951 tum

355 2112 358 2119 ¹
457 1996 543 2095 His
576 1956 679 2112 arii,
718 2030 836 2093 tum
848 1992 979 2092 etiam
1015 1990 1240 2110 Britanni,
1281 1992 1478 2133 itemque
1514 2031 1673 2152 magna
1705 1993 1894 2093 vitorum

457 2173 501 2237 et
535 2033 800 2237 limiriarum
825 2132 1044 2233 nobilium
1077 2069 1309 2232 multititdo
1337 2174 1412 2274 per
1448 2135 1673 2275 disposrtas
1712 2174 1896 2254 mensas,

457 2279 581 2379 lautis
621 2279 837 2418 regiisque
894 2275 1087 2436 epulis
1075 2311 1298 2375 1nstructas
1362 2274 1698 2377 discubuerunt.
1752 2289 1918 2376 Sumto

456 2422 559 2522 cibo
597 2457 748 2518 omnes
771 2420 827 2518 in
865 2416 1217 2556 capacissimum
1229 2419 1432 2518 conclave
1464 2453 1789 2532 convenemnt,
1815 2417 1898 2517 bo

458 2601 653 2701 namque
713 2558 872 2699 reliqui
918 2559 1002 2659 diei
1013 2596 1220 2719 ‘partem
1261 2561 1578 2718 jucundissimis
1636 2559 1895 2660 sermonibus

459 2741 504 2803 er
547 2702 746 2865 tripudiis
805 2699 1133 2853 numerosisque
1196 2700 1488 2802 saltationibus
1541 2707 1884 2806 consumserunts

458 2846 521 2947 ita
560 2881 608 2945 ut
656 2884 745 2986 rpse
785 2883 964 2984 quoque
996 2853 1090 2946 Rex
1107 2881 1210 2945 cum
1242 2844 1414 2986 Regina
1444 2883 1565 2947 more
1604 2845 1765 2946 scilicet
1792 2882 1895 2985 gen-

459 2989 512 3087 tis
541 2987 735 3089 saltaret.

464 3137 744 3228 XXXIV.
817 3128 995 3269 Vesperi
1035 3140 1159 3290 Rege
1207 3115 1481 3295 Reginaque
1497 3172 1523 3231 a
1558 3095 1688 3233 turba
1732 3129 1895 3273 digres-

457 3269 550 3389 sis,
587 3305 631 3370 et
670 3305 832 3370 secreto
867 3271 1224 3433 separatimque
1238 3277 1471 3395 coenatis,
1507 3276 1747 3416 Episcopus
1785 3274 1895 3372 idem

459 3412 718 3512 Sacramenti
756 3411 1006 3573 nuptiarum
1041 3412 1292 3515 administer
1328 3415 1521 3516 thalamo
1581 3415 1804 3679 thoroque
1826 3454 1898 3514 nu·

459 3554 584 3693 ptiali
620 3553 868 3656 Christiano
907 3588 950 3653 et
983 3554 1260 3696 religioso
1226 3593 1312 3656 ntu
1344 3558 1567 3660 benedixit
1635 3592 1678 3655 et
1739 3596 1899 3658 oecun·

462 3696 644 3855 ditarem
676 3735 724 3796 ac
757 3640 1196 3860 sobolisjdicitatem
1228 3733 1421 3838 precatus
1452 3737 1540 3801 est.
1575 3698 1790 3800 Postridie
1810 3711 1900 3801 Rex

461 3835 511 3936 in
547 3836 727 3977 publico
765 3837 915 3938 cibum
954 3840 1139 3959 sumsit,
1175 3841 1291 3980 ipsa
1288 3880 1410 3942 vero
1462 3881 1577 3943 nova
1565 3877 1749 4002 nupta
1802 3881 1899 3942 mo·

460 3979 584 4078 desto
617 3981 887 4120 Reginarum
918 4017 1042 4079 more
1072 4057 1088 4100 ,
1118 4020 1230 4121 quae
1263 3982 1471 4124 postridie
1512 3982 1645 4124 primi
1695 3983 1899 4083 maritalis

460 4158 708 4273 congressus
739 4120 970 4221 hominum
1007 4160 1288 4288 conspectum
1319 4126 1453 4226 vitare
1490 4126 1668 4245 solent,
1705 4166 1793 4226 sese
1827 4126 1895 4223 in·

461 4297 526 4361 tra
565 4264 827 4364 cubiculares
865 4262 1044 4402 parietes
1072 4266 1318 4369 continuit.
1378 4280 1542 4369 Interea
1578 4307 1776 4409 proceres
1825 4304 1896 4365 ce·

456 4408 648 4544 'seraque
678 4408 973 4548 Hispanorum
1026 4406 1268 4507 nobilitas
1267 4446 1329 4508 et
1349 4409 1487 4511 aulica
1524 4407 1649 4510 turba
1690 4411 1745 4509 ad
1794 4446 1902 4548 por·

353 4614 356 4619 <
459 4576 554 4643 tum
583 4547 728 4648 reltcta
756 4589 807 4648 ex
850 4546 1031 4649 navibus
1072 4536 1362 4653 Unclrestrum
1393 4553 1620 4667 confluere
1657 4591 1754 4654 non
1793 4551 1903 4651 desi

456 4720 618 4789 stunt
608 4752 620 4796 ι
658 4689 905 4830 exquibus
943 4688 1126 4832 Albani
1149 4693 1286 4832 Ducis
1333 4699 1452 4797 ιιιοι
1474 4738 1501 4796 ι
1534 4693 1765 4836 Regina,
1805 4733 1906 4796 cum

834 4886 836 4890 ,
1840 4879 1903 4939 sa„
