4110 5888
422 368 530 438 XLII.
612 423 614 428 .
875 349 1378 427 SUMMARIUM.

400 489 487 578 inde
513 484 774 573 Castellionem
808 480 1063 600 progreditur.
1158 483 1338 565 Genuam
1375 477 1426 565 ad
1450 473 1577 564 Caroli
1615 481 1727 592 patris
1762 478 1858 600 lega·

461 609 511 691 X.
570 604 748 694 Postridie
773 603 990 715 Rhodopen
1018 629 1104 715 pro·
1159 625 1241 683 tum
1282 595 1442 704 scribit,
1467 595 1534 712 qui
1579 625 1716 683 navem
1761 628 1862 686 com·

404 725 531 829 cedit,
552 752 633 839 quo
663 749 801 837 magna
829 719 1100 832 Hispanorum,
1161 741 1289 805 meatu
1309 738 1485 802 onustam
1513 713 1581 804 sibi
1610 715 1764 805 obviam
1784 720 1865 808 mit«

404 843 641 947 Sicularum,
676 836 1038 951 Neapolitanatum,
1066 860 1108 923 et,
1161 857 1238 921 tat.

405 960 664 1045 Genuensium
674 955 877 1041 triremium
886 952 1003 1041 classis
1016 981 1102 1037 con·
1219 954 1310 1038 XV.
1368 953 1507 1039 sedata
1538 976 1783 1069 tempestate,
1811 957 1864 1047 ad

363 1182 365 1185 ¹
406 1101 578 1168 venerat.
624 1074 686 1160 Ad
707 1097 878 1189 ‘portum
918 1070 1110 1157 accedenti
1162 1068 1387 1160 Stoechadas
1428 1069 1566 1156 insulas
1607 1073 1865 1188 progreditur,

406 1196 575 1309 Philippo
609 1192 777 1278 Andreas
807 1189 926 1273 Doria
955 1188 1110 1274 obviam
1162 1188 1230 1275 ubi
1271 1188 1379 1275 navis
1416 1188 1687 1277 commeatibus
1726 1216 1863 1279 onusta

406 1313 557 1430 prodit,
573 1334 611 1394 et
633 1310 672 1394 in
697 1305 833 1421 scapha
857 1304 1022 1422 regaliter
1054 1304 1110 1389 in·
1163 1306 1247 1392 satis
1274 1328 1492 1422 opporttute
1513 1306 1694 1392 occurrit.
1715 1310 1864 1426 Magna

408 1455 546 1516 structa
580 1451 777 1541 exceptum
813 1425 851 1508 in
887 1423 1111 1539 praetoriam
1162 1448 1441 1513 tormentorum
1467 1423 1617 1512 bombis
1640 1421 1741 1511 facta
1761 1430 1862 1514 aNi-

407 1549 716 1665 quinqueremem
736 1541 879 1663 ingenti
897 1540 1112 1663 gratulatio-
1160 1571 1252 1627 caea
1280 1546 1460 1628 Genuam
1494 1570 1618 1660 usque
1640 1543 1864 1659 gratulatio.

282 1695 286 1704 ¹
411 1695 461 1751 ne
492 1664 662 1755 deducit.
1161 1660 1367 1748 Sabaudiae
1395 1659 1514 1745 Ducis
1538 1659 1803 1774 amplissimum
1823 1687 1864 1751 et

364 1862 366 1865 ,
469 1786 535 1867 Xl.
595 1780 858 1872 Castellionem
888 1780 1025 1868 eodem
1047 1783 1115 1869 die
1162 1779 1410 1895 gratissimum
1429 1776 1650 1863 cibariorum
1675 1810 1831 1867 munus.

409 1899 595 2018 Philippus
630 1899 780 1987 revertit
794 1959 809 2004 ,
844 1923 882 1984 et
917 1897 1113 2013 profectio*
1222 1899 1333 1984 XVI..
1388 1898 1563 1983 savonae
1605 1921 1759 2012 portum
1807 1901 1863 1985 in-

410 2045 498 2107 nem
507 2014 646 2125 differt,
661 2019 755 2104 dum
769 2016 1008 2104 commodior
1021 2041 1113 2103 tem
1162 2038 1267 2119 trat,
1283 2043 1368 2132 quo
1381 2018 1606 2116 ¹Genuenses
1630 2014 1761 2132 legati,
1777 2020 1864 2104 Car·

410 2159 530 2251 pertas
553 2136 606 2224 ael
636 2134 893 2251 navigandum
930 2159 1115 2248 exspecta-
1165 2132 1303 2218 diuales
1333 2158 1372 2219 et
1395 2132 1519 2217 Italiae
1549 2132 1730 2246 Principes
1768 2163 1860 2220 non-

408 2277 488 2371 tur.
522 2252 731 2372 Principum
746 2251 934 2353 uirorum,
949 2253 1016 2368 qui
1029 2251 1116 2338 illuc
1164 2249 1256 2334 nulli
1276 2247 1387 2336 officii
1417 2249 1535 2366 gratia
1562 2247 1784 2338 confluunt..
1871 2320 1873 2323 a

410 2369 696 2474 confirmerant,
717 2368 813 2454 tituli
835 2393 874 2452 et
905 2368 1081 2456 nomina..
1221 2371 1343 2466 xuni
1401 2367 1531 2452 Classis
1555 2396 1601 2453 ex
1618 2373 1768 2455 Savona
1783 2401 1864 2483 pro

423 2556 428 2559 γ
468 2490 556 2574 ΧΠ..
623 2486 708 2574 Kal.
738 2486 968 2575 Novembris
1001 2492 1114 2573 Astu*
1164 2482 1302 2572 sectio..
1347 2485 1589 2573 Astoticensis
1634 2486 1867 2573 Marchionis

410 2635 495 2690 rum
524 2604 694 2720 Princeps
727 2633 819 2691 cum
847 2605 984 2690 intimis.
1007 2602 1114 2690 fami·
1163 2602 1225 2689 filii
1254 2605 1352 2688 circa.
1381 2607 1542 2689 Genuae
1571 2605 1731 2718 pharum
1760 2667 1773 2710 ,
1801 2606 1873 2689 tri«

410 2723 559 2812 liaribus.
596 2722 906 2841 quinqueremem
937 2751 1117 2827 conscen·
1164 2723 1256 2808 remi
1284 2719 1417 2828 fracta,
1436 2718 1690 2838 naufragium.

411 2841 502 2947 dit,
534 2839 752 2960 eodemque·
782 2839 906 2927 modo.
941 2845 1120 2927 Proceres
1222 2838 1361 2926 XVIII.
1425 2845 1672 2926 Genuensem
1712 2864 1875 2956 portum·

411 2987 526 3045 naves
570 2960 636 3044 sibi
678 2958 892 3047 attributas·
935 2960 1115 3047 Postridie
1164 2959 1350 3046 subeunte
1379 2957 1494 3043 classe·
1530 2959 1662 3075 ingens
1694 2987 1745 3045 ex.
1781 2990 1864 3074 pro

412 3072 589 3166 Andreas
623 3076 747 3166 Doria.
781 3072 1022 3194 profectionis
1074 3078 1120 3165 si·
1165 3076 1380 3193 pugnaculis
1402 3075 1597 3164 salutatio..
1623 3075 1874 3191 Philippusin-

413 3222 536 3317 gnum
561 3195 646 3280 dat.
1164 3196 1341 3282 Andreae
1360 3195 1506 3279 Dotiae
1526 3193 1753 3308 praetorium
1779 3195 1868 3280 sub·

472 3313 571 3397 Xlll.
630 3310 820 3429 Philippus
838 3308 962 3396 littora
991 3310 1121 3429 legens
1165 3315 1355 3399 urbanum
1383 3311 1556 3430 regaliter
1580 3310 1812 3400 adornatum.
1843 3342 1872 3398 a,

412 3428 531 3519 tertio
554 3427 619 3517 die·
637 3453 789 3546 portum
805 3429 960 3517 Venetis
985 3428 1121 3535 intrat,
1166 3430 1428 3518 Genuensitun
1455 3433 1605 3534 Duce,
1635 3427 1806 3544 itemque
1843 3458 1874 3517 a.

413 3545 646 3633 etidoneam
667 3569 928 3660 tempestatem
946 3574 1117 3660 spectans:
1166 3547 1426 3634 Cardinalibus
1444 3544 1565 3634 Doria
1590 3569 1635 3632 et
1660 3546 1762 3634 Cibo
1805 3575 1875 3634 ex-

414 3662 680 3776 Pctpinianum
713 3662 854 3748 invisit.
899 3664 967 3751 Ad
1003 3693 1122 3750 naves
1166 3664 1320 3780 cipitur..
1421 3768 1428 3772 ⁷

415 3807 487 3894 per
500 3778 640 3865 Elnam
657 3804 847 3869 reuertens.
866 3809 950 3864 non
977 3782 1120 3868 medio·-
1225 3785 1328 3871 XIX.
1388 3781 1635 3896 Principum,
1653 3787 1872 3897 Rerumque

413 3925 476 4099 {i
493 3895 701 4099 Alli?
718 3896 969 4103 llll&
993 3900 1120 3986 ‘⁰³³³'
1168 3896 1878 4103 gpgagtmpfflgaaagg

432 4055 464 4105 μ
571 4093 574 4098 .
1341 4049 1407 4101 orn
1457 4048 1483 4102 o
1569 4092 1571 4098 .
1854 4063 1874 4085 «-

474 4133 578 4216 XIV'.
638 4130 731 4217 Dies
764 4132 914 4246 aliquot·
952 4161 1121 4222 oommo-
1167 4159 1227 4220 tus
1264 4135 1437 4238 Veneti,
1469 4046 1731 4250 ali'otumqgtii'¹
1747 4134 1877 4219 ltaliaew

415 4247 524 4336 diore
565 4273 787 4362 tempestate:
827 4247 966 4336 frustra
1001 4279 1124 4368 exspe-
1168 4249 1380 4366 Principum
1428 4250 1659 4368 legationes..
1703 4250 1878 4336 Civitatis.

415 4367 699 4472 crata,statuit,
721 4395 960 4484 quacumque
975 4369 1119 4454 ratione
1169 4369 1444 4484 Neapolitanae·
1471 4399 1610 4454 munus
1635 4367 1761 4481 magni
1792 4397 1877 4479 pte··

415 4482 550 4589 detur,
586 4484 785 4598 procedere
796 4545 811 4567 .
842 4490 969 4603 Aegre
1008 4486 1120 4605 igitur
1169 4488 1235 4573 tii..
1276 4489 1413 4603 Legati.
1455 4485 1661 4570 vicissima
1699 4482 1871 4597 Philippo

413 4625 550 4685 contra
575 4625 709 4689 ventos
746 4603 902 4687 nitendo
943 4605 996 4688 ad
1032 4610 1118 4690 Fos-
1169 4606 1223 4687 ad·
1250 4605 1409 4688 Paulum
1430 4599 1653 4686 Pontificem.
1678 4603 1878 4692 Senatum·

413 4744 493 4806 sam
537 4719 750 4808 Marianam
786 4719 984 4837 pervenit,
1016 4723 1135 4810 unde·
1170 4747 1245 4837 que
1268 4724 1464 4810 Venetum
1487 4716 1598 4804 missi.

1795 4777 1881 4924 u„
