4192 5858
457 397 542 491 μα
850 382 935 462 os:
974 383 1176 463 ansus
1216 381 1441 465 crsrrs

482 555 535 643 11.
611 549 745 656 Huc,
781 535 926 676 paucis
966 533 1117 636 diebus
1157 535 1394 668 interjectis
1428 613 1444 655 ,
1480 532 1733 639 nuntiatum
1768 575 1855 660 est,

413 685 643 786 Albettum
674 679 1102 819 Brandebutgensem
1140 678 1482 795 Marchionem,
1516 681 1570 779 de
1609 719 1703 821 quo
1744 721 1865 821 supra

412 827 686 927 mentionem
725 816 941 939 fecimus,
978 819 1143 921 amissis
1180 814 1373 963 fusisque
1412 821 1590 961 copiis,
1626 823 1782 923 vivum
1817 824 1864 922 in

412 970 546 1072 Ducis
586 965 790 1068 Saxoniae
840 1002 992 1063 manus
1029 961 1297 1103 pervenisse.
1363 962 1565 1090 Albettus
1613 965 1732 1066 enirn
1787 1005 1864 1065 nec

412 1153 516 1215 cum
550 1123 673 1249 Rege
713 1148 788 1224 se,
823 1146 902 1205 nec
936 1117 1036 1204 cum
1073 1106 1328 1223 Mauricio,
1362 1105 1442 1245 qui
1481 1106 1643 1230 diversi
1677 1108 1725 1207 in
1758 1147 1863 1247 pro-

409 1256 579 1395 pinquo
627 1247 733 1348 locis
781 1245 1073 1387 opportunis,
1115 1244 1187 1346 hic
1238 1247 1293 1346 ad
1330 1245 1648 1385 Fraibergam,
1694 1249 1767 1350 ille
1810 1250 1864 1348 ad

407 1397 622 1530 Tressem:
644 1389 925 1490 morabantur
957 1465 973 1508 ,
1001 1396 1286 1520 conjunxerat
1320 1429 1332 1495 3
1371 1390 1442 1490 sed
1472 1386 1537 1527 l³d
1570 1390 1865 1529 Roquelizum

407 1541 658 1639 consederat
696 1531 812 1651 ,cui
851 1531 1024 1629 castello
1059 1531 1214 1630 mulier
1252 1529 1384 1629 vidua
1421 1530 1611 1672 Philippi
1652 1541 1864 1683 Lantgra-

410 1683 474 1783 vii
511 1716 632 1781 soror
663 1671 970 1813 imperitabat.
1021 1682 1145 1771 Haec
1173 1673 1321 1772 dolose
1358 1673 1573 1773 conviviis
1594 1673 1864 1813 choreisque

409 1862 452 1925 et
489 1819 686 1961 tripudiis
723 1815 986 1951 Germanico
1025 1853 1151 1913 more
1185 1851 1277 1914 tarn
1317 1813 1590 1954 indulgenter
1634 1813 1863 1915 Albertum

408 1965 628 2081 habebat,
653 1995 701 2060 ut
729 1959 763 2057 is
803 1996 950 2058 curam
985 1992 1126 2056 rerum
1159 1956 1444 2074 bellicarum,
1478 1956 1710 2095 plusquam
1761 1964 1865 2055 stre-

406 2148 544 2208 nuum
580 2118 751 2206 Ducem
790 2100 993 2214 deceret,
1025 2096 1274 2236 praesertim
1324 2095 1372 2194 in
1411 2130 1528 2199 tanta
1571 2096 1707 2196 hostis
1761 2135 1860 2236 pro

408 2249 680 2390 pinquitate,
714 2241 931 2342 remittere
965 2274 1222 2380 cogeretur.
1261 2248 1365 2336 Dux
1409 2239 1529 2339 enim
1560 2247 1754 2376 Joannes
1793 2251 1865 2337 Fe·
1928 2301 2037 2316 «-

408 2393 571 2490 deticus
602 2390 657 2486 ad
695 2395 876 2482 Gartem
909 2420 1002 2479 non
1041 2380 1224 2520 amplius
1256 2379 1505 2479 duodecim
1559 2380 1697 2479 millia
1756 2419 1856 2519 pas-

410 2570 537 2632 suum
570 2566 669 2657 cum
712 2546 876 2665 magno
924 2521 1122 2662 equitatu
1160 2557 1206 2620 et
1241 2521 1440 2660 peditatu
1477 2517 1661 2635 aberat,
1697 2522 1777 2660 qui
1815 2525 2043 2622 de:

408 2673 530 2775 rebus
563 2663 768 2769 omnibus
803 2696 857 2763 et'
884 2662 1057 2763 Albetti
1107 2661 1370 2803 negligentia
1409 2663 1575 2762 nuntiis
1628 2662 2045 2804 litterisque-:3

411 2812 600 2914 mulieris
634 2847 737 2908 cum
774 2802 894 2905 fieret
929 2804 1127 2945 quotidie
1162 2803 1349 2927 certior,
1374 2803 1545 2904 silentio
1582 2805 1726 2905 noctis
1764 2843 2041 2944 pto-—

412 2951 578 3070 fectus,
607 2984 842 3087 antequam
874 2947 1164 3062 illucesceret,
1201 2944 1465 3084 improvisus
1498 2949 1645 3047 adest.
1709 2945 2042 3048 Albes—

413 3131 478 3195 tus
517 3121 698 3209 autern,
737 3089 827 3196 sive
860 3087 1089 3187 moenium
1134 3085 1375 3187 infirmitati
1425 3083 1589 3188 diffisus
1622 3164 1639 3208 ,
1677 3087 1769 3215 siue
1824 3125 1939 3189 ur
2022 3126 2039 3190 t

413 3236 513 3336 suis¹
535 3229 828 3333 laborantibus
866 3267 998 3369 opem
1032 3222 1163 3329 ferret
1196 3229 1322 3368 (pars
1358 3229 1479 3330 enim
1513 3228 1569 3330 ad
1599 3228 2024 3332 suburbium

414 3378 722 3509 consederat),
761 3371 909 3510 copias
943 3370 1116 3478 educit3
1148 3406 1393 3512 temereque
1433 3371 1597 3510 praelio
1635 3411 1840 3473 conserto
2008 3449 2025 3490 ,

416 3517 635 3658 equitibus
662 3512 924 3654 *quingentis
979 3511 1142 3613 amissis
1185 3591 1201 3633 ‚
1239 3549 1283 3612 et
1335 3511 1509 3654 reliquis
1558 3513 1694 3653 copiis
1740 3511 1845 3616 fusis
2006 3589 2022 3630 ,

418 3661 651 3798 multisque
710 3654 938 3754 vulneratis
978 3687 1020 3752 et
1067 3653 1252 3794 captis,
1295 3654 1385 3793 ipse
1420 3693 1640 3798 quoque,
1678 3655 1809 3755 licet
1832 3690 2017 3757 s==2e

419 3797 591 3931 fortiter
625 3837 757 3900 manu
792 3791 1073 3915 defenderet,
1097 3797 1223 3898 vivus
1256 3797 1476 3898 tamenin
1508 3833 1769 3939 potestatem
1802 3797 2012 3897 hc:

422 3944 553 4043 atium
592 3938 815 4082 pervenit.

469 4096 537 4185 ΙΙΙ.
590 4080 919 4223 Argentinenses
952 4119 1135 4221 quoque
1172 4080 1448 4223 magistratus
1493 4080 1712 4224 legatique
1744 4090 2004 4182 Not-'⁴

419 4225 586 4367 lingam
625 4225 681 4325 ad
717 4220 926 4334 Carolum
962 4260 1174 4322 venerunt
1210 4262 1223 4328 3
1269 4258 1312 4322 et
1378 4261 1627 4364 uamquam
1666 4232 1838 4367 Argent
1859 4209 1996 4321 ‘fi-

421 4403 570 4466 ncnses
625 4404 727 4466 cum
770 4364 1057 4505 superioribus
1109 4263 1445 4505 Imperatotibus
1500 4365 1681 4507 superbe
1741 4407 1787 4466 se
1842 4387 1989 4458 εἰ

421 4545 669 4646 arroganter
702 4534 948 4647 gesserant,
987 4543 1066 4617 nec
1096 4507 1181 4606 ulli
1216 4508 1341 4647 plane
1381 4508 1429 4606 in
1465 4509 1712 4608 clientelam
1760 4509 1974 4608 dica-⁴

423 4684 611 4769 verant,
647 4690 672 4748 a
710 4648 874 4750 Carolo
905 4684 1056 4750 tamen
1102 4647 1275 4752 vertiam
1324 4650 1534 4792 supplices
1591 4651 1887 4802 petiverun[
1932 4715 1950 4755 J
2077 4687 2079 4696 “

1809 4821 1929 4887 CL·-
