4034 5858
507 433 593 526 534
874 424 958 506 nu
1005 423 1228 506 ausus·
1259 424 1486 508 essars
1608 532 1616 537 N

461 588 694 732 posceret,
729 618 823 683 non
860 580 1155 725 denegabat,
1191 585 1250 683 ‘et'
1270 584 1327 683 ad
1377 620 1532 726 rogata
1581 585 1709 725 plane
1762 583 1920 693 sincere

464 771 514 831 ac
551 769 687 870 paene
723 725 923 867 religiose
980 723 1305 868 respondebam
1340 729 1410 827 ad'
1443 767 1697 849 summam,
1732 767 1786 831 ur
1830 735 1917 875 ipse

463 873 576 979 mibi
612 872 659 973 in
708 873 916 1012 quodam.
959 870 1188 1012 colloquio
1231 907 1433 1011 oportere
1470 871 1627 991 dixit,
1673 912 1801 975 more
1850 918 1917 978 eo·

462 1057 596 1138 turn,
632 1014 714 1157 qui
747 1012 1046 1115 Sacerdotibus
1098 1053 1175 1114 sua
1226 1014 1384 1115 delicta
1419 1012 1691 1118 Christianae
1746 1018 1921 1159 religio·

461 1161 530 1261 nis
564 1158 917 1298 sacramentique
962 1196 1091 1259 causa
1126 1156 1421 1258 confitentum
1469 1168 1589 1260 Cum
1624 1152 1796 1259 factum
1828 1163 1921 1302 'igi-⁴

462 1338 560 1423 tur,
599 1304 655 1402 de
692 1342 784 1443 quo
821 1299 1113 1423 dubitabam,
1149 1301 1514 1443 proposuissem,
1547 1336 1591 1400 et
1624 1336 1824 1402 accurata
1872 1345 1917 1404 o*

463 1447 661 1566 ratione,
697 1478 745 1544 ut
779 1487 804 1546 a
838 1457 911 1547 me
962 1440 1101 1547 fiterat
1153 1445 1395 1587 scriptum,
1431 1443 1698 1563 retulissem,
1736 1448 1914 1587 negavit

432 1591 508 1688 'se
534 1585 636 1689 facti
673 1598 764 1719 ejus
787 1587 1057 1689 meminisse.
1104 1600 1212 1710 Quo
1248 1625 1455 1728 responso
1474 1588 1775 1688 conturbatus
1813 1629 1917 1730 ego,

464 1768 782 1871 metuensque,
820 1771 873 1830 ne
888 1767 934 1832 'a
969 1768 1042 1831 me
1076 1731 1228 1832 leviter
1279 1731 1328 1830 in
1367 1728 1502 1871 ipsius
1537 1727 1726 1869 gratiam
1782 1732 1916 1833 confi·

463 1908 585 1975 ctum
620 1913 707 1973 esse
743 1909 949 2014 putatet,
976 1910 1203 1976 auctorem
1238 1872 1503 1975 nominavi.
1536 1878 1669 1972 'Tunc
1708 1874 1805 2011 ipse
1840 1876 1914 1974 rni-

465 2053 579 2117 tatus
615 2055 752 2156 pauca
801 2015 1210 2135 commemoravit,
1247 2053 1359 2157 quac
1408 2015 1732 2117 adolescentem
1783 2016 1911 2119 videri

463 2194 662 2301 poterant
696 2160 745 2261 in
779 2199 968 2262 errorem
1004 2158 1223 2260 induxisse
1251 2196 1263 2264 3
1297 2156 1402 2259 nam
1439 2191 1488 2259 et
1517 2156 1606 2258 boc
1641 2159 1914 2260 animadver-

461 2302 533 2421 ti,
571 2304 716 2442 ipsum
752 2338 927 2443 peccata
962 2337 1006 2402 et
1041 2301 1188 2440 culpas
1223 2301 1404 2400 suorum
1439 2301 1622 2402 solitum
1656 2341 1749 2403 esse
1782 2300 1914 2402 libem

465 2478 566 2564 tet,
602 2446 750 2584 quoad
786 2443 880 2544 lieri
916 2479 1093 2584 posset,
1130 2478 1363 2560 excusare3
1391 2443 1467 2541 sed
1502 2443 1550 2543 in
1585 2483 1642 2543 eo
1679 2440 1916 2585 perstabat,

333 2688 338 2696 ,
465 2620 515 2686 ut
551 2623 698 2687 tamen
732 2597 822 2718 ejus
856 2581 962 2688 facti
996 2626 1040 2686 se
1075 2585 1326 2687 meminisse
1362 2620 1573 2725 negaret:
1604 2596 1694 2722 Ego
1715 2625 1798 2688 otro
1819 2618 1910 2718 per·

464 2736 698 2850 cunctabor,
733 2731 914 2872 inquam
954 2806 979 2850 ‚f
1004 2737 1247 2831 Franciscum
1280 2733 1421 2830 Cottum
1450 2758 1490 2828 et
1525 2731 1757 2828 Poenorum
1775 2738 1911 2827 ‘Gratt-

463 2879 638 2993 nattam,
672 2915 766 3008 quos
799 2880 934 3012 abque
964 2877 1059 2973 soles
1096 2878 1136 2970 in
1169 2875 1364 2973 consilium
1399 2874 1603 2970 adbibere.
1655 2877 1789 2971 Tunc
1821 2871 1917 2990 ille,

463 3053 618 3116 cavens
654 3017 858 3134 scilicet,
902 3053 1046 3154 nequa
1078 3012 1251 3116 ratione
1287 3051 1352 3113 res
1369 3090 1373 3097 ·
1389 3010 1540 3113 fictitia
1571 3045 1696 3114 *tanta
1730 3049 1915 3154 praeset-

464 3155 562 3256 tim
584 3196 666 3297 pro
702 3195 803 3260 veta
837 3157 886 3258 in
906 3155 1147 3257 rhistoriam
1199 3149 1468 3276 inferretur,
1502 3193 1613 3255 neve
1659 3194 1792 3258 suum
1843 3195 1914 3255 no·

464 3334 569 3399 men
605 3296 717 3400 falsis
751 3299 952 3401 laudibus
987 3299 1272 3399 celebraretur
1314 3308 1496 3399 :Omitte
1530 3376 1546 3418 ,
1579 3296 1771 3438 inquit,
1806 3337 1913 3435 quat·

464 3480 579 3549 τινες
615 3449 701 3543 haec
739 3453 836 3542 enim
870 3481 931 3542 res
967 3482 1040 3543 non
1069 3471 1181 3579 gesta
1218 3472 1308 3562 est,
1348 3445 1414 3541 sed
1445 3448 1724 3543 commentitia.

554 3594 762 3684 XXXIII.
836 3585 1048 3684 Eamdem
1101 3582 1241 3685 animi
1282 3582 1526 3685 libertatem
1582 3619 1625 3685 et
1660 3579 1794 3686 falsae
1828 3583 1917 3685 lau·

466 3725 533 3826 dis
568 3763 843 3827 contemtum
893 3727 941 3827 in
991 3724 1236 3827 cohibenda
1272 3728 1395 3828 Pauli
1426 3727 1562 3863 jovii
1607 3728 1792 3830 avaritia
1834 3764 1918 3828 non

466 3868 648 3971 obscure
683 3869 863 3971 Carolus
897 3869 1153 3971 declaravit.
1193 3870 1348 3972 Paulus
1364 3921 1365 3924 Ν
1383 3873 1503 3973 enim
1540 3871 1734 4006 Joviut,
1769 3871 1916 3972 Latine

375 4124 378 4128 A
464 4013 619 4114 doctus
655 4012 701 4114 in
735 4012 886 4154 primis
922 4048 966 4112 et
1001 4012 1255 4152 eloquens,
1298 4015 1377 4154 qui
1411 4014 1663 4116 Historiam
1696 4017 1916 4116 universa·

464 4154 550 4256 lent
586 4158 653 4257 sui
687 4191 775 4255 tern
809 4154 897 4255 oris
933 4154 1266 4276 conscribebat,
1303 4159 1599 4278 Bononiam,
1623 4160 1703 4261 ubi
1741 4156 1915 4263 Carolus

463 4302 648 4422 aderat,
682 4195 898 4442 prodictus
936 4333 1030 4419 est,
1058 4301 1222 4441 grande
1258 4300 1442 4444 aliquod
1476 4341 1635 4403 munus
1670 4302 1731 4405 ab
1766 4341 1816 4402 to
1832 4297 1917 4398 IIi-

463 4443 622 4542 storiae
674 4482 799 4543 causa
835 4442 1100 4585 impetrandi
1135 4441 1317 4546 fiducia.
1371 4446 1506 4547 Venit
1548 4483 1698 4548 autem
1740 4448 1924 4550 Alexan·-

465 4585 594 4685 drum
641 4585 864 4686 Medicem
913 4587 1107 4718 ejusdem
1148 4587 1298 4687 Caroli
1349 4626 1564 4730 generum
1614 4625 1832 4709 securus,
1873 4620 1921 4685 ut

462 4765 553 4831 erat
577 4728 579 4731 ’
600 4729 831 4834 >Clementi
878 4728 1081 4837 Pontifici
1115 4730 1319 4842 Maximo
1374 4766 1419 4834 et
1455 4731 1541 4837 toti
1575 4732 1814 4838 Medicum
1861 4724 1927 4829 fa·⁸

1839 4909 1924 4974 ml<
