4170 5866
511 167 760 251 CAROLI
800 169 856 251 V.
898 168 1017 250 LlB.
1050 175 1200 253 XXII.
1465 197 1551 282 215

174 331 336 437 tionem
373 327 671 473 perducendos
723 324 941 454 tradidit,
975 327 1056 471 qui
1092 366 1345 472 opportuno
1396 371 1593 478 tempore

174 513 452 597 nvenerunt,
488 513 630 594 cum,
666 489 819 575 Strozo
856 473 979 576 viam
1024 473 1254 617 ingresso,
1290 478 1347 578 ad
1383 490 1472 613 ejus
1510 484 1592 588 iter

174 623 462 765 rpediendum
498 658 585 718 sese
620 615 827 718 Marchio
864 617 1177 759 comparabat.

199 778 368 869 XXXI.
451 774 662 864 Ceterum
696 775 873 864 Strozus
909 764 1179 866 Placentiam
1229 802 1589 911 praetergressus,

174 951 231 1012 un
266 913 322 1012 ad
352 900 618 1027 tramitem,
654 907 735 1048 qui
771 945 849 1046 per
884 909 1212 1052 Ligusticorum
1256 914 1480 1014 montium
1531 918 1596 1020 la-

173 1095 219 1156 ra
253 1055 506 1197 radicesque
541 1049 662 1173 fert,
699 1090 862 1193 agmen
914 1052 1206 1175 deduxisset,
1230 1057 1285 1155 de
1321 1057 1599 1164 Marchionis

210 1197 376 1299 hostilis
427 1199 633 1299 exercitus
687 1200 881 1298 adventu
932 1199 1188 1341 cognovit,
1225 1202 1371 1344 deque
1423 1207 1596 1308 tramite

174 1346 185 1443 l
235 1342 457 1485 angustias
511 1342 816 1483 impeditaque
866 1342 963 1443 loca
1015 1342 1262 1486 interrupto
1314 1383 1357 1447 et
1420 1346 1596 1453 obsesso

174 1486 290 1588 :rtior
324 1480 464 1587 factus
500 1520 604 1605 est,
638 1495 759 1618 cujus
795 1484 859 1588 rei
893 1527 1020 1587 causa
1055 1482 1260 1631 Princeps
1298 1492 1457 1593 Salerni
1492 1534 1597 1601 cum

174 1665 246 1731 trte
282 1630 513 1773 copiarum
564 1630 823 1770 praemissus
873 1624 1043 1732 fuerat.
1080 1648 1256 1735 Strozus
1309 1634 1445 1775 igitur
1468 1643 1494 1757 ,'
1551 1641 1598 1741 ui

174 1816 220 1875 ¹re
272 1776 502 1876 tormentis
550 1810 594 1873 et
644 1813 748 1876 cum
800 1775 964 1918 exiguo
1016 1779 1211 1918 equitatu
1260 1778 1493 1900 veniebat,
1518 1678 1597 1882 llis

174 1914 459 2020 fficulratibus
502 1914 677 2020 affectus
702 1995 717 2038 ,
739 1917 957 2060 simulque
993 1921 1340 2023 animadvertens
1376 1920 1434 2022 ab
1471 1935 1595 2026 Insu-

174 2062 279 2163 ibus
315 2062 426 2164 nihil
462 2063 667 2182 moveri,
694 2101 888 2205 quorum
922 2099 1099 2166 motum
1134 2065 1360 2206 aliquem,
1382 2069 1590 2168 acceden-

206 2207 376 2309 Gallico
429 2206 659 2327 exercito,
692 2207 949 2311 exstiturum
993 2209 1124 2309 initio
1161 2205 1459 2329 confidebat,
1506 2247 1597 2313 tra·
1675 2285 1686 2292 -

175 2349 288 2450 item
321 2388 454 2494 atque
492 2350 721 2491 planitiem
757 2350 894 2453 vitare
930 2354 1157 2454 constituit
1186 2431 1201 2471 ,
1237 2391 1486 2494 agmenque
1522 2392 1598 2494 per

176 2495 356 2630 nntium
391 2494 617 2596 cacumina
658 2495 869 2595 deducere
921 2496 1099 2636 coepit.
1153 2497 1235 2597 Sed
1283 2493 1362 2596 ubi
1398 2499 1454 2595 ad
1490 2497 1600 2598 Scri-

174 2678 250 2738 am
270 2638 436 2743 flumen
463 2675 647 2739 ventum
683 2675 775 2757 est,
797 2640 915 2740 unde
948 2681 990 2740 se
1020 2676 1195 2741 montes
1225 2638 1517 2740 sinistrorsum
1543 2641 1600 2741 ad

174 2823 329 2886 enuam
365 2784 642 2903 deflectunt,
680 2822 842 2926 agmen
876 2784 1070 2920 (luminis
1106 2784 1347 2916 trajiciendi
1383 2823 1509 2883 causa
1544 2784 1602 2886 ad

185 2970 218 3028 ta
252 2962 295 3027 et
332 2927 530 3069 planiora
564 2929 662 3027 loca
697 2968 739 3030 se
775 2928 1014 3028 necessario
1050 2929 1255 3029 demisit.
1292 2939 1417 3028 Haec
1448 2963 1598 3028 autem

198 3106 252 3208 pt
286 3112 313 3170 a
349 3069 564 3172 militibus
601 3071 868 3172 Caesarianis
919 3069 1126 3192 obsessa,
1163 3073 1330 3173 idoneo
1367 3106 1410 3170 et
1448 3071 1600 3172 occul-

205 3215 314 3351 loco
350 3215 519 3315 insidiis
555 3215 814 3334 collocatis,
855 3254 1050 3355 quotum
1084 3256 1177 3316 uno
1212 3249 1411 3355 tempore
1465 3213 1600 3315 undi-

217 3390 234 3495 ’ᾗ
253 3359 605 3501 procurrentium
639 3358 861 3500 impetum
895 3398 988 3462 non
1020 3355 1201 3461 ferentes
1233 3435 1250 3479 ,
1277 3356 1493 3460 Stroziani
1548 3357 1598 3460 in

228 3536 287 3624 un
324 3540 584 3606 vertuntur.

234 3623 391 3749 lXXII.
469 3659 575 3747 Hoc
629 3643 792 3787 praelio
826 3720 843 3771 ,
882 3647 1006 3787 quod
1056 3647 1204 3747 Nonis
1256 3645 1387 3784 Junii
1435 3640 1604 3746 factum

248 3788 465 3933 ljfugaque
501 3791 833 3893 Strozianorum
868 3791 986 3893 bona
1022 3828 1120 3930 pars
1156 3792 1330 3892 concisa
1367 3822 1429 3889 est
1447 3866 1461 3907 ,
1481 3825 1605 3887 com-

258 3926 281 4037 l
332 3937 480 4078 capti,
515 3973 709 4078 quorum
757 3930 879 4036 fuere
933 3937 1153 4078 Georgius
1189 3935 1497 4074 Martinengus
1553 3971 1604 4030 e-

270 4062 313 4218 it
350 4076 624 4221 praefectus,
659 4116 701 4179 et
737 4081 998 4181 Sommensis
1035 4093 1173 4186 Dux3
1213 4079 1287 4177 sed
1323 4075 1396 4175 hic
1442 4070 1605 4217 effuge·

280 4223 470 4399 prinus,
514 4261 558 4324 et
595 4221 813 4324 beneficio
850 4223 1061 4362 Principis
1096 4221 1257 4323 Salerni
1293 4257 1483 4321 servatus
1519 4252 1604 4336 est,

294 4380 390 4513 spuo
428 4368 700 4491 metuentis,
738 4408 792 4467 ne
831 4366 866 4466 si
902 4366 950 4467 in
987 4404 1142 4466 manus
1179 4362 1449 4466 Marchionis
1505 4400 1604 4504 per-

302 4498 304 4529 l

305 4544 362 4660 p,
400 4514 569 4656 legibus
623 4513 854 4612 damnatus
891 4511 1012 4645 (erat
1055 4508 1211 4630 eninr,
1249 4545 1297 4610 ut
1347 4547 1477 4649 supra
1526 4505 1606 4603 de-

1478 4685 1608 4746 mon-
