4170 5866
549 425 630 544 19a
921 423 1007 503 os:
1056 417 1262 500 nauus
1310 419 1534 502 cns-ris

498 614 542 678 er
577 575 870 680 temeritatem
921 611 1053 717 atque
1088 574 1321 715 perfidiam
1371 574 1572 716 punire,
1608 568 1656 673 in
1691 571 1798 675 fines
1848 577 1957 683 olim

500 723 766 862 Menapios,
804 760 921 850 nunc
958 719 1222 853 juliacenses
1260 717 1432 837 dictos,
1470 728 1640 817 Duram
1690 753 1954 859 oppugnan-

500 863 548 963 di
584 864 721 1004 gratia
756 865 903 1004 copias
939 861 1159 980 inducit,
1196 862 1503 1003 explorataque
1546 861 1650 961 situs
1687 895 1881 980 natura,
1916 864 1954 962 i-

498 1006 644 1105 doneo
694 1007 795 1105 loco
832 1039 966 1105 castra
1001 1004 1177 1144 ponit,
1218 1043 1311 1145 quo
1367 1003 1575 1143 postridie
1626 1014 1727 1101 Dux
1762 1004 1955 1104 Uraniae

499 1185 606 1263 cum
634 1149 865 1289 Belgarum
916 1148 1118 1286 peditum
1168 1183 1272 1246 octo
1308 1143 1549 1265 millibus,
1595 1145 1796 1284 equitum
1842 1183 1954 1246 vero

500 1288 874 1427 cataphractorum
908 1289 1081 1391 duobus
1118 1288 1346 1429 pervenit.

571 1441 647 1531 XI.
720 1443 822 1533 Erat
858 1445 979 1534 Dura
1029 1430 1161 1533 firmo
1214 1471 1341 1534 muto
1384 1468 1427 1534 et
1451 1429 1642 1572 duplici
1693 1425 1806 1533 fossa
1855 1464 1954 1531 tor-

499 1573 779 1714 mentisque,
815 1611 1034 1716 praeterea
1080 1572 1275 1673 militum
1310 1609 1352 1677 et
1387 1574 1714 1715 oppidanorum
1763 1571 1954 1676 millium

500 1713 667 1815 circiter
721 1719 918 1863 quinque
970 1715 1118 1818 valido
1171 1716 1388 1857 praesidio
1442 1715 1641 1816 munira.
1696 1716 1954 1815 Tormentis

500 1860 788 1998 oppugnandi
836 1859 976 2000 gratia
1025 1857 1288 1976 collocatis,
1324 1857 1483 1957 milites
1505 1880 1510 1882 ’
1531 1854 1720 1995 Hispani
1770 1857 1953 1997 Italique

375 2092 377 2096 ,
500 1997 791 2137 disponuntur
825 2076 839 2118 ,
875 2038 1069 2141 quotum
1117 1999 1234 2100 bona
1284 2039 1381 2138 pars
1439 2000 1486 2097 in
1540 1997 1733 2138 priorem
1784 1994 1948 2101 fossam

499 2139 606 2239 silva
639 2158 694 2240 'ex
739 2143 943 2282 proximo
993 2140 1128 2282 petita
1177 2142 1291 2244 male
1344 2140 1648 2280 completam,
1683 2179 1727 2239 se
1780 2141 1952 2271 dejece‹

499 2315 624 2415 rant,
662 2316 703 2380 et
739 2286 785 2383 in
823 2324 936 2425 aqua
970 2287 1045 2386 vix
1079 2282 1270 2384 humeris
1308 2283 1574 2385 exstantibus
1610 2279 1952 2422 permanebant3

436 2495 438 2499 -
491 2453 599 2523 „vtum
635 2462 778 2525 murus
813 2466 975 2568 magno
1009 2428 1179 2565 impetu
1213 2468 1239 2527 a
1275 2427 1416 2568 prima
1461 2426 1557 2525 luce
1594 2426 1718 2564 quati
1753 2460 1955 2524 tormen-

489 2573 652 2810 Ἥ
687 2565 830 2705 globis
864 2605 1041 2711 coeptus
1078 2603 1179 2688 est,
1227 2570 1447 2673 Fernando
1484 2579 1697 2708 Gonzaga
1747 2603 1958 2687 curante,

389 2703 393 2709 ⁴
503 2736 573 2845 qu
669 2708 752 2809 sibi
784 2713 963 2812 Carolus
999 2711 1255 2852 legaverat,
1288 2745 1331 2810 et
1366 2707 1450 2810 sibi
1502 2711 1752 2850 proximam
1805 2707 1954 2848 impe-

501 2849 918 2987 randi‘tpotestatem
953 2854 1213 2955 tradiderat.
1265 2855 1347 2953 Sed
1397 2851 1674 2995 oppugnatio
1726 2848 1814 2948 hoc
1864 2886 1953 2950 erat

408 3121 412 3132 ¹
479 2984 758 3120 difficilior,
794 2997 917 3136 quod
952 3034 1079 3095 muro
1116 2996 1369 3094 intrinsecus
1392 3029 1581 3136 ¹aggesta
1628 3028 1733 3093 terra
1782 3025 1955 3097 tantum

468 3123 777 3263 glirmit'udinis
810 3134 1026 3257 addebat,
1046 3173 1095 3237 ut
1131 3136 1225 3236 solo
1260 3138 1434 3278 aequati
1469 3135 1585 3238 nulla
1625 3134 1673 3235 vi
1708 3168 1956 3233 tormento-

505 3308 603 3371 rum
652 3312 821 3411 posset.
881 3290 1090 3394 Ceterum
1124 3278 1269 3378 diruta
1304 3316 1424 3419 parte
1478 3276 1700 3418 superiore
1738 3351 1753 3397 ,
1787 3275 1959 3413 Hispa-

504 3412 551 3510 ni
585 3411 713 3553 signo
748 3457 839 3519 non
875 3455 1154 3558 exspectato,
1189 3459 1337 3519 morae
1372 3421 1529 3520 scilicet
1564 3418 1871 3558 impatientes,
1915 3453 1961 3519 et

504 3553 631 3654 simul
665 3561 859 3660 nonnulli
891 3563 1098 3661 Italorum
1128 3636 1142 3678 ,
1173 3599 1349 3660 murum
1383 3560 1670 3661 conscendere
1706 3592 1954 3664 conantur.

505 3694 583 3794 Sed
617 3694 733 3799 hunc
769 3699 1009 3804 defensores
1057 3737 1150 3801 tam
1200 3705 1354 3802 acriter
1400 3701 1626 3802 tormentis
1675 3700 1877 3937 undigue
1913 3738 1962 3802 et

508 3838 634 3936 omni
668 3840 855 3945 telorum
888 3884 1041 3985 genere
1076 3844 1343 3965 tuebantur,
1375 3883 1430 3945 ut
1476 3845 1524 3943 in
1576 3844 1749 3943 tertiam
1831 3879 1962 3946 oram

507 3975 594 4077 hoc
629 3983 857 4083 certamine
892 3987 1146 4125 producto,
1186 4022 1229 4083 et
1264 3986 1411 4102 multis
1464 4020 1714 4086 nostrorum
1748 3984 1962 4106 concisis,

507 4119 704 4259 pluribus
740 4126 1004 4247 vulneratis,
1040 4137 1251 4267 Gonzaga
1288 4128 1492 4269 inciperet
1526 4128 1581 4227 de
1632 4127 1962 4266 expugnatione

510 4257 742 4391 diffidere,
779 4303 822 4367 et
868 4277 958 4401 jam
1002 4267 1113 4368 nihil
1165 4270 1301 4412 magis
1338 4311 1474 4410 quam
1523 4268 1579 4369 de
1629 4303 1726 4370 tuto
1781 4265 1990 4408 receptu.
2045 4394 2049 4404 ,

509 4442 746 4543 cogitaret.
1876 4518 1879 4523 .

518 4636 522 4641 .
581 4556 674 4646 XII.
749 4563 897 4690 Itaque
935 4593 1052 4654 nona
1089 4556 1432 4694 oppugnationis
1468 4552 1608 4673 hora,
1636 4555 1818 4656 consilio
1855 4592 1961 4656 cum

512 4696 639 4789 Petro
676 4693 886 4793 Corduba
938 4698 1079 4826 feriae
1129 4698 1309 4796 Comite
1359 4734 1402 4797 et
1433 4695 1558 4796 'cum
1607 4703 1766 4798 Terrae
1819 4736 1962 4796 novae

1841 4848 1966 4938 Mar-
