3998 5850
442 423 689 506 cauotr
741 423 957 504 utus.
990 424 1159 504 xuni.
1277 382 1291 409 ²
1408 409 1491 513 481

79 579 306 710 „difficile
324 574 436 681 'non
472 570 650 723 gravate
686 577 853 719 suscepi
897 579 1106 687 seodem
1141 578 1345 684 Consilio
1381 620 1538 688 aucto-

77 807 109 854 „
126 771 209 847 re,
245 723 448 827 libentius
499 727 762 865 deponam,
798 715 1004 853 justitiae*
1024 757 1159 865 atque
1210 721 1347 826 officii
1399 731 1536 832 ratio-

76 948 111 999 „
127 911 277 988 nem,
321 870 390 970 vel
432 905 546 968 certe
614 866 925 1009 opinionem,
959 905 1070 1007 quae
1121 867 1358 1009 prudentes·
1402 874 1537 976 etiam

73 1051 467 1153 „nonnumquam
502 1007 613 1111 fallit
649 1088 664 1129 ,
714 999 903 1152 utroque
937 1044 1137 1151 tempore
1192 1048 1386 1114 secutus.
1436 1024 1536 1117 Nec

72 1159 333 1298 „cuiquam
369 1158 640 1271 concedam,
662 1154 742 1293 qui
778 1153 920 1295 magis
956 1193 1009 1251 ex
1045 1153 1196 1252 animo
1232 1156 1400 1256 Mariae
1436 1197 1534 1298 gra-

74 1378 108 1426 „
126 1300 314 1436 tuletut,
336 1300 405 1399 vel
441 1295 718 1399 obedientius
756 1306 845 1429 ejus
881 1296 1097 1439 imperata
1133 1293 1263 1396 faciat
1282 1313 1349 1406 “3
1385 1301 1537 1402 simul-

75 1483 165 1585 que
217 1443 411 1544 Mariam
460 1441 682 1585 Reginam
727 1478 805 1580 per
853 1476 1118 1581 praeconem
1170 1441 1408 1574 renuntiati
1460 1453 1534 1573 ju-

67 1584 205 1709 bet,
256 1625 504 1728 magnaque
544 1586 593 1685 in
643 1580 791 1684 castris
841 1582 1078 1724 gratulatio
1129 1578 1242 1683 facta
1278 1620 1384 1702 est,
1432 1623 1536 1691 cum

75 1727 210 1868 ipsius
246 1729 379 1829 Ducis
430 1726 655 1870 singularis
709 1721 896 1825 laetitiae
932 1715 1298 1867 significatione,
1337 1737 1537 1867 projecto

78 1872 212 1974 etiam
248 1871 299 1970 in
346 1909 505 1971 terram
542 1871 709 2010 pileo,
745 1867 869 2006 quod
917 1903 1045 1967 more
1079 1868 1220 2007 gentis
1272 1903 1336 1967 est
1370 1868 1535 1972 laetitia

76 2012 303 2155 gestientis
338 2048 678 2153 argumentum.

150 2152 248 2255 xllss
323 2169 533 2258 Ceterum
578 2153 719 2294 copiis
771 2149 916 2252 statim
948 2149 1153 2255 'dimissis
1203 2193 1255 2256 ac
1298 2153 1538 2257 dilabenti-

78 2295 189 2417 bus,
232 2334 335 2399 cum
372 2300 428 2398 de
463 2337 543 2399 suo
579 2297 767 2438 quisque
804 2294 998 2435 periculo
1034 2332 1078 2397 et
1113 2295 1247 2397 salute
1291 2300 1533 2440 cogitaret,

77 2440 241 2543 milites
291 2438 486 2541 cohortis
520 2517 536 2558 ‚
571 2480 686 2579 quae
721 2436 855 2577 Regis
891 2439 1083 2537 Eduardi
1132 2435 1320 2561 fuerat,
1360 2439 1538 2581 praeto-
1647 2461 1650 2467 ’

78 2582 205 2702 riae,
239 2585 324 2722 qui
364 2619 485 2683 erant
540 2575 1019 2681 inNorthumberlani
1070 2583 1217 2681 castris
1251 2657 1269 2705 ,
1303 2585 1538 2685 consilium

79 2724 273 2827 inierunt
309 2738 399 2855 ejus
435 2724 654 2826 retinendi
674 2801 689 2841 ,
708 2759 818 2822 turn·
839 2757 889 2820 ut
924 2723 1099 2861 culpam
1135 2762 1256 2861 suam
1290 2726 1408 2866 apud
1444 2737 1540 2826 lie-¹

79 2870 233 3011 ginam
270 2864 422 2968 officio
458 2868 610 3009 aliquo
646 2866 876 2984 delerent,
906 2900 1003 2963 turn
1038 2900 1088 2966 ut
1124 2905 1168 2966 se
1217 2861 1412 3001 ejusdem
1449 2864 1536 2998 Po-

79 3012 147 3114 cai
198 3011 452 3113 testimonio
489 3047 533 3110 et
568 3006 842 3110 confessione
890 3043 1169 3149 purgarent,
1219 3010 1297 3156 qui
1345 3012 1541 3151 optimus

79 3154 198 3254 testis
234 3191 380 3274 esset,
414 3156 532 3294 ipsos
581 3193 674 3254 non
721 3187 876 3293 sponte
927 3191 1002 3250 sua
1050 3152 1099 3252 in
1151 3186 1288 3252 castra
1328 3156 1534 3276 venisse,

59 3297 156 3396 sed
193 3294 250 3395 ab
285 3297 383 3436 ipso
419 3310 575 3415 Duce,
610 3306 733 3427 cujus
769 3292 955 3435 imperia
989 3294 1226 3395 detrectare
1262 3318 1410 3396 tutum
1445 3320 1538 3399 non

82 3474 189 3539 esset
202 3516 218 3558 ,
257 3441 360 3570 jussi
395 3475 527 3580 atque
564 3441 735 3583 rogati.
774 3436 842 3538 Hi
877 3476 1020 3579 erg0,
1055 3447 1233 3576 Joanne
1268 3445 1388 3538 Gatto
1425 3480 1504 3542 suo
1519 3468 1538 3560 ,'

81 3579 130 3682 id
161 3616 252 3700 est,
273 3584 512 3722 praetoriae
549 3581 744 3682 cohortis
781 3575 1000 3723 praefecto
1036 3579 1272 3703 adhibito,
1293 3582 1419 3682 tertia
1455 3623 1537 3684 no·
1599 3578 1601 3582 ’

81 3724 161 3824 ctis
198 3726 349 3866 vigilia
384 3735 575 3828 Pocaum
611 3729 768 3827 ducem
802 3725 1003 3826 adierunt
1041 3801 1057 3845 ,
1102 3763 1236 3865 quem
1270 3719 1424 3865 fugam
1458 3764 1535 3866 pa-

82 3902 276 3985 tantem,
308 3909 440 4011 seque
464 3871 611 3974 itineri
625 3866 934 4011 accingentem
963 3866 1268 3968 offenderunt.
1304 3869 1378 3965 Ille
1414 3907 1536 4009 prae·

81 4009 363 4113 totianorum
399 4017 609 4115 adventus
635 4050 811 4114 causam
845 4048 950 4112 cum
974 4011 1087 4151 ipsis
1112 4006 1429 4153 exponentibus
1463 4048 1538 4109 au-

83 4151 232 4253 diisset
271 4193 281 4255 :
315 4157 530 4275 „Eadem
566 4194 680 4276 est,
733 4162 857 4292 inquit
887 4233 902 4276 ‚
938 4154 1140 4274 milites,
1176 4194 1276 4257 mea
1311 4153 1557 4293 vestraque

82 4292 116 4415 „
130 4336 285 4408 causa.
329 4309 421 4399 Vos
445 4337 590 4399 meam
623 4300 931 4400 auctoritatem
966 4298 1101 4398 secuti
1136 4298 1269 4416 estis,
1294 4335 1381 4438 ego
1416 4308 1547 4438 Con-⁴

85 4498 118 4558 „
135 4440 248 4546 silii;
289 4441 464 4582 utrique
499 4438 652 4542 officio
688 4443 811 4544 ducti
847 4436 977 4543 fuisse
1012 4441 1156 4540 videri
1190 4436 1433 4557 debemus3
1459 4438 1539 4539 ita-

32 4614 35 4615 *
84 4617 221 4719 „sque
255 4621 328 4683 me
361 4586 574 4688 retinendi
608 4585 724 4687 nulla
750 4624 876 4686 causa
912 4620 1006 4705 cst,
1033 4579 1279 4724 praesertim
1316 4621 1419 4682 cum
1455 4580 1540 4680 sim

89 4721 381 4844 „Britanniae
413 4729 642 4853 Mariscalis,
660 4806 680 4850 ‚,
713 4765 850 4870 quem
884 4727 1192 4870 Magistratum
1227 4765 1307 4859 nec
1342 4734 1410 4863 jus
1445 4757 1553 4837 est,

125 4936 130 4952 ·
160 4867 269 4986 Tum.
284 4874 337 4970 ll.
1017 4878 1113 5011 Ppp
1418 4901 1542 4991 „nec
