4192 5858
525 453 779 537 ennom
823 451 876 535 v.
919 453 1237 540 rmxxm.
1481 470 1565 562 235

207 619 304 722 VII.
378 631 500 720 Cum
549 653 711 760 magna
746 612 881 757 igitur
933 611 1171 717 hominum
1213 612 1459 759 frequentia
1494 635 1598 730 Dux

139 761 295 868 urbem
329 760 607 904 ingreditur,
642 764 845 861 nondum
881 759 1025 860 Maria
1060 761 1108 860 in
1144 763 1436 902 Portugalliae
1483 809 1595 873 con-

133 905 299 1011 finium
334 908 575 1045 perducta,
613 945 726 1048 quae
761 942 910 1007 tamen
946 942 1067 1005 sexto
1101 941 1205 1046 post
1240 907 1312 1008 die
1350 909 1406 1008 ad
1437 914 1592 1057 ‘oppi-

130 1053 244 1151 dum
279 1052 404 1152 Elves
441 1090 545 1152 cum
580 1048 750 1195 ingenti
785 1053 1001 1152 comitatu
1038 1052 1279 1190 equitum,
1316 1089 1366 1152 ut
1402 1056 1589 1197 opinor,

130 1229 175 1294 et
210 1232 405 1335 praesens
442 1232 546 1297 cum
581 1196 730 1298 multis
763 1193 1025 1313 aestimavi,
1062 1194 1196 1296 trium
1247 1196 1434 1338 amplius
1483 1204 1590 1304 mil-

128 1337 241 1439 lium
294 1341 531 1483 pervenit3
567 1379 671 1443 nam
723 1339 918 1481 undique
966 1377 1063 1443 tum
1112 1349 1229 1471 jussu
1266 1342 1401 1485 Regis
1437 1420 1451 1465 ,
1488 1382 1585 1454 tum

128 1477 269 1583 officii
303 1486 442 1626 gratia
478 1483 646 1626 equites
682 1485 921 1587 voluntarii
956 1484 1279 1587 confluxerant.
1332 1489 1415 1588 Sed
1451 1493 1583 1596 totius

125 1627 362 1730 comitatus
410 1627 689 1729 Theodosius
748 1642 851 1730 Dux
899 1627 1190 1772 Brigantius‚
1240 1663 1284 1730 et
1340 1638 1583 1738 Femandus

125 1767 332 1872 Pontifex
380 1769 762 1914 Ulyssipponensis
799 1848 815 1892 ,
864 1783 1117 1914 Gasparque
1165 1771 1458 1898 Caravallus,
1501 1782 1583 1921 qui

125 1914 220 2014 duo
255 1915 410 2059 Legati
445 1957 471 2016 a
506 1921 686 2052 joanne
720 1928 847 2057 Rege
883 1919 940 2017 ad
974 1914 1230 2058 Philippum
1265 1916 1581 2044 mittebantur,

124 2058 374 2201 principem
409 2057 556 2160 locum
599 2057 885 2163 obtinebant.
940 2061 1024 2162 His
1073 2061 1183 2163 inter
1232 2101 1280 2167 se⁴
1324 2062 1579 2189 collocutis,

124 2241 329 2341 oportere
364 2204 507 2307 visum
543 2239 653 2326 est,
689 2239 739 2305 ut
772 2242 872 2306 ante
906 2203 1253 2308 Castellanorum
1301 2244 1580 2350 congressum

124 2345 180 2446 de
215 2349 387 2449 ratione
422 2349 623 2451 locorum
659 2387 742 2492 pro
786 2357 998 2494 cujusque
1047 2345 1214 2454 honore
1263 2390 1316 2451 ac
1366 2352 1580 2494 dignitate

123 2488 462 2595 tribuendorum
495 2491 856 2596 constitueretur.
894 2502 1000 2596 Hoc
1035 2534 1129 2637 quo
1164 2493 1309 2595 minus
1342 2498 1578 2598 tumultuo-

121 2675 164 2736 se
200 2634 357 2759 ficret,
394 2649 499 2740 Dux·
534 2637 812 2779 Brigantius,
848 2637 948 2759 vir,
969 2674 1018 2741 ut
1053 2638 1282 2779 perspexi,
1306 2638 1449 2781 gravis
1483 2651 1578 2772 jux·

121 2811 168 2878 ta
202 2781 432 2924 comisque
469 2815 514 2889 et
557 2782 710 2924 magni
753 2780 960 2902 consilii,
997 2780 1418 2918 Methymnensem,
1455 2793 1578 2915 cujus

122 2960 217 3024 erat
253 2928 410 3027 sorotis
447 2924 591 3046 filius,
628 2927 684 3025 ad
719 2922 1024 3067 colloquium,
1059 2960 1110 3026 ut
1145 2923 1419 3067 propinquus
1455 2962 1499 3026 et
1534 2969 1578 3027 a·

120 3068 304 3191 micus,
337 3072 394 3171 ad
428 3078 563 3200 Cajae
600 3067 727 3210 parvi
761 3069 969 3170 fluminis
988 3068 1298 3210 Portugalliam
1333 3108 1359 3168 a
1393 3068 1580 3170 Castella

119 3213 367 3336 dirimentis
402 3213 545 3356 ripam
580 3213 780 3316 medium
814 3212 976 3315 scilicet
1008 3213 1158 3313 locum
1194 3211 1427 3312 invitavit.

191 3368 306 3460 VIII.
382 3367 488 3458 Huc
523 3358 672 3497 paucis
707 3357 943 3460 comitibus
979 3396 1082 3458 cum
1117 3356 1445 3496 processissent,
1471 3354 1575 3454 lon«.

120 3495 244 3640 giore
280 3501 486 3602 instituto
522 3540 760 3619 sermone,
797 3499 1041 3642 Brigantius
1082 3499 1252 3600 blanda
1288 3534 1331 3600 et
1366 3497 1576 3598 meditata

119 3644 318 3746 oratione
343 3645 696 3782 Methymnensis
730 3642 931 3744 animum
966 3677 1147 3745 tractare
1183 3643 1330 3783 coepit
1344 3678 1358 3748 3
1388 3643 1443 3742 de
1479 3681 1573 3742 maa

116 3794 268 3920 josum
311 3789 423 3890 illius
460 3789 734 3906 virtutibus,
772 3788 826 3887 de
876 3789 1041 3930 generis
1090 3786 1318 3907 claritate,
1352 3784 1575 3925 Principa÷

116 3962 189 4030 tus
226 3933 529 4073 magnitudine
570 3933 709 4033 multa
744 3932 890 4072 paucis
940 3965 1300 4039 commemorat3
1334 3942 1576 4069 contraque

116 4075 382 4183 Pontificem
432 4077 895 4220 Ulyssipponensem,
935 4112 978 4176 et
1026 4087 1263 4216 Gasparem
1297 4072 1579 4175 Caravallum

115 4215 328 4322 honestos
366 4223 548 4364 quidem
583 4257 626 4323 et
660 4219 898 4324 honoratos
933 4219 1137 4320 homines
1184 4261 1271 4320 esse
1308 4218 1434 4316 docet
1461 4290 1475 4334 ,
1506 4248 1577 4312 ta-

117 4401 220 4464 men
255 4406 314 4466 ne
351 4368 540 4469 minima
610 4365 762 4467 uidem
800 4406 852 4466 ex
888 4402 1013 4505 parte
1063 4403 1167 4464 cum
1202 4362 1315 4462 illius
1365 4357 1577 4502 dignitate

116 4541 160 4604 et
203 4511 458 4614 celsitudine
493 4407 783 4613 conierendos
805 4549 815 4609 τ
837 4544 1029 4611 ceterum
1070 4544 1174 4607 cum
1208 4504 1360 4648 Legati
1395 4545 1420 4603 a
1454 4514 1578 4643 Rege

117 4650 430 4778 mitterentur,
469 4696 701 4799 personam
749 4693 895 4796 gerere
931 4731 946 4775 ,
982 4651 1055 4751 cui
1103 4688 1271 4793 praeter
1305 4646 1585 4788 Imperatoris

119 4804 434 4943 majorumque
468 4817 650 4945 Regum
683 4811 907 4941 Legatos,
934 4798 1137 4940 ipsosque
1172 4806 1315 4939 Reges
1351 4829 1424 4894 aut
1460 4788 1584 4943 Prin-

1111 4948 1228 5080 Gga
1527 4963 1589 5028 Cb
