4102 5864
517 433 601 554 396
811 501 814 507 .
907 448 987 528 uu
1018 449 1216 528 nunus
1264 446 1477 529 uastis

481 646 584 709 tur
620 615 831 707 Ceterum
866 598 1033 704 indicio
1075 599 1281 745 perfugae
1317 605 1547 744 cognitum
1585 636 1679 719 est,
1711 599 1872 702 urbem
1910 644 1936 703 a

483 787 592 851 terra
626 789 716 847 non
751 747 893 846 solum
929 749 1095 885 duplici
1130 787 1293 867 muro,
1330 691 1403 847 scil
1440 748 1570 847 etiam
1618 733 1782 845 fossa
1771 750 1931 848 intrin-

485 934 600 997 secus
636 891 922 1032 permunitam
968 930 1097 1009 esse,
1131 890 1177 993 in
1214 931 1353 1035 eaque
1385 892 1507 989 sudes
1543 924 1586 987 et
1621 888 1787 1025 stipites
1814 930 1927 1029 prae·

486 1074 637 1137 acutos
673 1033 881 1152 defixos,
918 1066 961 1130 et
995 1072 1142 1132 asseres
1177 1072 1279 1133 cum
1332 1032 1463 1131 acutis
1512 1032 1751 1170 erectisque
1802 1034 1929 1132 clavis

486 1179 718 1280 demissos.
776 1109 883 1336 Qud
953 1175 1181 1317 cognito,
1224 1174 1645 1337 communicatisque
1712 1177 1926 1292 consiliis,

487 1318 842 1423 commodius
801 1358 945 1420 vrsum
980 1356 1078 1436 cst,
1114 1353 1164 1416 ut
1197 1358 1222 1414 a
1258 1318 1368 1418 mari
1404 1359 1455 1433 ex
1492 1317 1716 1436 navibus,
1750 1319 1786 1415 si
1839 1317 1928 1416 lieri

488 1502 680 1607 posset,
717 1461 891 1560 moenia
942 1495 1262 1561 tormentontm
1317 1461 1409 1559 telis
1445 1492 1777 1558 concuterentur
1818 1462 1928 1567 3sed

487 1643 771 1768 posteaquam
808 1644 859 1701 cx
896 1601 1140 1701 triremibus
1177 1642 1240 1701 res
1276 1642 1369 1702 non
1390 1600 1729 1740 procedebat,
1768 1603 1926 1740 quippe

489 1750 658 1849 intactis
696 1745 924 1845 moenibus
960 1746 1164 1883 pleraque
1213 1742 1296 1844 tela
1348 1741 1798 1862 transmittebantur,
1836 1782 1927 1883 post

487 1892 668 2032 longam
705 1888 1068 1989 consultationem
1104 1925 1148 1985 et
1184 1887 1520 2047 disputatipnem
1557 1885 1671 1985 hanc
1714 1886 1924 1986 tationem
1974 1948 1975 1951 ι

488 1977 879 2194 comprobarunt,
914 2031 1093 2131 Garciae
1128 2031 1277 2129 Toleti
1313 2029 1588 2210 potissimum
1625 2028 1808 2170 ingenio
1857 2070 1924 2126 ex

488 2178 752 2316 cogitatam.

417 2437 419 2440 Α
564 2326 749 2418 LXXX.
824 2330 942 2418 Duas
984 2318 1175 2417 triremes
1225 2316 1348 2416 malis
1384 2351 1424 2419 et
1459 2312 1605 2417 ceteris
1654 2311 1926 2416 armamentis

487 2456 689 2558 detractis
743 2457 944 2597 obliquas
996 2496 1236 2578 statuunt,
1273 2464 1530 2598 easdemque
1582 2456 1749 2558 duabus
1786 2456 1926 2555 validis

491 2638 535 2700 et
569 2603 812 2742 praelongis
849 2598 1042 2700 trabibus
1072 2642 1209 2741 ,quo
1247 2603 1340 2742 plus
1376 2600 1590 2702 intervalli
1639 2601 1924 2739 relinquatur,

488 2743 689 2844 immissis
725 2754 1034 2885 conjungunt,
1071 2743 1323 2905 clavisque,
1359 2781 1407 2845 ut
1445 2744 1586 2843 valide
1621 2743 1921 2858 distineantur‚

488 2887 774 2985 revinciunt:
796 2925 890 2986 turn
926 2887 1018 3019 aliis
1033 2887 1239 3026 navigiis
1274 2887 1519 3005 triremium
1555 2886 1832 2985 altitudinem
1866 2923 1925 2980 er

355 3066 358 3072 ¹
491 3027 776 3165 aequantibus
814 3067 960 3126 carum
997 3029 1269 3129 intervallum
1295 3032 1551 3168 complent,
1570 3064 1612 3128 et
1649 3026 1754 3126 haec
1791 3024 1925 3127 omnia

488 3168 642 3296 injecta
695 3171 874 3268 materia
917 3205 1203 3291 contexunt,
1239 3208 1283 3271 er
1319 3170 1475 3271 tabulis
1524 3206 1850 3307 consternunt,
1884 3203 1925 3265 ac

485 3313 644 3448 passim
682 3313 847 3451 operi,
885 3352 976 3450 quo
1014 3312 1245 3412 firmius
1215 3308 1269 3412 sit
1304 3316 1358 3413 ad
1393 3312 1703 3445 jaculandum',
1730 3351 1842 3410 neve
1876 3346 1927 3407 te·

487 3452 537 3560 lis
574 3452 770 3557 hostiurn
809 3454 998 3594 deprimi
1034 3489 1190 3593 queat,
1228 3495 1383 3554 vacuas
1419 3495 1548 3594 cupas
1583 3451 1829 3594 frequentes
1864 3492 1930 3551 an·

488 3634 695 3698 nectunt.
753 3610 802 3696 In
838 3595 949 3697 hanc
985 3599 1150 3697 molem
1187 3634 1406 3697 tormenta
1459 3638 1620 3739 magna
1656 3597 1862 3697 decem
1851 3635 1931 3695 nn

486 3775 705 3876 ponunt,
744 3776 1023 3879 aptantque3
1066 3741 1225 3838 deinde
1278 3742 1565 3880 sepimentum
1619 3783 1670 3840 ex
1706 3739 1862 3857 velis,
1897 3771 1966 3874 et,

421 3878 740 3979 rudentibus
791 3922 839 3980 ac
887 3877 1065 3980 funibus
1101 3880 1402 4003 anchorariis,
1435 3919 1528 3981 tum
1565 3923 1591 3981 a
1633 3876 1814 4003 fronte,
1850 3917 1938 3979 turn

485 4020 540 4126 ab
576 4024 713 4122 altero
750 4023 918 4136 latere,
953 4063 1044 4161 quo
1082 4024 1216 4125 telum
1253 4067 1304 4124 ex
1346 3959 1538 4165 obliquis
1576 4025 1809 4125 moenibus
1849 4023 1939 4122 adi-

486 4165 533 4303 gi
569 4190 783 4328 poterat,
823 4164 1055 4263 exstruitur
1086 4241 1119 4282 ,.
1142 4165 1287 4304 spatiis
1340 4168 1397 4267 ad
1447 4164 1576 4269 libere
1631 4167 1944 4296 jaculandum,

484 4304 564 4404 ubi
591 4346 678 4407 erat
715 4316 1048 4448 opportunum,
1069 4307 1250 4409 relictis
1289 4315 1394 4443 Jam
1432 4309 1652 4408 Antonius
1679 4310 1816 4411 Doria
1850 4344 1941 4406 tor-

485 4451 720 4550 mentarios
757 4452 965 4612 globos,
1003 4451 1363 4589 pulveremque,
1400 4453 1587 4554 etitem
1638 4485 1946 4550 commeatum

485 4587 708 4709 abunde,
745 4630 787 4691 et
823 4595 1125 4733 Hispanorum
1160 4601 1517 4734 Graecorumque
1568 4591 1806 4693 cohortem
1868 4594 1947 4693 de-

481 4769 656 4874 portans
692 4774 745 4834 ex
778 4736 918 4840 Sicilia
952 4771 1220 4856 reverterat,
1240 4773 1282 4835 et
1318 4738 1454 4875 paulo
1487 4756 1587 4880 post
1618 4745 1798 4839 Marcus
1826 4747 1945 4839 Cen

1875 4915 1943 4978 tu-
