4192 5858
488 455 600 552 ομ·
860 443 945 525 on
983 425 1470 526 anuus‘cnsrrs

305 707 310 713 ,
454 606 537 708 bus
588 594 946 717 commiserunt,
983 598 1062 737 qui
1087 599 1313 699 Germani
1362 592 1583 740 quaternis
1634 594 1728 700 telis
1776 595 1914 742 paruo

458 750 722 891 scloppeto,
757 744 882 885 quod
919 783 972 841 ex
1008 740 1124 843 silice
1161 743 1315 886 ignem
1350 743 1623 863 excutiebat,
1650 744 1802 867 clava,
1835 784 1915 845 ve·

459 890 656 1010 nabu10,
685 889 921 1030 gladioque
957 887 1152 1007 armati,
1180 925 1376 1029 pugnam
1413 884 1612 987 inibant.
1650 886 1752 1006 Hi,
1788 889 1911 989 nullo

458 1033 547 1136 fere
584 1033 873 1133 incommodo
922 1066 1136 1170 accepto,
1173 1029 1369 1130 bostium
1414 1067 1534 1168 parte
1584 1070 1734 1150 caesa,
1772 1031 1913 1173 pluri-

461 1176 542 1279 bus
577 1174 844 1294 vulneratis,
881 1173 1018 1314 captis
1066 1171 1197 1273 etiam
1232 1171 1531 1315 quibusdam,
1568 1215 1642 1273 eos
1678 1175 1726 1274 in
1776 1176 1914 1317 oppi-

456 1325 571 1422 dum
606 1320 938 1460 compulerunt.
970 1316 1203 1417 Postridie
1238 1319 1392 1460 Legati
1426 1318 1473 1417 in
1508 1355 1642 1418 castra
1676 1356 1779 1418 cum
1817 1320 1916 1418 red·

461 1465 685 1583 ivissent,
720 1504 766 1562 re
801 1463 1004 1563 nondum
1060 1457 1258 1563 confecta
1312 1462 1591 1564 discesserunt
1624 1503 1637 1572 3
1673 1463 1915 1563 Fernandus

460 1648 568 1712 vero
617 1621 831 1748 Gonzaga
880 1645 983 1738 cum
1030 1643 1156 1746 parte
1202 1605 1432 1746 copiarum
1493 1607 1598 1707 situs
1663 1606 1916 1746 explorandi

461 1752 599 1896 gratia
633 1753 871 1893 oppidum
890 1747 1061 1850 obivit.
1113 1750 1272 1850 Tertio
1309 1750 1379 1851 die
1428 1784 1562 1851 castra
1596 1750 1761 1850 idoneo
1812 1750 1913 1850 loco

461 1897 642 2039 posita,
677 1931 719 1994 et
756 1893 937 2035 singulis
972 1891 1125 1994 diebus
1161 1893 1375 2033 equestria
1410 1893 1571 2033 praelia
1605 1888 1744 1993 facta.

462 2108 468 2119 ·
532 2048 684 2140 XXX.
770 2038 862 2136 Hic
915 2035 1098 2138 Carolus
1148 2039 1489 2140 animadvertens
1540 2031 1767 2138 difficilem
1817 2032 1916 2137 fore

394 2305 397 2310 Ι
462 2184 622 2323 oppidi
657 2180 784 2313 hujus
818 2181 1248 2322 oppugnationem,
1287 2217 1395 2281 tum·
1422 2181 1525 2322 quia
1573 2177 1703 2281 firmo
1755 2179 1917 2322 praesi-

461 2327 542 2426 dio
578 2323 842 2444 tenebatur,
879 2361 977 2425 tum
1013 2324 1119 2463 quia
1154 2322 1342 2426 Gallicus
1387 2325 1624 2446 exercitus,
1660 2325 1740 2465 qui
1791 2320 1919 2424 facile

463 2503 604 2609 posset
638 2466 856 2569 laboranti
891 2466 1085 2569 subsidio
1119 2466 1270 2568 venire
1289 2545 1320 2589 ,Α
1341 2507 1433 2569 non
1470 2469 1624 2609 procul
1658 2467 1833 2588 aberat,
1863 2508 1921 2568 ne

465 2646 638 2754 tempus
675 2647 866 2730 tereret,
899 2611 981 2711 alia
1017 2611 1184 2712 ratione
1221 2611 1385 2713 bellurn
1421 2611 1504 2713 sibi
1538 2613 1781 2754 gerendum
1832 2648 1922 2712 sta-

318 2844 320 2858 ,
433 2756 583 2875 tuit,
622 2791 664 2856 et
700 2755 920 2855 Lutetiam
956 2755 1221 2898 Parisiorum
1256 2755 1421 2857 Galliae
1457 2793 1625 2897 caput,
1658 2758 1693 2856 si
1737 2752 1930 2858 facultas

462 2900 633 3016 detur,
674 2899 1030 3041 properandums
1068 2901 1142 3000 scd
1193 2901 1351 3001 veritus
1402 2912 1722 3003 Germanorum
1771 2900 1926 3041 impa-

465 3041 709 3161 tientiam,
748 3044 873 3183 qui,
910 3043 995 3143 nisi
1046 3045 1102 3143 ad
1153 3043 1275 3146 diem
1321 3042 1586 3184 stipendium
1636 3080 1919 3163 numeretur,

465 3179 610 3287 facile.
629 3185 767 3289 solent
801 3185 966 3288 bellum
1001 3187 1265 3306 detrectare,
1301 3188 1554 3288 convocatis
1588 3226 1741 3291 eorum
1791 3227 1919 3330 prae-

463 3324 623 3447 fectis,
661 3329 720 3430 sic
755 3370 858 3430 cum
895 3329 955 3430 eis
991 3330 1113 3470 egit.
1151 3408 1182 3450 „
1199 3331 1274 3432 Ad
1309 3330 1561 3452 rationem,
1597 3331 1779 3472 inquit,
1818 3328 1919 3433 belli

464 3548 499 3594 „
514 3475 728 3613 gerendi,
763 3510 900 3614 quam
935 3474 1224 3574 commodam
1260 3510 1303 3575 et
1340 3477 1586 3616 expeditam
1632 3475 1745 3578 inire
1791 3475 1921 3620 cogi-

463 3691 497 3737 „
510 3651 593 3735 to,
629 3618 783 3759 magni
818 3611 983 3738 refert,
1019 3618 1228 3718 Germani
1263 3613 1505 3761 praefecti,
1529 3654 1718 3721 vestram
1753 3655 1920 3720 vestro-

465 3797 695 3899 „rumque
720 3759 926 3863 militum
961 3798 1156 3862 mentem
1192 3798 1236 3862 et
1271 3762 1548 3864 voluntatem
1598 3760 1714 3865 mihi
1759 3763 1921 3905 cogni·

462 3935 605 4025 ‚,tam
640 3910 756 4005 esse.
808 3913 931 4009 Nam
966 3904 1130 4024 vobis,
1166 3944 1356 4047 quorum
1391 3906 1568 4048 egregia
1603 3906 1652 4008 in
1699 3902 1823 4007 bellis
1874 3947 1923 4008 o-

462 4122 494 4168 „
510 4085 613 4188 pera
649 4084 694 4148 et
729 4046 890 4147 uirtute
926 4049 1007 4147 uti
1029 4050 1271 4167 consuevi,
1306 4048 1593 4170 nolentibus,
1625 4046 1737 4151 nihil
1786 4062 1922 4152 cona-

459 4268 493 4312 „
508 4189 545 4289 ri
580 4189 692 4292 mibi
726 4225 894 4291 certum
929 4227 1031 4293 est:
1076 4231 1220 4330 neque
1257 4233 1363 4295 vero
1412 4192 1529 4297 mihi»
1558 4195 1633 4305 „de
1668 4203 1923 4296 Germano-

459 4408 491 4452 „
507 4370 605 4432 rum
643 4333 765 4453 fide,
806 4371 942 4475 quam
978 4335 1125 4439 multis
1162 4336 1439 4440 documentis
1470 4336 1664 4480 perspexi
1696 4415 1717 4458 „
1748 4335 1922 4442 subori-

454 4550 486 4596 „
506 4510 577 4574 tur
622 4475 836 4580 dubitatio
866 4518 879 4588 3
914 4481 987 4579 sed
1040 4480 1100 4579 de
1145 4481 1356 4619 patientia
1406 4518 1449 4580 et
1490 4481 1769 4600 tolerantia,
1805 4515 1924 4622 quo³

343 4693 346 4701 Α
457 4618 623 4739 „niam
659 4661 738 4721 nee
780 4658 881 4722 ante
916 4617 1102 4724 biduum
1139 4641 1408 4741 commeatus
1445 4623 1674 4764 importari
1712 4659 1924 4765 possunt,

449 4802 579 4890 „nec
615 4764 903 4907 stipendium
940 4766 1050 4869 intra
1084 4805 1281 4870 mensem
1329 4770 1581 4896 numerari,-
1621 4808 1736 4911 quae
1774 4785 1818 4870 a³
1840 4807 1920 5010 spp-

1810 4985 1840 5033 u
1883 4947 1920 5007 Β
