4042 5864
472 571 632 668 Magazae
658 568 820 664 templum
836 566 1015 665 direptum.
1031 563 1060 637 1.
1075 565 1134 660 87.
1235 565 1413 640 Malatesta
1435 567 1654 653 (Ballonius)
1682 563 1856 637 Perusiam
1882 560 1976 639 cer-¹

473 674 674 767 Magnetum
694 669 814 738 insula.
845 673 872 737 Ι.
891 692 948 763 23.
1285 666 1327 736 tis
1353 667 1600 752 conditionibus
1622 664 1756 749 tradit,
1776 665 1810 732 et
1827 667 1953 738 Floren-

473 774 639 867 Magnum
659 767 964 864 promontorium,
1001 790 1091 837 nunc
1126 774 1186 837 Etr-
1285 766 1373 836 tinae
1399 767 1476 837 urbi
1502 765 1645 839 tuendae
1684 762 1951 863 praeficitur.1·

512 868 694 960 ¹nasorum.
724 871 869 941 11.116.
910 920 912 924 .
1182 906 1185 910 ι
1286 884 1370 958 297.

475 975 694 1067 Magonenses
712 968 892 1065 desperata
926 964 1043 1062 oppidi
1077 961 1189 1035 defen·
1238 964 1463 1038 Maidonadus
1492 966 1636 1039 militum
1669 962 1881 1064 praefectus.
1910 972 1951 1040 Il.

521 1071 613 1139 sione
640 1092 704 1138 sese
726 1071 759 1140 in
780 1064 960 1142 Charadini
981 1082 1188 1161 'potestatem
1289 1085 1371 1156 249.

525 1168 750 1266 permittunt.
782 1175 810 1240 I.
839 1190 924 1258 415.
969 1168 1121 1234 Numero
1145 1162 1190 1231 ad
1238 1163 1464 1237 Maldonadus
1481 1163 1784 1251 (Franciscus)ad
1801 1165 1951 1237 Villalare

526 1269 616 1339 mille
638 1264 774 1338 ducenti
790 1269 823 1337 in
847 1264 1040 1338 servitutem
1060 1263 1190 1332 abstra·
1287 1264 1437 1361 capitur.
1477 1270 1505 1335 Ι.
1530 1283 1587 1356 97.
1627 1262 1763 1334 Ibidem
1798 1266 1950 1361 postridie

525 1370 676 1442 huntur.
710 1368 739 1434 l.
757 1369 839 1454 416.
1288 1383 1397 1434 morte
1420 1365 1623 1434 mulctatur.
1642 1369 1672 1431 Ι.
1694 1365 1756 1447 98.

477 1468 637 1567 Magonis
660 1488 784 1564 vportus
805 1485 838 1535 et
863 1460 1028 1559 oppidum
1055 1482 1074 1530 a
1097 1457 1191 1529 Cha·
1238 1461 1462 1538 Maldonadus
1495 1466 1667 1549 (Petrus)
1704 1462 1750 1533 ad
1798 1463 1953 1536 Villalare·

526 1568 654 1640 radino·
687 1565 860 1661 diripitur.
894 1570 922 1632 l.
949 1584 1035 1653 413.
1070 1565 1190 1628 Portus
1286 1562 1436 1659 capitur.
1468 1566 1497 1630 1.
1523 1581 1580 1653 97.
1619 1559 1717 1631 Idem
1749 1562 1947 1638 Pimentelus

527 1665 753 1762 capacissimus
787 1691 807 1734 a
851 1662 1040 1733 Barbaroxa
1073 1655 1189 1752 diripi·
1285 1668 1437 1754 quoque
1471 1659 1727 1756 cognominatus
1775 1712 1788 1745 ‚
1831 1663 1946 1738 ibidem

528 1786 604 1837 tur.
630 1770 675 1834 ll.
699 1782 776 1856 139.
1284 1764 1517 1831 Beneventano
1546 1759 1676 1829 Comici
1709 1785 1774 1855 pro
1807 1786 1944 1862 cognato

477 1863 711 1942 Mahumctani
740 1859 850 1932 Sancti
877 1856 1012 1950 Ioannis
1045 1853 1188 1925 natalem
1284 1856 1475 1955 deprecanti
1515 1857 1550 1926 in
1597 1858 1788 1932 custodiam
1825 1863 1944 1936 datur.

528 1965 615 2035 diem
640 1962 759 2034 festum
785 1979 912 2057 agunt.
940 1962 967 2025 Ι.
989 1959 1066 2049 376.
1285 1963 1314 2028 Ι.
1337 1958 1396 2043 98.

476 2066 695 2144 Mahumetus
719 2059 866 2132 Curubis
893 2061 968 2128 Rex
992 2054 1183 2124 societatem
1236 2056 1416 2130 Maluenda
1437 2056 1601 2141 (Petrus)
1625 2055 1829 2158 Theologus
1849 2067 1943 2133 Lute-

526 2186 559 2233 et
580 2161 759 2231 amicitiam
779 2182 856 2228 cunr
868 2153 1020 2251 Hispanis
1039 2151 1119 2221 init.
1141 2154 1187 2223 ΙΙ.
1284 2156 1330 2225 tia
1354 2180 1372 2224 a
1400 2156 1525 2224 Carolo
1544 2176 1729 2241 evocatus,
1759 2163 1943 2232 Vormatiae

490 2334 491 2338 ,
533 2280 610 2356 494.
646 2257 888 2330 Monasterium
910 2273 945 2322 et
978 2250 1097 2346 Sicigul
1123 2272 1188 2342 op-
1285 2254 1477 2325 Conventui
1487 2254 1639 2324 interesse
1655 2257 1808 2343 jubetur.
1821 2263 1940 2353 Il.123.

528 2360 605 2456 pida
622 2359 655 2427 in
670 2358 831 2427 ditionem
848 2371 1041 2448 perpetuam
1058 2348 1188 2443 accipit.
1234 2352 1464 2427 Mandrudrus
1485 2355 1743 2426 Germanorum
1760 2357 1940 2453 praefectus.

527 2465 574 2528 ll.
593 2476 671 2551 394.
1284 2455 1330 2521 11.
1358 2471 1439 2541 279.
1466 2457 1556 2523 Cum
1580 2456 1714 2524 Carolo
1742 2457 1778 2526 in
1803 2457 1933 2529 secunda

477 2557 696 2635 Mahumetus
719 2557 794 2626 Rex
815 2553 1023 2620 Tremezeno
1043 2546 1185 2643 pellitur.
1284 2550 1352 2620 acie
1369 2570 1536 2621 versatur.
1565 2553 1611 2620 ΙΙ.
1632 2554 1721 2637 289.

525 2660 572 2727 11.
597 2658 677 2724 216.
704 2654 759 2721 De
783 2647 946 2746 stipendio
971 2667 1117 2717 recusat.
1140 2650 1186 2714 II.
1234 2646 1497 2733 Manfredonia,
1522 2673 1627 2743 quam
1661 2674 1784 2723 veteres
1805 2655 1934 2750 Sipunta

527 2778 608 2845 217.
640 2750 789 2847 Epistola
801 2800 812 2832 ,
824 2773 891 2842 qua
910 2745 1100 2817 Alcaudetis
1115 2750 1187 2814 Co-
1283 2748 1520 2830 nominabant‚
1538 2751 1572 2819 in
1587 2754 1710 2823 Caroli
1720 2755 1856 2824 Caesaris
1872 2751 1934 2823 lide

527 2877 595 2923 mes
618 2875 696 2920 eum
720 2849 763 2920 ad
786 2850 857 2944 pari
876 2845 1068 2918 conditione
1091 2842 1187 2915 dimi·
1286 2865 1478 2942 permanet.
1508 2851 1536 2915 Ι.
1557 2872 1639 2940 254.

527 2951 672 3021 candum
697 2967 879 3044 provocat,
896 2963 1051 3039 accepta,
1073 2940 1187 3012 condi·
1235 2945 1404 3018 Mauricus
1426 2943 1642 3031 (Alfonsus)
1666 2948 1853 3046 Episcopus
1878 2949 1938 3018 Hi·

524 3049 655 3117 tionem
670 3071 738 3114 noo
763 3047 908 3138 respuit.
932 3048 977 3112 ll.
996 3063 1078 3131 225.
1094 3049 1188 3112 Prae·
1284 3043 1457 3138 spalensis,
1473 3046 1638 3116 Ecclesiae
1654 3052 1835 3122 Romanae
1862 3053 1936 3118 Car·

526 3146 574 3216 lio
609 3163 778 3241 superatus
808 3165 885 3211 cum
912 3140 1022 3237 paucis
1049 3163 1185 3209 suorum
1284 3141 1400 3212 dinalis
1415 3190 1426 3224 ‚
1441 3141 1537 3211 obit.
1555 3145 1601 3211 ΙΙ.
1618 3149 1679 3214 66.

528 3244 561 3313 in
584 3244 701 3314 urbem
718 3264 781 3331 sese
795 3241 927 3336 recipit.
944 3244 989 3308 ΙΙ.
1004 3240 1085 3307 228.
1113 3241 1187 3308 De·
1236 3240 1405 3312 Mauricus
1435 3243 1683 3326 (Antonius).
1714 3259 1748 3318 V.
1772 3243 1937 3335 Najarcusis

528 3342 607 3412 inde
629 3343 692 3414 suis
709 3364 826 3437 parum
855 3338 959 3412 fidens
982 3341 1186 3408 Benaraxam
1284 3344 1378 3410 Dux.

528 3463 636 3513 versus
660 3439 827 3538 profugit.
863 3443 908 3508 ΙΙ.
931 3437 1013 3505 228.
1234 3439 1405 3510 Mauricos
1421 3439 1599 3524 (Garcias)·
1615 3453 1648 3513 V.
1673 3443 1805 3514 Osorni
1815 3448 1936 3515 Comes.

480 3539 614 3611 Mainus
636 3546 822 3612 Cremonae
843 3534 1034 3634 praefectus.
1059 3539 1185 3623 1.141.
1234 3537 1404 3609 Mauricus
1426 3541 1630 3629 (Joatrnes)
1659 3589 1671 3610 .
1717 3557 1751 3616 V.
1784 3539 1935 3639 Agnilatis

479 3639 612 3710 Mainus
637 3637 840 3733 (Gaspar).
863 3642 890 3706 1.
915 3639 991 3725 165.
1283 3630 1415 3707 Comes.

478 3737 641 3825 Majorica
669 3737 765 3807 urbs.
790 3736 930 3827 II.139.
1233 3734 1402 3807 Mauricus
1425 3740 1439 3819 (
1459 3737 1602 3825 Joannes
1630 3738 1856 3818 fernandus)
1878 3742 1935 3807 Ca·

479 3836 606 3907 Maissis
629 3835 728 3906 urbs.
752 3838 798 3903 II.
821 3857 901 3926 312.
1282 3834 1424 3903 taloniae
1441 3840 1562 3911 Protex
1581 3837 1809 3906 Barcinonem
1825 3861 1934 3932 appro-

478 3935 586 4022 Majus
609 3932 796 4033 Aragoniae
829 3928 1063 4002 Chancelarius
1095 3930 1184 4024 lega·
1282 3931 1457 4027 pinquanti
1470 3931 1629 4028 Philippo
1657 3936 1801 4006 obviam
1822 3935 1935 4032 longius

523 4035 615 4104 tione
636 4033 749 4106 Caroli
777 4031 867 4128 apud
885 4026 1081 4102 Pontificem
1107 4027 1185 4098 fun·
1282 4026 1455 4126 procedit.
1490 4036 1535 4100 ΙΙ.
1562 4054 1641 4123 351.
1678 4039 1713 4104 Α
1745 4027 1935 4106 Caesaread

525 4152 626 4215 ctus,
651 4130 885 4204 Marchionatu
944 4124 1183 4196 Montisferrati
1282 4130 1470 4223 Philippum
1498 4129 1606 4199 filium
1641 4155 1727 4202 cunr
1759 4134 1873 4203 litteris
1905 4148 1934 4198 et

524 4236 713 4305 Mantuano
732 4231 824 4300 Duci
852 4252 912 4298 suo
936 4221 1091 4321 suffragio
1120 4221 1184 4294 ad-
1283 4227 1446 4298 mandatis
1465 4228 1631 4297 mittitur.
1666 4236 1715 4301 ΙΙ.
1731 4256 1816 4325 430·

523 4332 667 4422 judicat.
689 4337 717 4401 I.
733 4350 818 4422 453.
1231 4327 1401 4398 Mauricus
1420 4325 1691 4410 (ludovicus).
1717 4345 1750 4404 V.
1770 4338 1930 4424 castagne-

474 4433 603 4506 Malaca
620 4426 860 4517 (Franciscus)
883 4423 928 4496 ad
956 4419 1181 4517 recipiendum
1279 4426 1342 4496 dae
1362 4429 1509 4495 Comes.

521 4533 765 4600 Tremezenum
786 4550 865 4598 cum
895 4543 989 4623 patre
1021 4517 1181 4590 confluit.
1231 4525 1402 4598 Mauricus
1424 4527 1518 4592 Luna
1548 4525 1771 4615 (Joannes)
1800 4532 1935 4624 legatus

522 4635 570 4701 11.
590 4630 669 4697 218.
1279 4620 1454 4721 Burgensis
1480 4624 1640 4694 Castellae
1658 4629 1821 4700 Concilio
1847 4629 1937 4698 intet-

471 4734 602 4806 Malaca
625 4727 721 4796 urbs.
748 4732 793 4796 II.
813 4726 894 4795 218.
922 4720 980 4794 Ad
994 4742 1087 4790 oram
1116 4717 1182 4788 Hi-
1278 4744 1341 4793 est.
1372 4727 1415 4791 lI.
1435 4745 1491 4812 7ο.

519 4829 648 4929 spaniae
661 4825 731 4897 sita.
756 4831 801 4894 Il.
832 4849 910 4893 122.
927 4844 959 4893 et
975 4844 1057 4914 430.
1227 4823 1396 4895 Manricus
1441 4823 1673 4909 Najarensium
1709 4828 1820 4899 Ducis
1864 4824 1937 4898 lilius
2005 4874 2006 4883 .

469 4927 661 5003 Malacensis
682 4924 886 5024 Episcopus.
924 4936 956 4993 V·
979 4915 1178 4996 Alexandri·
1274 4946 1352 4995 cum
1380 4919 1569 5019 quingentis
1595 4928 1763 5001 veteranis
1793 4927 1938 5001 militibus

516 5055 588 5102 nus.
1876 5029 1933 5094 Ca·
