4110 5888
333 373 339 379 ’
462 369 560 441 XVI.
918 363 1490 441 SUMMARIUM..

437 518 508 608 put
538 492 663 608 Regni
700 491 974 592 Barbaroxae,
1005 496 1148 574 Turta·
1199 494 1341 573 Lucam
1372 484 1555 572 salutandi
1587 479 1691 572 Pauli
1714 489 1775 573 III.
1807 491 1908 572 Pon·

438 639 599 725 rumque
648 610 884 723 praedonum
935 633 1146 723 receptacu-
1198 606 1301 691 tificis
1337 670 1349 712 ,
1410 605 1727 721 colloquendique
1791 607 1908 722 gratia

436 728 516 813 lum
534 759 545 830 3
562 730 688 841 itaque
714 726 912 812 necessaria
938 726 1023 811 huic
1049 727 1148 812 bello
1198 724 1448 841 progreditur.

438 848 646 961 comparari
662 844 764 958 jubet
781 906 792 947 ,
809 844 1061 959 omnibusque
1086 876 1142 932 co
1256 846 1340 929 Vll.
1400 848 1550 958 Septem
1585 841 1715 927 diebus
1734 841 1796 927 ‘ad
1835 848 1905 927 Lu·

438 968 504 1080 piis
525 965 713 1050 Albanum
738 968 887 1047 Ducem
915 962 1099 1075 praeficit.
1198 989 1282 1044 cam
1313 987 1592 1063 commoratus,
1622 959 1792 1076 quotidie
1820 989 1908 1047 cum

499 1090 541 1168 11.
605 1087 646 1165 ln
674 1080 777 1164 Italia
799 1109 957 1194 quoque
973 1082 1148 1168 Andreae
1198 1078 1378 1163 Pontifice
1404 1080 1452 1164 de
1478 1080 1588 1164 rebus
1634 1078 1684 1163 ad
1720 1079 1907 1190 publicam

440 1201 580 1287 Doriae
616 1199 753 1301 mittit,
778 1224 822 1306 ut
853 1197 1005 1280 classem
1044 1229 1149 1282 suam
1198 1197 1496 1282 Christianorum
1538 1196 1705 1311 quietem
1749 1221 1788 1280 et
1831 1203 1909 1279 Ec-

439 1343 608 1432 paratam
631 1317 768 1399 habeat
794 1343 805 1415 3
835 1314 900 1399 sed
927 1316 1047 1398 Doria
1079 1316 1144 1399 sibi
1199 1314 1437 1400 clesiasticum
1468 1314 1682 1401 Concilium
1710 1314 1903 1427 spectanti-

441 1442 679 1548 Genuaeque
709 1433 846 1546 patriae
884 1461 908 1514 a
940 1437 1150 1518 Turcarum
1200 1431 1269 1516 bus
1302 1432 1553 1548 colloquitur.

441 1554 553 1639 classe
596 1576 635 1637 et
662 1582 685 1635 a
710 1555 815 1666 Rege
848 1548 1047 1634 Gallorum
1073 1579 1149 1635 me·
1259 1554 1358 1635 Vlll.
1419 1557 1477 1635 Ex
1506 1559 1609 1636 Luca
1656 1545 1909 1664 profecrusin

443 1697 575 1775 tuens,
591 1668 773 1754 Carolum
800 1666 942 1752 abello
959 1667 1151 1784 Argehen-
1199 1694 1352 1780 portum
1381 1676 1513 1753 Lunae
1545 1693 1584 1753 et
1616 1668 1801 1782 oppidum
1819 1674 1907 1783 Spe·

444 1792 476 1874 si
510 1790 560 1874 ad
591 1787 714 1872 ltaliae
739 1781 993 1870 defensionem
1022 1788 1145 1872 tradu-
1201 1786 1301 1871 diam
1331 1787 1556 1891 revertitur,
1582 1809 1697 1899 atque
1718 1785 1806 1870 inde
1836 1785 1903 1871 sol-

445 1934 533 2005 cerex
554 1929 733 1990 conatur.
762 2010 769 2023 ι
1201 1933 1293 1988 vens
1307 1906 1356 1990 ad
1369 1904 1543 1989 Corsicae
1563 1927 1806 2016 conspectum
1830 1934 1906 1989 ma·

503 2028 563 2107 Ill.
624 2024 716 2106 Hoc
746 2048 925 2136 responso
941 2024 1077 2106 Caesar
1098 2022 1147 2107 in·
1201 2049 1277 2136 gna
1301 2026 1522 2137 tempestate
1552 2051 1640 2105 cum
1672 2045 1754 2106 tota
1795 2021 1909 2108 classe

356 2183 358 2187 ⁴
443 2140 621 2259 'dignatus
652 2141 780 2225 denuo
812 2138 951 2223 Doriae
967 2169 1033 2253 per
1058 2141 1152 2226 litte-
1201 2137 1375 2251 jactatur.
1408 2139 1568 2224 Carolus
1583 2140 1660 2252 ipse
1681 2137 1810 2223 locum
1827 2169 1910 2253 pro

443 2291 503 2347 ras
533 2261 658 2372 iubet,
675 2285 719 2343 ut
735 2281 837 2342 totus
869 2256 1041 2367 inhujus
1067 2259 1152 2342 belli
1201 2286 1249 2368 pe
1280 2263 1435 2343 Sacrum
1471 2256 1774 2372 promontorium
1816 2286 1909 2347 non·

444 2401 667 2492 apparatum
695 2375 854 2459 insistat.
887 2374 1006 2457 Doria
1038 2376 1152 2492 negli·
1201 2374 1291 2459 nihil
1317 2406 1340 2458 a
1368 2375 1488 2463 ventis
1516 2398 1708 2489 tegentem
1743 2375 1859 2489 capit.

445 2519 577 2611 genter
605 2523 684 2577 rem
703 2492 991 2596 administrans,
1018 2495 1152 2576 Caesa-
1255 2497 1344 2577 ‘lx
1419 2493 1596 2608 Dispersis
1628 2493 1787 2578 navibus
1825 2521 1909 2580 coa-

444 2614 491 2697 ris
521 2607 791 2725 profectionem
822 2609 1021 2723 plusquam
1048 2639 1152 2695 men·
1202 2607 1297 2716 ctis,
1326 2612 1364 2695 in
1389 2636 1542 2724 portum
1572 2605 1751 2694 Bonifacii
1780 2638 1914 2724 perve⁴

446 2760 524 2816 sem
557 2754 746 2814 moratur.
1203 2727 1285 2831 nit,
1323 2727 1459 2814 deinde
1491 2727 1696 2814 Sardiniam
1724 2730 1912 2846 attingens

503 2850 572 2932 IV.
630 2847 834 2932 Ratisbona
862 2844 1016 2931 tandem
1033 2845 1153 2932 Caro·
1197 2860 1349 2954 portum
1393 2846 1549 2930 Comitis
1595 2846 1735 2951 intrat,
1774 2871 1813 2931 et
1844 2846 1912 2934 Al-

445 2965 502 3052 lus
526 2961 713 3080 profectus
742 2963 1032 3077 Oenspruchum
1064 2995 1151 3078 pro
1202 2963 1342 3078 getiam
1380 2963 1712 3052 Barcinonensium
1754 2994 1913 3080 progre-

447 3083 589 3188 cedit,
624 3083 691 3166 ubi
722 3111 811 3164 cum
850 3104 992 3194 septem
1035 3077 1153 3167 fratris
1204 3082 1303 3166 ditur
1335 3081 1446 3169 valde
1473 3084 1523 3166 ab
1553 3080 1749 3195 oppidanis
1778 3112 1906 3168 mune-

446 3201 565 3286 liberis
597 3200 672 3285 dies
700 3199 870 3314 quinque
904 3223 1059 3313 paterna
1099 3199 1153 3284 in-
1202 3224 1328 3286 rarus.

446 3316 639 3433 dulgentia
666 3314 873 3401 consumit.
1043 3398 1045 3402 ,
1262 3322 1312 3405 Χ.
1372 3320 1538 3405 Sardinia
1568 3318 1716 3407 solvens
1757 3321 1913 3405 inMa·

506 3440 556 3520 V.
616 3435 681 3522 Ad
693 3434 918 3520 Tridentum
933 3435 1066 3518 urbem
1092 3464 1151 3552 ge·
1202 3437 1311 3550 gonis
1355 3463 1507 3550 portum
1541 3438 1709 3552 procedit
1744 3465 1757 3540 3
1794 3462 1912 3554 atque

447 3582 580 3639 nerum
628 3584 739 3637 suum
771 3551 977 3637 Octavium
1019 3556 1152 3639 farne·
1202 3553 1289 3639 inde
1315 3554 1504 3641 discedens
1529 3556 1750 3669 Majoricam
1778 3556 1911 3644 urbem

447 3673 570 3773 sium,
592 3673 697 3757 Vasti
712 3669 1001 3773 Marchioncm,
1025 3694 1062 3754 et
1078 3675 1155 3757 Ve-
1203 3669 1343 3776 intrat,
1373 3673 1611 3788 popularibus
1639 3673 1913 3790 gratulatione,

450 3816 628 3874 netorum
664 3788 806 3904 legatos
834 3816 846 3888 3
880 3787 930 3872 ad
964 3786 1155 3874 Piscariam
1204 3786 1358 3892 offici0,
1388 3816 1427 3876 et
1457 3792 1672 3879 muneribus
1708 3821 1797 3884 eum
1823 3821 1913 3907 pro-

446 3906 628 3995 Fertariae
654 3912 805 3990 Ducem
836 3933 848 4005 3
880 3932 960 3987 non
988 3904 1103 4022 longe
1132 3938 1156 3992 a
1205 3910 1464 4022 sequentibus.

447 4028 612 4111 Mantua
641 4052 828 4138 puerum,
851 4021 928 4134 ejus
954 4024 1051 4106 urbis
1077 4029 1154 4110 Du·
1251 4029 1317 4110 Xl.
1364 4034 1508 4112 Interea
1524 4032 1615 4112 Dux
1629 4025 1798 4114 Albanus
1822 4056 1913 4116 cum

446 4172 529 4227 cem
543 4204 558 4247 ,
571 4171 659 4225 cum
675 4147 862 4256 Gonzaga
881 4139 1069 4224 Cardinali
1084 4144 1153 4228 oh
1205 4144 1364 4229 navibus
1393 4146 1566 4230 onerariis
1600 4175 1646 4232 ex
1675 4175 1777 4235 nova
1813 4150 1915 4232 Car-

446 4261 529 4347 vios
552 4260 666 4345 habet
681 4290 693 4364 3
709 4283 748 4343 et
773 4287 838 4374 per
865 4256 1150 4366 Mediolanum,
1204 4261 1358 4376 rhagine
1409 4259 1597 4377 profectus
1649 4264 1688 4349 in
1737 4263 1913 4351 Balearici

446 4378 599 4491 Papiam
627 4404 665 4462 et
691 4375 952 4463 Alexandriam
977 4381 1155 4464 Genuam
1206 4380 1314 4464 maris
1343 4381 1477 4467 insulas
1511 4382 1736 4485 advehitur,
1763 4408 1803 4467 et
1824 4412 1914 4467 cum

446 4493 631 4611 pervenit.
1205 4527 1254 4583 eo
1291 4503 1464 4587 Proceres
1510 4499 1666 4612 Hispani
1719 4500 1914 4606 nonnulli,

505 4617 574 4699 Vl.
636 4610 729 4695 Inde
760 4613 963 4698 conscensis
996 4615 1154 4701 navibus
1206 4616 1495 4733 Fernandusque
1552 4616 1741 4705 Cortesius
1799 4618 1915 4706 Vallis

446 4729 659 4851 profectus,
680 4729 899 4846 Viaregium
924 4731 1099 4845 appellit,
1116 4758 1155 4818 et
1206 4732 1402 4818 Marchio.

1828 4854 1918 4941 Huc
