4110 5888
670 364 1182 438 sUMMARIUM.
1574 372 1620 438 V.

236 495 292 578 V.
352 490 515 576 Car'olus
543 488 702 574 Paulum
741 488 892 573 Pontifi-
941 485 1058 571 Gallis
1115 516 1202 570 cum
1258 487 1462 578 triremibus
1503 491 1644 580 liberari

172 641 270 698 cem
288 610 500 695 Maximum
530 635 596 721 per
628 608 763 692 litteras
788 633 892 708 orat,
942 604 1069 717 jussis,
1101 604 1138 687 in
1166 605 1393 691 Stoechadas
1427 608 1559 694 insulas
1589 613 1645 696 di-

177 755 228 815 ut
257 728 308 812 ad
343 755 474 840 pacem
506 753 610 809 suam
632 724 891 809 auctoritatem
942 749 1108 836 gressus,
1139 720 1176 804 in
1202 745 1354 833 porntm
1381 727 1550 812 Herculis
1578 731 1646 812 Vt-

178 847 422 959 interponat.
943 838 1172 943 llaefrancae
1215 866 1474 955 nuncupatum
1517 875 1647 958 petve-

244 966 313 1046 Vl.
371 955 545 1045 Pontifex
570 959 620 1042 ab
643 981 806 1071 utroque
825 961 894 1042 Re·
945 956 1022 1039 nit.

182 1109 236 1195 ge
268 1102 420 1191 accepta
452 1076 667 1160 conditione
699 1075 824 1158 locum
845 1075 895 1159 ad
1006 1076 1091 1156 XII.
1152 1075 1365 1159 fernandus
1396 1075 1552 1162 Tolerus
1582 1079 1647 1165 Al·

180 1195 422 1310 colloquium
469 1192 519 1276 ad
545 1191 797 1307 Allobrogum
829 1192 893 1274 Ni·
946 1191 1133 1274 banorum
1163 1194 1252 1273 Dux
1278 1190 1498 1277 Pontificem
1525 1198 1646 1281 Maxi-

180 1342 314 1397 caeam
351 1308 542 1396 constituit
581 1308 734 1392 induciis
761 1338 889 1422 proro·
949 1337 1054 1389 mum
1082 1312 1270 1391 Savonam
1297 1338 1529 1424 progressum
1556 1340 1645 1399 cum

184 1430 278 1545 gatis
311 1458 376 1543 per
410 1450 545 1510 terram
562 1486 576 1532 ,
593 1450 631 1510 et
657 1454 756 1510 mare
784 1427 892 1512 dum-
943 1425 1069 1535 Caroli
1096 1425 1299 1510 triremibus
1314 1428 1492 1511 Nicaeam
1526 1458 1645 1544 usque

184 1569 284 1631 taxat
329 1546 538 1630 internum.
587 1547 724 1627 Caesar
769 1541 891 1656 profe·
942 1541 1116 1627 deducit.
1151 1542 1357 1626 Sabaudiae
1381 1549 1470 1628 Dux
1501 1573 1525 1626 a
1553 1548 1645 1631 Gal-

183 1665 350 1747 crionem
365 1684 497 1775 parat,
519 1660 694 1744 omnibus
708 1657 784 1744 fere
800 1661 889 1766 suis,
942 1655 1064 1743 lorum
1083 1665 1189 1775 Rege
1216 1661 1437 1745 subornatus
1472 1653 1644 1778 tergiver-

180 1780 316 1864 sedin
348 1777 470 1893 primis
500 1777 652 1862 Andrea
685 1778 802 1861 Dotia
834 1779 889 1864 id·
941 1800 1066 1882 satur,
1099 1806 1147 1860 ne
1168 1775 1384 1861 Pontificem
1398 1779 1434 1861 in
1452 1806 1572 1862 arcem
1589 1811 1641 1866 re

182 1925 234 1981 eo
264 1895 590 1998 reclamantibus,
625 1923 674 1979 ne
711 1922 778 2006 per
807 1896 889 1979 col·
941 1894 1051 2006 cipiat
1068 1953 1080 1997 ,
1100 1921 1179 1978 rem
1208 1893 1365 1977 Caesare
1397 1894 1645 1983 molestissime

180 2012 301 2126 loquii
364 2011 637 2096 simulationem
695 2010 893 2100 Gallorum
930 2005 1104 2095 ferente.

182 2132 268 2216 Rex
301 2154 447 2244 tempus
480 2129 626 2214 trahat.
991 2129 1091 2211 ΧΙΙΙ.
1149 2126 1283 2212 Paulus
1298 2124 1470 2213 Pontifex
1484 2129 1522 2213 in
1537 2134 1644 2217 Fran·

243 2249 328 2331 Vll.
386 2246 595 2330 Barcinone
639 2245 750 2360 igitur
800 2275 888 2331 con·
940 2242 1169 2329 ciscanorum
1204 2247 1431 2331 coenobium
1474 2247 1647 2333 suburba-

183 2389 309 2447 scensa
353 2362 578 2476 quadriremi
627 2362 888 2476 proficiscitur,
942 2388 1035 2445 num
1052 2362 1226 2466 divertit,
1242 2387 1280 2447 et
1296 2363 1536 2476 parumintra
1564 2393 1645 2450 coe·

183 2480 299 2564 tribus
331 2479 604 2583 Antistitibus,
646 2502 685 2564 et
727 2480 888 2594 pluribus
940 2479 1096 2562 nobium
1124 2508 1334 2596 progressus
1363 2479 1542 2565 Carolum
1578 2511 1643 2568 ve-

184 2596 401 2683 Proceribus
433 2596 718 2682 assectantibus.
941 2593 1105 2682 nientem
1136 2621 1349 2711 exspectat,
1374 2624 1457 2683 tum
1482 2620 1645 2714 uterque

256 2717 357 2799 Vlll.
432 2716 547 2799 Varia
588 2740 627 2800 et
667 2713 891 2798 inconstanti
942 2740 1028 2827 post
1067 2713 1324 2799 adorationem
1352 2740 1399 2799 et
1429 2741 1645 2801 consuetam

180 2860 270 2914 usus
286 2831 545 2945 navigatione,
572 2832 611 2916 in
630 2830 786 2916 statione
802 2861 892 2945 qua·
943 2830 1201 2915 salutationem
1234 2829 1463 2941 colloquium
1497 2831 1535 2913 in
1577 2834 1646 2919 ho

183 2947 276 3031 dam
323 2948 413 3032 citra
447 2948 647 3034 Massiliam
685 2947 783 3060 jactis
832 2976 893 3031 an·
944 2974 1002 3030 ras
1031 2946 1170 3031 circiter
1202 2971 1364 3061 quatuor
1408 2947 1645 3061 producunt,

184 3063 307 3149 choris
337 3089 550 3178 exspectat,
583 3064 675 3151 dum
704 3093 817 3154 naves
849 3096 891 3150 o·
944 3064 1051 3176 quod
1084 3063 1218 3148 iterant
1244 3087 1329 3178 post
1348 3065 1446 3150 diem
1472 3066 1643 3156 tertium.

183 3210 291 3266 mnes
317 3183 564 3270 conveniant.
1001 3182 1108 3264 XlV.
1167 3185 1248 3264 Rex
1281 3181 1412 3266 Gallus
1436 3180 1502 3266 diu
1528 3214 1644 3270 mora·

245 3301 312 3382 lX.
371 3300 522 3386 Deinde
552 3297 591 3383 in
626 3298 786 3385 Gallicas
830 3301 894 3385 tri-
944 3320 1004 3381 tus
1024 3296 1233 3409 Antipolim
1273 3298 1425 3384 tandem
1458 3301 1646 3412 pervenit,

184 3442 305 3501 remes
334 3415 499 3503 incidens
528 3446 551 3501 a
579 3421 787 3502 Tuscarum
811 3415 893 3501 fini·
944 3414 1047 3499 unde
1079 3414 1129 3499 ad
1159 3413 1339 3499 Carolum
1371 3413 1552 3501 salutandi
1568 3446 1646 3531 gra-

183 3531 256 3615 bus
286 3534 482 3620 redeuntes
512 3595 524 3638 ,
553 3533 748 3637 unamin
789 3533 892 3620 dedi-
943 3534 998 3616 tia
1026 3531 1122 3616 duos
1162 3534 1334 3616 Procetes
1365 3530 1496 3615 mittit.
1541 3534 1646 3620 Idem

183 3648 328 3736 tionem
357 3652 483 3738 venire
513 3650 616 3764 cogit
633 3712 645 3755 ,
662 3675 734 3734 tres
766 3650 883 3761 capit.
941 3647 1010 3762 ipsi
1032 3643 1196 3732 officium
1220 3669 1379 3763 praestat
1394 3645 1550 3733 Carolus
1578 3679 1645 3763 pet

243 3768 293 3850 X.
352 3769 428 3851 Hic
460 3768 617 3852 Carolus
659 3797 705 3851 ex
740 3767 891 3882 captivis
946 3795 1032 3850 suos
1061 3763 1225 3878 legatos.
1757 3758 1760 3767 ’

183 3881 298 3966 Gallis
339 3885 473 3998 reperit
506 3883 759 3997 ,quindecim
788 3884 889 3968 trire-
1000 3882 1090 3964 XV.
1148 3877 1320 3966 Pontifex
1346 3882 1535 3968 Maximus
1562 3941 1576 3986 ,
1606 3909 1645 3970 et

180 4027 261 4083 mes
293 4027 318 4081 a
347 4002 539 4087 Francisco
565 4000 616 4085 ad
631 4000 889 4113 'Solymanum
940 4001 1022 4082 Rex
1047 3997 1254 4098 franciscus
1283 3997 1333 4083 ad
1366 3998 1488 4085 villam
1513 4000 1645 4084 Nicae-

178 4116 307 4200 missas
340 4111 444 4202 fuisse
460 4178 472 4223 ,
488 4116 555 4230 qui
586 4116 634 4200 de
659 4117 885 4202 Christiano
940 4115 979 4197 ni
1010 4113 1089 4228 agri
1119 4142 1326 4198 sermonem
1355 4115 1404 4198 ad
1435 4114 1518 4198 solis
1555 4146 1647 4229 pae-

178 4260 267 4318 tum
291 4260 383 4345 pace
403 4257 554 4346 accepto
579 4235 712 4319 nuntio
726 4295 738 4336 ,
751 4262 889 4319 earum
939 4259 990 4314 ne
1015 4257 1187 4315 occasum
1220 4230 1457 4345 producunt.
1507 4233 1645 4319 Gallo-

176 4335 411 4461 praefectiim
444 4352 670 4462 Byzantium
700 4351 750 4435 ad
775 4381 813 4434 se
831 4372 889 4434 'e·
940 4378 1024 4432 tum
1054 4349 1198 4462 Regina
1230 4343 1447 4429 Pontificem
1481 4348 1646 4437 adoran-

175 4489 299 4551 vocat
315 4525 327 4569 ,
345 4490 388 4550 ur
405 4527 416 4568 ,
434 4467 548 4581 captis
580 4466 808 4571 triremibus,
825 4495 889 4553 cu·
942 4466 980 4548 di
1010 4463 1266 4575 salutandique
1294 4462 1410 4578 gratia
1436 4466 1562 4551 venit.v

176 4583 327 4670 stodiae
358 4610 446 4667 eum
470 4584 608 4669 tradat.
998 4583 1105 4665 XV1.
1165 4579 1308 4695 Regina
1340 4582 1471 4667 eadem
1517 4585 1647 4672 navim

238 4701 305 4786 XI.
364 4703 526 4809 Caesar,
550 4701 604 4787 his
635 4702 815 4818 cognitis,
850 4726 889 4788 et
912 4696 1151 4787 econscendt
1208 4698 1388 4784 Carolum
1449 4702 1647 4904 Caesarfpam
