4110 5888
618 361 1119 440 SUMMARIUM.
1502 373 1592 440 LIII.

203 487 375 578 XXXV.
438 481 569 571 Classis
592 489 772 572 Genuam
799 514 861 604 ap
909 487 1022 574 Gallo
1052 488 1118 574 sibi
1147 518 1227 578 non
1253 487 1431 579 mittitur.

149 609 268 729 pellit.
302 613 505 693 Procerum
520 606 773 718 expositorum
793 634 882 692 no
979 611 1081 693 XLI.
1149 611 1285 695 Albani
1333 610 1528 698 consilium
1574 609 1627 704 de

148 730 268 818 mina.
917 727 1239 844 Brandeburgensi
1279 731 1504 818 Marchione
1552 736 1626 818 Ca-

221 847 410 933 XXXVI
471 849 562 932 Dux
594 840 796 952 Albanus,
824 871 863 932 et
912 845 998 930 rolo
1013 848 1162 930 Caesari
1180 848 1474 935 reconciliando
1506 856 1580 940 Bra
1582 880 1624 936 ιι

145 996 300 1053 tumeo
325 960 498 1049 nonnulli
531 963 732 1078 Hispaniae
765 906 861 1049 P’ro-
914 964 1153 1079 debutgensis
1181 965 1333 1051 Albano
1362 971 1570 1087 gratias
1522 970 1622 1066 aoit

146 1113 240 1172 ceres
274 1081 418 1167 Carolo
445 1110 492 1165 ex
517 1084 560 1164 V
563 1081 667 1166 rllaco
696 1082 854 1167 redeun·
914 1081 988 1166 Hic
1024 1082 1183 1166 Alberto
1226 1085 1396 1195 veniam
1419 1120 1448 1162 a
1489 1045 1633 1184 faidis

88 1212 90 1216 ’
147 1200 291 1315 diuma
305 1199 595 1315 Oenspruchum
612 1199 714 1284 obvii
740 1198 859 1284 ιιιιιιι
915 1195 1112 1310 impetrat

105 1337 114 1347 ”
146 1322 313 1434 loannes
353 1323 532 1403 Guevara
561 1317 749 1429 Hispanos
794 1315 862 1400 mi·
975 1316 1090 1398 XLII
1156 1310 1317 1401 Carolus
1330 1312 1513 1406 articulari
1532 1352 1628 1410 mot

148 1440 225 1525 lites
245 1436 483 1555 ,Melignani
515 1434 690 1520 Marchio
718 1433 862 1519 Italicos
915 1434 969 1518 bo
1015 1428 1172 1519 afflictus
1201 1436 1441 1523 Teunvillam
1476 1470 1552 1526 sese
1578 1471 1630 1527 re

154 1587 198 1642 ex
230 1553 575 1640 Mediolanensibus
610 1550 832 1666 praesidiis
822 1579 863 1634 m
920 1550 1036 1663 cipit,
1050 1580 1173 1637 rerum
1202 1553 1373 1638 omnium
1403 1584 1492 1641 cura
1517 1559 1631 1645 Alba·

155 1673 400 1770 Germaniam
428 1674 596 1758 ducunt.
915 1697 969 1752 no
1016 1669 1174 1754 tradita
1222 1671 1365 1758 Alberti
1403 1676 1603 1809 pedites
1592 1707 1632 1762 ιιι

192 1792 396 1874 XXXVII
451 1791 600 1871 Caesari
617 1785 862 1875 Menincbam
916 1787 1138 1871 Caesariana
1190 1813 1308 1874 castra
1362 1794 1513 1879 transite
1576 1823 1632 1878 re

150 1907 392 1996 contendenti
433 1911 721 2022 Agusranorum
764 1907 863 2022 lega·
915 1930 1065 2012 nuum,
1085 1905 1136 1990 ab
1171 1907 1347 1992 Aumalio
1380 1910 1510 1997 scilicet
1537 1911 1630 1995 Gal-

147 2030 171 2113 ti
209 2055 360 2144 praesto
407 2048 495 2110 sunt
544 2023 751 2137 suppliciter
799 2053 862 2112 ve·
916 2022 1040 2107 lorum
1070 2021 1260 2137 praefecto
1295 2025 1484 2111 solicitati.

152 2145 252 2231 niam
284 2170 474 2261 petentes
752 2161 753 2165 '
853 2198 856 2206 ,
974 2143 1106 2227 XLIII.
1177 2143 1353 2229 Albertus
1398 2173 1493 2232 vero
1542 2175 1630 2234 cum

193 2267 409 2349 XXXVIII.
458 2260 619 2350 Carolus
636 2287 788 2380 accepta
803 2290 864 2349 ex·
916 2259 998 2345 solo
1037 2260 1209 2378 equitatu
1254 2263 1379 2348 statim
1420 2263 1459 2347 in
1492 2267 1624 2351 Gallos

154 2383 337 2468 cusatione
352 2384 486 2490 urbem
500 2383 727 2498 ingreditur,
748 2384 864 2493 Joan
916 2405 1068 2484 movet,
1099 2410 1240 2517 eosque
1271 2381 1405 2501 fugat,
1441 2407 1630 2519 captoque

152 2502 188 2586 ni
219 2483 399 2587 Federico
433 2503 613 2587 Saxoniae
650 2499 748 2583 Duci
795 2500 865 2584 do·
916 2495 1146 2611 praefecto
1138 2531 1176 2584 ιιι
1210 2504 1376 2587 Caesaris
1414 2528 1533 2588 castra
1566 2530 1631 2586 co

147 2650 252 2705 mum
286 2619 452 2706 abeundi
481 2641 706 2734 potestatem
752 2613 864 2724 facit,
915 2618 982 2731 piis
1013 2620 1192 2705 omnibus
1220 2622 1440 2708 contendit

147 2737 446 2877 senatumque
436 2766 476 2822 tn
504 2737 698 2853 pristinum
723 2759 863 2824 stataun
989 2739 1125 2822 XLIV
1203 2741 1373 2826 Militum
1429 2767 1624 2846 numerus,

148 2860 323 2944 restituit.
913 2854 1090 2969 qubus,
1120 2857 1258 2940 consilii
1292 2857 1522 2971 potissimum
1562 2888 1629 2942 au-

222 2980 406 3061 XXXIX.
466 2983 616 3063 Ducem
654 2974 866 3079 Albanum,
914 2997 1019 3058 ctore
1049 2973 1227 3079 Albano,
1248 2975 1338 3060 illud
1363 2974 1517 3088 quidem
1541 2998 1625 3088 pro·

149 3094 321 3206 proxima
352 3093 418 3178 sibi
450 3095 656 3209 imperandi
688 3090 863 3179 facultate
915 3089 1029 3177 bante
1055 3092 1224 3198 Carolo,
1251 3093 1316 3178 sed
1334 3087 1522 3208 praefectis
1548 3089 1626 3177 fere

150 3212 312 3319 tributa,
339 3214 533 3327 copiarum
565 3236 718 3346 partem
733 3213 771 3295 in
798 3211 864 3294 Vi
916 3210 1089 3295 omnibus
1132 3236 1171 3296 et
1219 3212 1307 3295 anni
1349 3236 1519 3324 tempore
1563 3212 1625 3295 de·

150 3333 451 3449 tembutgensem
482 3338 675 3416 Ducantm
708 3328 854 3414 induce·
917 3328 1149 3414 hortantibus
1190 3391 1202 3435 ,
1249 3351 1469 3446 oppugnata
1507 3327 1624 3412 Metis

150 3475 189 3532 re
217 3451 384 3564 jubet,
375 3480 452 3564 ipse
487 3449 640 3534 Ulmam
670 3448 859 3582 progredi·
915 3441 1050 3552 fuerit,
1067 3474 1296 3534 recensetur

148 3590 225 3652 tur.
278 3568 561 3673 Ulmensium,
615 3568 864 3700 Argentinen·
980 3567 1100 3649 XLV
1167 3562 1364 3653 Albam
1341 3596 1380 3649 ιι
1424 3563 1620 3652 obsidione

154 3685 270 3790 sium,
295 3684 650 3772 Francafottensium
685 3708 725 3768 et
752 3685 864 3769 Ratis
915 3708 953 3768 et
986 3685 1268 3801 oppugnatione
1314 3714 1342 3768 u
1356 3685 1485 3800 genda
1525 3714 1620 3769 sum

153 3800 374 3889 bonensium
399 3835 488 3920 erga
519 3810 786 3918 Imperatorem
820 3801 862 3886 fi
914 3831 1076 3885 macuta
1105 3828 1144 3888 et
1171 3802 1391 3935 diligentia,
1407 3833 1523 3917 quam
1549 3797 1619 3884 fru

154 3920 239 4004 des.
287 3922 352 4007 Ad
403 3922 637 4013 [andavium
681 3920 865 4034 oppidum
916 3945 1050 4004 stratur
1076 3919 1328 4006 munitionum
1352 3921 1539 4005 hostilium
1564 3915 1622 4000 fir·

149 4038 353 4148 conjunctis
384 4040 500 4156 copiis
531 4041 664 4126 stativa
687 4039 764 4123 dies
787 4067 864 4120 am·
915 4039 1064 4122 mirudo
1081 4039 1286 4151 ,temporis
1320 4038 1497 4141 saevitia,
1522 4064 1621 4119 mot·

149 4155 243 4267 plius
281 4156 498 4269 quindecim
528 4157 657 4242 habet
915 4156 1124 4269 bi,pabuli
1152 4156 1349 4291 denique
1340 4154 1489 4268 inopia

211 4276 297 4357 XL
360 4275 473 4358 Metis
504 4275 602 4358 urbis
634 4276 683 4358 ab
711 4273 863 4359 Albano
973 4277 1113 4358 XLVI.
1172 4274 1243 4356 His
1283 4275 1393 4388 igitur
1436 4270 1596 4355 malis
1582 4301 1622 4356 tn

149 4391 404 4525 oppugnatio.
440 4391 588 4476 Alberti
626 4391 861 4475 Brandebur·
914 4393 990 4476 dies
1027 4389 1342 4506 augescentibus,
1374 4389 1537 4474 Carolus
1582 4416 1621 4475 et

154 4509 272 4620 gensis
317 4509 455 4592 circum
485 4539 530 4593 ea
581 4508 664 4592 loca
704 4507 952 4622 praedaeA
913 4507 1083 4591 Albanus
1126 4507 1327 4593 necessitati
1362 4510 1536 4593 cedentes
1561 4534 1622 4590 ca·
1726 4523 1728 4526 ‘

152 4647 190 4704 et
216 4627 475 4727 excursiones,
505 4625 658 4739 eiusque
694 4624 862 4740 indigna·
915 4650 988 4708 stra
1005 4650 1198 4760 movent,
1230 4623 1302 4736 jam
1338 4626 1540 4710 hominum
1564 4655 1624 4709 su

153 4739 242 4849 ti0,
275 4745 383 4860 quod
429 4687 657 4858 stipendium
695 4772 720 4828 a
757 4748 863 4860 Rege
913 4772 982 4857 pra
1006 4742 1320 4862 vigintiquinque
1348 4744 1504 4837 millibus
1524 4771 1625 4941 mggl
