4124 5880
511 394 764 478 cruores
803 396 856 476 v.
899 332 1203 481 uru.xv11.
1492 405 1553 500 47

116 600 254 667 mero
278 563 383 693 ejus
420 551 665 801 imposita
652 553 883 669 Carolus,
918 551 1101 694 inquit,
1138 559 1293 661 Andsea
1321 555 1577 684 &anuh
1500 572 1596 666 mihi

115 711 410 834 confirmauit,
445 705 519 802 sibi
548 728 654 799 tuam
689 733 840 838 operam
873 728 912 797 et
933 700 1060 828 fidem
1090 705 1188 835 prob
1189 714 1288 825 ari,
1318 738 1357 808 ιι
1391 747 1468 811 esse
1503 746 1599 851 pes·
1637 736 1640 743 '

108 886 318 996 gratam
338 849 498 1090 bquod
481 879 624 1014 ipsum
639 847 737 942 mibi
766 879 911 980 quoque
934 874 1094 981 gratum
1130 880 1226 971 est,
1253 881 1292 951 et
1327 857 1371 956 ob
1404 893 1487 956 eam
1516 896 1599 960 rem

114 1005 224 1101 mihi
247 997 361 1133 postb
363 1031 407 1091 ιιι
441 995 532 1089 eris
547 995 718 1090 amicus.
779 999 920 1153 Quae
942 987 1140 1093 verba
1111 1031 1172 1094 stc
1222 994 1356 1110 ille
1346 1035 1602 1145 interpreta

115 1182 194 1248 tus
226 1216 244 1267 ,
277 1134 404 1280 quasi
438 1145 535 1236 Rex
573 1173 648 1234 sua
700 1132 749 1234 in
785 1134 930 1275 ipsum
967 1137 1202 1238 commissa
1252 1142 1406 1244 Caroli
1457 1152 1601 1290 preci-

119 1293 208 1394 bus
245 1285 563 1384 condonaret·
556 1345 567 1387 ι
598 1319 702 1381 cum
739 1278 831 1420 ipse
868 1278 981 1380 nihil
1017 1322 1043 1381 a
1078 1322 1121 1383 se
1158 1284 1206 1385 in
1239 1297 1412 1429 Regem
1455 1285 1602 1432 profe

125 1470 256 1535 ctum
290 1467 427 1548 esse,
464 1425 591 1567 quod
641 1466 734 1527 non
781 1462 927 1567 posset
963 1435 1056 1558 jure
1108 1468 1158 1528 ac
1211 1432 1384 1574 optima
1435 1437 1606 1543 ratione

131 1573 346 1696 defendi,
384 1572 679 1713 praedicarem
714 1570 851 1714 paulo
887 1569 1189 1675 vehementius
1226 1612 1290 1677 est
1323 1617 1600 1688 commotus.

130 1723 273 1846 Quod
308 1755 412 1820 cum
447 1715 632 1819 Carolus
683 1756 736 1816 ex
772 1716 897 1818 vultu
953 1727 1045 1851 ejus
1097 1719 1494 1862 deprehendisset,
1527 1769 1598 1830 re

128 1867 347 2011 spondere
397 1896 665 2006 parantem,
699 1862 868 2005 nequid
903 1864 1020 2007 Regi
1069 1865 1307 1967 molestum
1338 1875 1598 2035 responde-

127 2048 234 2132 ret,
269 2046 381 2111 nutu
418 2004 672 2109 dehortatus
709 2044 799 2109 est
840 2018 990 2150 Itaque
1027 2008 1218 2111 demisso
1254 2012 1394 2153 capite
1429 2016 1598 2137 Doria,

128 2200 182 2259 ac
211 2197 267 2258 ne
289 2153 479 2256 verbum
507 2153 692 2296 quidem
724 2150 901 2273 effatus,
930 2152 1129 2257 discedit.
1171 2155 1345 2258 Deinde
1374 2168 1601 2261 Cornesta

128 2301 232 2404 bilis
263 2302 318 2402 ad
335 2311 478 2441 Reges
514 2297 756 2418 accedens,
792 2295 859 2397 his
896 2296 1036 2399 verbis
1073 2300 1287 2401 Carolum
1325 2301 1597 2444 alloquitur:

131 2453 252 2570 „An
289 2483 381 2545 non
417 2441 537 2564 tibi,
574 2442 770 2562 Carole‚
805 2443 931 2585 quod
965 2443 1188 2586 pollicitus
1231 2484 1384 2567 eram,
1421 2448 1600 2550 abunde

130 2670 164 2716 „
180 2589 407 2735 praestiti?
458 2601 524 2690 En
560 2588 615 2688 ad
653 2624 694 2691 te
730 2597 903 2730 Regem
938 2592 1152 2752 perduxi,
1192 2627 1381 2732 tuaeque
1434 2593 1601 2693 volun·

130 2737 263 2860 „tati
298 2776 351 2838 ac
386 2731 571 2869 arbitrio
609 2732 806 2839 tradidit
838 2773 919 2833 nec
955 2733 1047 2875 ipse
1077 2733 1298 2836 dubitavit
1334 2776 1378 2834 se
1415 2768 1511 2838 tuae
1547 2736 1602 2836 fi·

131 2882 253 3008 „dei
289 2922 337 2982 ac
373 2877 578 3044 potestati
616 2876 906 3019 permittere:
927 2913 1024 2979 tuae
1061 2878 1199 3042 igitur
1235 2876 1519 2980 humanitatis
1555 2916 1601 2980 et

135 3020 325 3149 „officii
372 3024 495 3146 erit,
533 3062 681 3166 parem
734 3061 933 3124 anrmum
986 3023 1102 3186 Regi
1155 3021 1601 3189 benevolentiamque

137 3247 168 3293 „
185 3167 370 3272 referre:
361 3169 569 3313 ·quod
558 3202 618 3269 ιιι
655 3169 837 3270 demum
873 3166 1179 3310 fiet,s1ipse
1215 3170 1271 3268 ad
1323 3205 1422 3269 eum
1461 3169 1601 3295 vicis-

138 3317 350 3440 „simin
387 3314 605 3458 oppidum
641 3324 816 3413 Fossam
853 3312 1100 3413 Marianam
1135 3312 1454 3454 colloquendi,
1491 3346 1599 3454 cpu-

135 3535 164 3581 „
184 3459 337 3582 landi,
385 3497 429 3562 ct
465 3499 569 3560 cum
606 3459 812 3559 omnium
847 3456 1137 3600 gratulatione
1173 3491 1328 3558 mutua
1363 3491 1601 3558 consuetu-

139 3606 289 3724 „dine
345 3600 523 3706 fruendi
573 3603 709 3747 gratia
744 3602 892 3705 venite
940 3641 1032 3705 non
1068 3600 1347 3766 gravaberis3
1385 3603 1509 3744 quod
1558 3638 1602 3703 tc

38 3820 46 3827 -
136 3785 281 3871 „tam
319 3785 419 3851 tuto
455 3743 597 3852 facere
622 3788 757 3890 posse
794 3787 977 3891 ,quam
1014 3749 1050 3849 si
1087 3788 1193 3848 esses
1233 3786 1283 3847 m
1331 3746 1478 3849 media
1512 3747 1604 3848 Hi

127 3967 174 4035 ,,
193 3895 366 4034 spania,
403 3892 488 3996 tibi
524 3892 772 4014 confirmo,
801 3932 1037 4058 meamque
1073 3891 1258 3995 fidem
1246 3929 1512 4057 interpono
1525 3907 1558 3951 “

210 4047 379 4151 XXVI.
458 4040 533 4140 Ad
568 4038 680 4140 hanc
716 4040 967 4141 orationem
1003 4040 1220 4204 Carolus,
1249 4079 1353 4141 cum
1387 4038 1471 4179 ipsr
1506 4072 1602 4137 tam

140 4218 287 4323 aperta
326 4219 370 4283 et
404 4223 563 4328 urgens
599 4184 803 4288 invitatio
842 4221 1013 4328 praeter
1051 4185 1314 4329 opinionem
1351 4179 1607 4294 accidisset,

144 4363 220 4428 nec
258 4328 371 4471 quid
409 4332 722 4474 responderet,
758 4370 840 4432 nec
888 4332 998 4473 quid
1042 4330 1218 4432 consilii
1261 4362 1466 4466 caperet,
1503 4324 1604 4427 satis

147 4472 340 4583 sciebat,
377 4480 503 4616 quod
541 4476 882 4578 animadvertens
919 4475 1196 4593 Franciscus,
1233 4506 1283 4572 ut
1336 4511 1438 4572 eum
1480 4511 1610 4621 prae
1668 4575 1672 4583 ,

146 4620 248 4718 senti
285 4619 561 4764 solicitudine
610 4621 850 4725 liberaret:
893 4631 1113 4762 „Reges
1156 4619 1341 4760 inquit,
1376 4630 1611 4719 Comesta

141 4830 172 4882 2,
192 4760 322 4887 bilis,
358 4807 454 4869 non
512 4768 989 4882 suamvoluntatem,
1026 4766 1099 4865 sed
1152 4800 1330 4867 suorum
1381 4762 1612 4863 sententias

1512 4980 1544 5024 „
1561 4903 1612 5002 in
