4110 5888
447 369 519 440 XL.
696 351 700 353 μ
912 359 1415 436 sUMMnultJM.

420 487 483 575 vis
521 487 571 574 de
601 488 863 606 Gonzagain
904 515 949 572 ca
991 485 1131 590 caede,
1192 484 1287 573 tiore
1311 514 1464 574 veneno
1490 479 1761 603 lantgravium
1782 485 1822 570 in
1839 510 1900 572 cu·

425 605 543 693 levior
574 606 625 693 de
655 608 798 694 Carolo
823 604 997 720 suspicio.
1191 605 1314 690 stodia
1342 630 1451 692 necet
1470 605 1604 721 ,gravi
1633 631 1699 689 eos
1721 632 1900 719 responso

468 726 636 810 XXXV
689 727 868 809 Ceterum
892 726 1127 837 pacataGer
1191 729 1359 810 co‘ercet.

423 844 547 927 mania
569 842 775 955 habitoque
791 840 963 926 Concilio
986 844 1036 926 ad
1052 847 1125 926 Au·
1247 844 1332 928 XL.
1395 845 1486 929 Hoc
1502 868 1659 957 quoque
1682 868 1786 927 anno
1800 844 1897 926 Nea·

422 988 570 1078 gustam
584 959 889 1064 Vindelicorum,
904 958 1061 1043 Carolus
1076 959 1125 1045 ad
1188 959 1265 1072 poli
1317 991 1464 1047 novam
1517 959 1639 1075 legem
1683 959 1732 1045 de
1783 959 1899 1044 causis

419 1080 607 1193 Principes
624 1103 663 1162 et
678 1076 870 1162 civitatum
886 1076 1030 1197 legatos
1047 1105 1125 1162 ver·
1187 1077 1461 1165 haereticorum
1499 1077 1669 1190 Hispano
1712 1075 1786 1161 ritu
1833 1105 1899 1162 co·

426 1197 475 1280 ba
492 1195 605 1302 facit,
621 1196 758 1312 quibus
783 1225 848 1280 eos
870 1192 1064 1297 hortatur,
1081 1218 1125 1280 ut
1194 1198 1415 1313 gnoscendis
1443 1193 1671 1328 promtdgari
1701 1193 1876 1305 jubet.

419 1345 551 1400 omnes
591 1317 640 1399 de
685 1312 861 1429 religione
900 1337 1124 1398 controvcr-
1246 1316 1347 1399 XLI.
1408 1310 1647 1427 Neapolitani
1671 1312 1813 1398 nobiles
1836 1342 1898 1427 pe⁴

417 1434 486 1519 sias
509 1434 559 1518 ad
585 1431 796 1517 Concilium
829 1429 1122 1516 Ecclesiasticum
1185 1430 1342 1518 ticulum
1372 1461 1396 1515 a
1427 1431 1509 1547 lege
1547 1458 1627 1515 non
1673 1430 1792 1516 minus
1819 1432 1896 1543 ple·

417 1551 671 1662 dijudicandas
720 1546 930 1660 rejiciant3
977 1547 1123 1633 interim
1184 1549 1272 1634 bem
1285 1580 1445 1666 ,quarn
1487 1552 1584 1680 ipsos
1629 1546 1757 1653 adite,
1787 1572 1827 1635 er
1856 1550 1920 1634 in

418 1698 512 1754 vero
534 1668 624 1752 ritus
639 1666 855 1752 Catholicus
888 1693 1122 1779 peromnem
1183 1669 1288 1752 omni
1330 1696 1501 1753 sermone
1544 1664 1710 1777 jactant,
1742 1689 1782 1752 et
1822 1670 1892 1752 Pe

415 1784 692 1871 Germaniam
683 1814 721 1869 ιιι
754 1783 941 1898 pristinam
964 1811 1120 1869 consue·
1181 1809 1282 1871 trum
1309 1786 1490 1872 Toletum
1521 1782 1638 1888 nihil,
1660 1783 1728 1867 nisi
1757 1808 1886 1898 tyran·

416 1905 586 1990 tudinem
612 1928 829 1991 revocatur.
1180 1904 1307 1989 nidem
1331 1904 1479 2010 moliri,
1496 1843 1760 1991 Demoithenis
1776 1907 1885 2017 Apo·

474 2025 657 2108 XXXVI.
733 2025 888 2110 Cunctis
924 2023 1119 2110 annuenti-
1179 2021 1272 2136 logo
1299 2024 1522 2108 docent.

411 2142 482 2228 bus
504 2141 709 2254 ,scriptura
727 2140 941 2254 publicede
956 2141 1011 2226 his
1031 2169 1119 2228 con·
1236 2143 1350 2224 XLII.
1416 2137 1631 2255 Apologi
1622 2137 1770 2252 ipsius,
1798 2167 1882 2256 quo

411 2203 516 2345 sultis,
542 2287 657 2375 atque
686 2259 840 2345 decretis
855 2286 921 2372 pet
946 2282 1018 2344 tres
1031 2259 1125 2373 Ερί·
1176 2257 1450 2344 Demosthenes
1473 2259 1649 2343 adversus
1675 2201 1888 2372 Philippum

410 2405 545 2492 scopos
571 2375 793 2480 conficitur,
821 2373 1060 2489 libelloque
1050 2404 1121 2487 pas·
1176 2378 1438 2463 Macedonum
1472 2405 1559 2462 usus
1597 2372 1688 2459 olim
1730 2371 1879 2481 fiterat,

409 2525 455 2582 su
479 2494 606 2580 Caroli
636 2493 733 2580 lecto
745 2437 1033 2611 ,llIogtmtinus
1049 2497 1121 2579 Ar·
1175 2495 1380 2582 enarratio.

410 2613 665 2730 thiepiscopus
704 2612 840 2816 pratias
875 2613 994 2699 verbis
1040 2642 1118 2698 arn·
1235 2614 1367 2699 XLIII.
1425 2614 1604 2731 Legem
1595 2637 1721 2728 rtaque
1744 2626 1889 2730 magno

236 2825 239 2831 Δ
408 2731 573 2848 plissimis
604 2736 706 2818 Caro
784 2730 933 2816 Caesari
969 2730 1119 2845 publico
1174 2757 1359 2818 consensu
1389 2733 1626 2848 repudiant,
1641 2732 1766 2846 deque
1794 2735 1886 2817 Pro·

409 2850 637 2938 Germaniae
676 2850 829 2937 nomine
877 2850 973 2986 agit.
1024 2854 1120 2934 Pau·
1173 2851 1268 2969 regis
1301 2851 1434 2963 injuriis
1462 2852 1594 2966 passim
1625 2873 1854 2965 queruntur.

408 2966 466 3055 lus
496 2974 556 3055 III.
590 2993 665 3054 rres
688 2967 948 3102 Episcopos
938 2996 978 3051 ιιι
1023 2972 1119 3053 Ger·
1232 2973 1369 3055 XLIV.
1431 2974 1561 3056 Petrus
1608 2968 1766 3053 Tolerus
1814 2995 1890 3056 tres

409 3086 574 3172 maniam
604 3085 716 3173 mittit
745 3114 855 3201 ,qur
843 3084 1119 3171 redeuntibus
1174 3086 1425 3176 adolescentes
1457 3116 1577 3206 paene
1612 3086 1752 3172 indIcta
1776 3115 1888 3174 causa

409 3205 463 3290 ad
495 3205 690 3291 sanitatem
730 3147 952 3290 delictorum
984 3225 1024 3288 ct
1054 3202 1119 3290 irn
1173 3207 1325 3315 necari,
1344 3209 1480 3295 deinde
1511 3231 1600 3293 ante
1617 3233 1740 3292 arcent
1761 3235 1807 3291 ex
1822 3235 1881 3322 pc-

411 3322 555 3439 pictatis
581 3324 739 3441 gratiam
765 3317 920 3408 faciant.
1174 3324 1284 3411 dibus
1306 3327 1442 3443 raptari
1460 3323 1656 3440 praecipit.
1691 3330 1786 3421 Eam
1803 3352 1887 3413 cru·

470 3444 673 3552 XXXVII.
732 3445 776 3526 ln
804 3441 942 3528 eodem
956 3467 1118 3534 conven-
1173 3443 1368 3532 dclitatcm
1381 3442 1621 3559 Neapolitani
1648 3441 1739 3529 ab
1730 3471 1782 3527 rra
1802 3474 1883 3558 pro

411 3583 457 3645 tu
481 3589 725 3647 nummorum
763 3588 965 3645 aureorum
998 3558 1119 3645 decies
1172 3557 1347 3648 lectam
1337 3562 1593 3678 rnterpretati‚
1615 3590 1662 3647 ex
1691 3562 1887 3675 repudiata

413 3704 454 3763 et
482 3680 593 3765 sexies
622 3703 781 3765 centena
817 3677 928 3763 millia
959 3680 1118 3762 Germa·
1172 3677 1255 3796 lege
1280 3695 1492 3797 concepta,
1507 3711 1648 3799 magno
1668 3675 1857 3765 fremitu
1847 3709 1887 3770 ιιι
2006 3788 2009 3794 ¹

412 3796 467 3880 nis
497 3796 549 3882 ad
587 3795 702 3881 belli
693 3823 874 3912 impensas
913 3794 1118 3884 sarciendus
1174 3800 1265 3885 arcis
1289 3826 1528 3915 prospectum
1559 3822 1813 3902 concurrunt,
1828 3824 1885 3884 at·

410 3913 659 4030 imperantur.
1172 3947 1250 4032 que
1282 3919 1426 4004 eminus
1463 3915 1708 4006 tumulurario
1745 3916 1886 4032 praelio

470 4035 688 4118 XXXVIII.
745 4031 909 4118 Caesaris
948 4030 1118 4120 induciae
1174 4035 1374 4122 dimicant.

411 4177 500 4236 curn
515 4151 745 4285 Solymano.
760 4151 911 4236 Hessiae
936 4155 1113 4269 Lantgra·
1230 4155 1352 4239 XLV.
1403 4154 1561 4240 Induciis
1586 4149 1719 4260 factis,
1744 4156 1884 4244 Prorex

411 4269 496 4355 vius
526 4265 699 4384 fugam
689 4267 790 4353 rrrito
834 4292 975 4355 conatu
1013 4297 1118 4354 corn·
1172 4270 1288 4356 Vallis
1319 4272 1584 4358 Marchionem
1605 4301 1618 4377 3
1641 4269 1882 4385 Neapolitani

409 4409 543 4498 parat,
565 4386 664 4471 etin
691 4385 887 4473 arctiorem
908 4384 1117 4473 custodiam
1171 4387 1363 4477 Placidum
1410 4389 1578 4476 Sandum
1638 4412 1678 4474 et
1742 4387 1883 4475 Salerni

408 4503 641 4590 detruditur
1170 4507 1376 4620 Principem
1421 4506 1565 4622 legatos
1609 4505 1660 4591 ad
1698 4504 1881 4594 Carolum

467 4624 650 4706 XXXIX
709 4620 867 4705 Carolus
901 4651 925 4705 a
965 4620 1115 4738 quibus·
1170 4623 1347 4707 mittunt.
1377 4622 1516 4709 Salerni
1531 4621 1685 4737 Princip
1676 4654 1704 4709 rs
1724 4622 1776 4709 ad
1788 4625 1878 4709 Gal

405 4729 497 4828 Ian
521 4769 675 4831 suorum
704 4738 950 4848 admonius,
970 4762 1015 4828 ut
1039 4739 1117 4829 lert·
1169 4737 1227 4829 los
1248 4737 1429 4831 defectio.
1463 4655 1676 4837 Caesarisp
1664 4741 1881 4859 rescriptum

1781 4886 1877 4947 em.
