4110 5888
486 380 646 461 XXXVI.
948 367 1452 446 SUMMARIUM.

457 535 462 544 “
528 506 644 591 LVII.
703 481 888 591 Xerttllus
927 494 1022 582 urbe
1061 494 1175 582 disce·
1217 498 1328 582 Duce
1354 517 1596 614 oppugnatus
1625 488 1803 582 vivusin
1843 491 1923 615 ejus

472 622 553 710 dit.
594 617 806 740 Augustani
844 639 883 701 ct
930 612 1046 729 paulo
1088 637 1178 729 post
1218 636 1441 728 potestatem
1463 610 1652 728 pervenit.

473 739 762 858 Argentinenses
804 731 946 818 Carolo
992 759 1069 817 sese
1111 731 1177 816 de·
1218 733 1317 815 ·111.
1366 729 1673 848 Argentinenses,
1713 759 1919 849 uamquam

472 860 588 945 dunt.
632 863 713 945 Has
758 876 970 967 ceterasque
1009 847 1175 938 civitates
1220 848 1466 967 superioribus
1489 849 1775 964 Imperatoribus
1810 881 1922 940 num·

458 977 737 1091 ·Comitcmque
783 969 992 1057 Palatinum
1036 991 1077 1053 et
1102 966 1177 1051 Vi·
1219 997 1336 1084 quam
1359 967 1530 1083 planein
1565 967 1773 1054 clientelam
1787 968 1922 1080 dicati,

472 1095 688 1211 tembergae
719 1095 867 1176 Ducem
907 1087 957 1172 eis
992 1084 1175 1170 conditio·
1218 1085 1370 1173 veniam
1401 1110 1560 1201 petum,
1576 1111 1617 1172 et
1644 1087 1684 1170 in
1711 1087 1837 1175 Caroli
1879 1089 1924 1177 fi-

459 1213 582 1298 nibus
610 1212 649 1296 in
680 1240 786 1297 suam
811 1205 925 1292 fidem
948 1205 1085 1288 Caesar
1117 1231 1171 1289 re·
1221 1205 1310 1291 dem
1352 1203 1595 1320 recipiuntur.
1637 1203 1713 1289 Hic
1752 1205 1801 1292 ad
1841 1212 1923 1297 No

456 1330 600 1446 cipit,
631 1353 675 1414 ut
713 1324 866 1411 Hessiae
908 1321 1176 1438 lantgravium
1220 1323 1453 1441 rembergam
1483 1322 1704 1411 valetudinis
1726 1351 1837 1412 cauta
1859 1356 1925 1418 sex

331 1481 334 1486 ·
458 1472 511 1535 -et
543 1446 723 1534 Saxoniae
752 1448 901 1531 Ducem
943 1468 1015 1557 pro
1062 1438 1176 1526 hosti·
1198 1463 1201 1493 ¹
1221 1442 1297 1528 dies
1329 1440 1547 1528 immortuus
1570 1446 1759 1558 Egueram
1786 1445 1826 1531 in
1853 1449 1923 1533 Sa-

471 1564 542 1656 bus
568 1567 750 1652 habeant.
1090 1612 1094 1620 ⁴
1220 1560 1354 1646 aoniae
1378 1556 1544 1647 confinio
1574 1563 1791 1649 contendit.

456 1709 466 1748 2
521 1677 665 1771 'Lvlll
708 1689 854 1769 Interea
866 1680 1075 1767 Franciscus
1085 1677 1176 1767 Gal·
1280 1680 1348 1765 IV.
1408 1682 1452 1764 ln
1481 1679 1580 1765 hanc
1603 1681 1736 1766 urbem
1764 1684 1923 1772 Pertran-

456 1804 597 1889 ‹'·lorum
634 1806 743 1909 Rex,
769 1801 836 1916 qui
867 1799 1013 1885 occulte
1043 1827 1176 1885 eorum
1222 1799 1292 1884 dus
1338 1794 1449 1883 frater
1496 1821 1535 1884 et
1566 1798 1771 1887 Mauricius
1799 1862 1811 1907 ,
1839 1802 1925 1894 licet

357 1953 364 1965 ·
469 1925 623 2008 Ducum
639 1917 888 2008 defectionem
911 1918 1057 2024 alebat,
1071 1915 1177 2002 missa
1221 1914 1403 2032 impeditis
1442 1915 1627 2003 itineribus
1662 1919 1713 2005 ad
1741 1921 1924 2011 Carolum

470 2039 582 2126 etiam
604 2039 738 2158 grandi
768 2036 925 2155 pecunia
960 2036 999 2122 in
1043 2036 1174 2150 stipen·
1221 2035 1463 2150 perveniunt.
1494 2036 1921 2158 Pannonicorumequi·

459 2157 575 2244 ‘dium
602 2158 786 2264 militare,
813 2182 853 2243 et
882 2153 1067 2240 Henricus
1098 2153 1177 2239 Bri·
1221 2175 1304 2240 tum
1320 2216 1333 2260 ,
1348 2154 1415 2271 qui
1443 2183 1509 2241 coa
1522 2217 1524 2220 ψ
1539 2156 1814 2246 comitabantur
1832 2220 1844 2269 ,
1865 2187 1922 2250 ar·

469 2298 674 2362 tannorum
712 2280 794 2361 Rex
821 2301 844 2359 e
873 2273 952 2359 vita
992 2271 1169 2388 migrant.
1221 2297 1390 2360 maturae
1424 2272 1644 2388 descriptio.

453 2391 571 2480 ·Huic
608 2394 809 2480 Eduardus
852 2388 951 2475 filius·
989 2418 1215 2476 annorum·
1281 2395 1331 2477 V.
1391 2391 1455 2478 Ad
1471 2396 1658 2508 Egueram
1682 2399 1817 2483 Caesar
1845 2395 1923 2488 dies

471 2537 612 2596 novem
640 2539 653 2615 3
681 2511 733 2597 illi
760 2538 868 2599 vero:
882 2509 1067 2595 Henricus
1110 2538 1176 2593 an·
1220 2507 1397 2626 aliquot,
1420 2509 1555 2625 quibus
1586 2511 1720 2599 Christi
1744 2514 1924 2606 Passionis

459 2655 542 2714 vnos
564 2653 675 2715 natus
706 2655 799 2718 octo
815 2626 966 2718 circiter
987 2652 1027 2716 et
1054 2628 1172 2747 vigin·
1222 2627 1403 2714 memoria
1434 2627 1632 2738 recolitur,
1648 2631 1830 2737 subsistit3
1860 2636 1923 2723 dc-

452 2744 499 2842 -ti
516 2747 713 2836 ·succedit.
1014 2800 1015 2807 κ
1148 2800 1149 2805 ¹
1222 2745 1310 2832 inde
1338 2746 1377 2831 in
1402 2748 1600 2832 Saxoniam
1630 2775 1789 2858 movet,
1804 2776 1844 2839 et
1873 2756 1930 2846 ad

456 2919 485 2930 --
815 2920 819 2927 ·
962 2922 967 2928 -
1047 2920 1050 2923 ·
1222 2868 1371 2952 Ducem
1396 2867 1698 2986 Saxonem,·qui
1729 2871 1929 2966 adMais-

450 3018 454 3027 ’
658 2994 775 3089 LIB,
827 2990 990 3088 XXV,
1224 3012 1301 3071 tem
1323 3046 1326 3051 -
1346 2983 1478 3072 urbem
1519 3016 1637 3103 prope
1673 2985 1777 3074 fluvii
1820 2991 1925 3080 Albis

456 3137 463 3142 ·
574 3134 577 3139 ·
613 3154 626 3165 υ
821 3157 825 3165 ·
1223 3128 1381 3218 pontem
1409 3105 1662 3212 consederat,
1692 3105 1859 3215 accedit,
1895 3110 1926 3196 i·

529 3230 559 3310 1.
624 3170 821 3324 JOannes
841 3221 1035 3311 Fodericus
1061 3219 1174 3310 inSa·
1223 3252 1360 3337 psum,
1396 3248 1600 3340 antequam
1641 3223 1924 3343 Vitembergam

452 3342 623 3429 ⁴uoniam
652 3373 817 3432 reversus
850 3371 930 3427 non
948 3341 1082 3476 'solum
1111 3375 1177 3430 sua
1222 3342 1504 3456 perveniret,si
1524 3339 1602 3429 fieri
1625 3366 1779 3460 posset,
1799 3370 1923 3435 conse

431 3575 443 3594 ”
472 3461 1178 3694 iildlidlariieeopdtcc’upsdd.elladii>lpuasriiln3
1223 3485 1568 3668 cuppasflosoem
1611 3581 1662 3670 ad
1688 3580 1925 3704 Millmrgrmr

450 3693 622 3781 ·-berntm
666 3698 1051 3811 Brandeburgensem
1068 3701 1178 3784 Mat·
1223 3699 1274 3784 ad
1316 3696 1477 3785 fluminis
1518 3699 1635 3813 ripam
1655 3765 1659 3770 ·
1683 3730 1765 3787 non
1808 3703 1926 3824 longe

467 3812 649 3898 chionem
660 3814 834 3902 adversus
843 3814 1023 3899 Saxoniae
1031 3819 1178 3903 Ducem
1222 3816 1347 3902 abesse
1381 3817 1517 3904 certior
1552 3811 1698 3923 lactus,
1734 3843 1925 3911 tormenta

450 3932 670 4017 xFermtndo
700 3928 802 4017 fratri
817 3931 1078 4047 Mauricioque
1095 3934 1178 4021 mit·
1222 3958 1263 4019 et
1303 3934 1490 4021 naviculas
1532 3934 1750 4048 praecedere
1796 3937 1924 4051 juber,

471 4047 518 4132 tit
534 4110 545 4155 ,
561 4073 601 4134 et
630 4047 768 4133 bellum
784 4077 849 4164 per
882 4079 920 4134 se
949 4047 1177 4138 administra·
1221 4075 1261 4137 et
1301 4051 1507 4168 eregione
1548 4050 1737 4140 hostilium
1785 4082 1924 4146 castro

448 4192 512 4255 ‘te
556 4168 783 4253 constituens
813 4165 1046 4287 'Norlingam
1092 4201 1174 4285 pro
1221 4198 1305 4255 rum
1319 4230 1331 4275 ,
1346 4167 1459 4284 copiis
1484 4166 1665 4276 inductis,
1682 4173 1732 4258 ad
1762 4172 1925 4264 fluvium

447 4283 654 4398 -gredintr.
1206 4287 1298 4401 ipse
1327 4286 1498 4372 locorum
1529 4312 1700 4374 naturam
1728 4291 1923 4405 exploratu

526 4406 570 4485 11.
630 4401 805 4489 Albertus
831 4403 1011 4491 conviviis
1043 4427 1082 4490 et
1113 4403 1172 4489 tri·
1220 4405 1259 4492 di
1286 4405 1403 4524 gratia
1427 4433 1638 4521 progressus
1655 4466 1667 4511 ,
1682 4405 1841 4493 fluvium
1857 4413 1922 4496 mi-

446 4519 590 4636 ·pudiis
614 4550 635 4605 a
663 4521 876 4639 Lantgravii
902 4550 1030 4609 sorore
1054 4522 1173 4606 indul·
1211 4524 1320 4609 *nime
1360 4523 1457 4608 illinc
1486 4523 1669 4611 vadosum
1700 4550 1776 4611 esse
1816 4553 1922 4616 com·

440 4654 600 4754 -genter
628 4639 775 4724 habitus
799 4668 928 4724 curam
960 4667 1084 4724 rerum
1101 4639 1173 4723 bel·
1216 4643 1329 4756 perit.
1665 4670 1668 4675 *
1881 4708 1883 4711 -

467 4755 618 4851 licarum
644 4758 838 4874 remittit,
868 4780 908 4844 et
935 4785 958 4842 a
991 4755 1170 4847 Saxoniae
1274 4761 1358 4846 Vll.
1418 4758 1584 4849 Homine
1603 4759 1774 4877 quodam
1794 4766 1922 4882 regio-
