4192 5858
492 352 578 442 242
867 333 950 413 oe
986 330 1193 414 ussus
1226 331 1449 415 ossrrs

451 499 671 643 oppidum
707 497 944 594 Alcantaram
994 489 1118 589 venit
1153 529 1165 598 ·‚
1205 491 1329 630 quod
1380 525 1545 593 nomen
1581 483 1775 614 Mauri,
1813 536 1917 602 cum

454 683 601 748 rerum
638 643 685 740 in
722 637 935 777 Hispania
971 635 1250 772 potirentur,
1277 632 1448 775 oppido
1486 635 1698 735 dederunt
1733 680 1759 740 a
1794 680 1917 782 pon-

451 829 533 908 te,
571 825 662 926 quo
697 790 848 924 Tagus
883 778 947 882 ibi
993 778 1322 901 committitur,
1362 817 1498 919 quem
1543 815 1729 920 pontem
1779 825 1912 928 opere

456 930 708 1036 firmissimo
746 963 789 1026 et
825 921 1019 1026 mirabili
1054 961 1322 1065 magnorum
1358 923 1556 1063 lapidum
1591 958 1802 1028 structura
1849 972 1913 1034 ar-

457 1076 697 1177 chitectum
733 1081 927 1211 Largum
962 1068 1147 1197 Trajani
1182 1067 1431 1209 principatu
1472 1107 1500 1165 a
1537 1065 1690 1168 vicinis
1737 1075 1912 1217 populis

455 1222 565 1362 stipe
605 1217 771 1318 ‚collata
818 1211 1139 1331 construxisse,
1174 1210 1338 1312 indicat
1389 1210 1588 1351 impositi
1635 1210 1790 1353 lapidis
1844 1220 1915 1320 in⁴

455 1363 662 1505 scriptio,
714 1360 1053 1460 Comirabantur
1089 1391 1237 1456 autern
1272 1354 1464 1457 Mariam
1514 1352 1682 1455 nobiles
1718 1361 1912 1504 virgines

455 1507 740 1647 complures,
776 1543 882 1644 quas
909 1499 1271 1637 Methymnensis
1306 1514 1409 1602 Dux
1445 1498 1698 1639 splendide,
1727 1545 1779 1606 ex
1817 1547 1913 1648 quo

452 1661 611 1754 Pacem
647 1660 892 1791 Augustam
928 1684 1112 1747 ventum
1147 1681 1245 1764 est,
1276 1644 1583 1747 Salmanticam
1618 1684 1756 1786 usque
1795 1690 1911 1792 quo-

455 1797 564 1897 tidie
599 1795 737 1894 missis
773 1791 908 1892 coctis
945 1790 1080 1929 epulis
1116 1790 1250 1890 aluit.

524 1948 666 2040 XVII.
742 1948 805 2037 Ex
842 1935 1072 2035 Alcanrara
1107 1931 1321 2035 Caurium
1356 1931 1506 2051 venit,
1538 1970 1642 2034 curn
1678 1943 1769 2067 jam
1805 1936 1912 2045 Phi-

452 2083 594 2226 lippus
631 2123 684 2182 ex
718 2079 946 2185 Valdolito
982 2073 1200 2218 profectus
1235 2116 1330 2178 non
1365 2078 1499 2218 longe
1536 2078 1592 2179 ab
1643 2075 1730 2179 hoc
1775 2085 1908 2225 oppi‹

454 2230 549 2346 do,
587 2228 713 2369 quod
754 2262 817 2325 est
868 2224 917 2323 in
968 2221 1127 2324 finibus
1163 2220 1331 2324 Albani
1364 2222 1534 2340 Ducis,
1571 2224 1718 2363 paucis
1767 2227 1908 2329 comi-

453 2369 646 2471 tantibus
681 2368 985 2511 processisset,
1023 2407 1214 2508 quorum
1248 2364 1462 2508 principes
1513 2401 1634 2468 erant
1668 2381 1772 2470 Dux
1812 2371 1908 2512 ipse

453 2513 683 2634 Albanus,
716 2527 822 2616 Dux
845 2512 1100 2633 scalonae,
1132 2506 1368 2613 Benaventi
1404 2524 1598 2631 Comes,
1632 2512 1905 2617 Almirantus

453 2661 695 2778 Castellae,
732 2658 1026 2798 Princepsque
1064 2656 1214 2756 Asculi
1247 2697 1258 2756 a
1286 2690 1463 2757 venerat
1497 2691 1645 2756 autem
1696 2696 1775 2798 per
1812 2698 1908 2802 spe«

453 2802 567 2905 ciem
602 2804 825 2922 venandi,
862 2802 935 2901 sed
972 2839 1018 2901 re
1047 2841 1184 2923 vera,
1218 2835 1268 2902 ut
1305 2841 1357 2900 ex
1392 2799 1545 2901 itinere
1577 2838 1781 2942 sponsam
1833 2806 1909 2905 de·

453 2946 684 3048 sideratam
734 2946 1037 3088 conspiceret3
1071 2947 1219 3086 itaque
1268 2980 1435 3046 mutata
1488 2979 1639 3065 veste,
1677 2948 1907 3089 velataque

454 3084 597 3211 facie,
632 3091 868 3193 comitibus
904 3088 1038 3191 simili
1073 3126 1232 3191 ornatu
1272 3086 1647 3231 constipantibus,
1682 3127 1731 3191 ut
1765 3092 1907 3235 vulgo

454 3236 593 3337 nostri
629 3274 852 3376 proceres,
889 3273 993 3333 cunr
1029 3270 1267 3374 spectantes
1303 3235 1484 3377 agnosci
1536 3233 1733 3353 nolunt,
1765 3229 1908 3338 facere
1958 3267 1963 3336 l

452 3418 804 3499 consueverunt,
827 3377 1017 3482 venienti
1052 3377 1102 3480 fit
1136 3377 1351 3499 obviam,
1386 3418 1468 3479 nec
1504 3378 1636 3479 semel
1669 3377 1906 3522 inspexisse
1948 3391 1955 3482 1

320 3545 323 3551 ’
452 3553 714 3645 contentus,
750 3526 914 3626 iterum
951 3559 994 3622 et
1029 3523 1196 3665 saepius
1245 3563 1350 3625 curn
1401 3562 1634 3667 parumper
1667 3524 1740 3625 vel
1780 3523 1945 3628 secusl

451 3700 521 3766 tus
555 3662 735 3788 fuisset,
772 3668 842 3768 vel
876 3705 1174 3810 antegressus,
1212 3670 1268 3768 ad
1303 3669 1479 3809 ipsam,
1506 3709 1631 3812 quae
1666 3707 1786 3770 nunc
1837 3672 1933 3775 le-r'

451 3812 599 3938 crica,
633 3850 747 3911 nune
797 3813 917 3912 mula
965 3809 1242 3954 gestabatur,
1277 3813 1454 3956 singulis
1505 3812 1658 3916 diebus
1710 3840 1924 3922 recurre-l

450 3950 554 4077 bat,
595 3996 676 4056 nec
712 3956 928 4056 intuendo
967 3957 1129 4096 expleri
1153 3992 1327 4101 poterat
1359 4000 1369 4058 ε
1406 3995 1508 4060 cum
1539 3959 1587 4059 in
1612 3959 1795 4082 vicum,
1829 3957 1915 4084 cuil

447 4138 616 4202 nornen
672 4136 734 4202 est
780 4104 902 4201 Aldea
941 4100 1131 4239 Tejada,
1180 4136 1367 4244 quatuor
1401 4143 1427 4203 a
1464 4102 1723 4204 Salmantica
1772 4098 1905 4212 millil

446 4238 527 4342 bus
560 4280 742 4347 ventum
780 4281 877 4370 est,
915 4242 1086 4345 duobus
1133 4246 1198 4348 ibi
1237 4245 1391 4349 diebus
1418 4246 1667 4357 vconstitits
1706 4246 1837 4346 tertio
1876 4256 1895 4359 l

444 4384 652 4506 civitate,
692 4430 805 4529 quae
839 4387 1020 4490 obviam
1070 4386 1418 4532 frequentissima
1455 4392 1703 4531 processit,
1742 4427 1787 4491 et
1821 4392 1886 4511 aad

440 4529 523 4630 lica
559 4527 786 4633 nobilitate
818 4568 996 4675 excepta
1036 4569 1132 4655 est,
1169 4571 1212 4635 et
1248 4574 1353 4634 cum
1397 4535 1569 4676 ingenti
1607 4533 1875 4677 grandatiod

438 4674 488 4775 in
532 4672 688 4778 urbem
721 4680 935 4799 deducta,
974 4679 1099 4781 editis
1145 4679 1304 4783 invia
1356 4679 1642 4822 equestribus,
1672 4677 1818 4798 ludis,
1842 4678 1866 4826 l

1760 4826 1856 4966 >psal
