4124 5880
526 433 582 522 70
905 418 990 498 ιιι
1038 417 1240 518 nunus
1280 413 1512 496 Gnatis

473 577 714 678 Salinarum
736 587 914 678 :Petrus
942 571 1088 672 ¹Velez
1126 583 1355 690 Guevara,
1390 565 1559 712 Ognati
1581 610 1590 669 τ
1614 567 1818 674 Alfonsus
1841 585 1939 678 Car·

472 723 634 842 denas,
654 718 866 822 Pueblae:
857 716 1127 828 fernandus
1151 717 1386 835 Andrada,
1426 713 1665 817 Villalvae:
1692 721 1938 820 Fernandus

473 800 706 985 Carrillus,
737 861 942 1005 Priegui:
933 854 1170 959 ·Alfonsus
1200 860 1458 977 Azevedus,
1498 858 1668 980 Montis
1703 861 1843 1003 regii:
1866 870 1938 963 Pe

473 1046 561 1110 trus
597 1009 853 1129 Manricus,
890 1007 1141 1105 Paredum:
1178 1015 1288 1106 Item
1323 999 1518 1139 Jacobus
1553 1002 1771 1124 Tolerus,
1807 1014 1936 1107 Prae·
1955 1034 1961 1139 ι

471 1148 608 1253 fectus
646 1152 850 1309 equitum
886 1147 1028 1247 Sancti
1066 1147 1281 1281 Joannis
1952 1151 1955 1190 ³

579 1307 655 1397 IV.
747 1293 959 1394 Ciuitates
1015 1329 1119 1389 vero
1172 1289 1339 1431 legatos
1405 1287 1643 1392 miserunt
1690 1172 1945 1453 Burgensds

471 1446 700 1577 Joannem
738 1435 990 1536 Mauricum
1027 1441 1199 1533 Lunam
1256 1469 1299 1532 et
1335 1441 1516 1579 Petrum
1568 1435 1781 1538 Ruizium
1817 1447 1939 1540 Tor

475 1620 618 1682 rem:
659 1578 867 1678 Toletani
903 1582 1130 1713 Joannem
1165 1581 1387 1697 Tortem,
1428 1616 1531 1679 et..
1552 1590 1830 1682 .:Leonem
1854 1593 1938 1685 Le·

476 1724 706 1866 gionenses
762 1723 1031 1821 Fernandum
1066 1714 1364 1863 Villafagnam
1402 1798 1416 1839 ,
1465 1760 1507 1821 et
1542 1728 1771 1856 Joannem
1830 1741 1937 1828 Bar-

470 1868 613 1968 bam:
646 1877 978 1983 Granatenses,
1016 1858 1253 1965 Alfonsum
1289 1864 1506 1964 Messiam
1556 1902 1599 1965 et
1632 1877 1809 1968 Petrum
1843 1885 1936 1974 Bo-

471 2010 722 2133 vadillam:
760 1940 1034 2148 Hispalerises
1085 2007 1239 2107 Atiam
1275 2009 1465 2109 Pardum
1502 2045 1545 2109 et
1576 2015 1801 2145 Joannem
1841 2014 1935 2117 Bri·

425 2189 429 2196 *
467 2152 658 2254 viescam
693 2197 702 2253 :
740 2153 1044 2254 Cordubenses
1095 2149 1322 2288 Jacobum
1353 2164 1509 2252 Fatum
1545 2189 1589 2253 er
1624 2165 1802 2258 Petrum
1823 2165 1929 2258 Mu-

472 2298 676 2437 gnizium
726 2299 955 2429 Godojum
992 2336 1002 2394 :
1048 2296 1268 2396 Murciani
1323 2295 1552 2433 Jacobum
1603 2300 1822 2402 Cascalem
1892 2337 1936 2402 et

376 2529 378 2532 ,
469 2441 753 2542 Rodericum.
792 2440 1097 2539 Pusmarinum
1140 2480 1149 2537 :
1201 2439 1438 2540 Gienenses.
1487 2450 1668 2544 Petrum
1714 2443 1937 2549 Pontium

470 2583 718 2747 Messiam,
755 2618 798 2684 et
832 2584 1113 2685 Ludovicum
1147 2587 1427 2686 Hurtadum.
1469 2597 1598 2704 Quae
1634 2586 1830 2689 civitates
1849 2666 1864 2708 ,
1883 2626 1936 2691 ut

470 2765 590 2826 erant
625 2728 769 2869 capita
805 2767 1043 2868 parvorum
1078 2722 1383 2869 Regnorum,
1415 2769 1528 2871 quae
1565 2731 1773 2833 Castellae
1811 2773 1936 2833 acce-

472 2871 620 2971 dentia
654 2873 788 3014 Regis
825 2871 974 2973 titulos
1028 2907 1274 2999 auxerunt,
1311 2906 1409 2972 ante
1459 2872 1600 2991 alias,
1635 2914 1728 3037 quo
1777 2876 1936 2977 deseri

471 3049 572 3164 ptae
609 3051 708 3114 sunt
742 3016 975 3135 ordine,
962 3056 1011 3116 ιι
1047 3016 1259 3116 Conciliis
1296 3018 1445 3115 sedent
1467 3018 1819 3159 ,sententiasque
1856 3059 1936 3120 ro-

470 3194 688 3300 gantur
679 3226 692 3267 ‚
745 3159 827 3258 nisi
865 3094 988 3300 qtiod
1042 3170 1276 3302 Burgenses
1329 3196 1373 3259 et
1392 3160 1618 3260 Toletani
1666 3200 1835 3263 certant
1879 3164 1937 3264 de

472 3341 619 3444 primo
656 3303 784 3403 loco
841 3306 922 3403 Sed
960 3300 1065 3401 haec
1101 3303 1400 3403 controversia
1437 3303 1497 3403 sic
1534 3303 1686 3404 dirimi
1742 3306 1898 3407 solet
1885 3347 1936 3407 ιι

392 3473 394 3483 ’
475 3445 730 3566 Conciliis,
768 3483 817 3547 ut
853 3457 948 3549 Rex
984 3459 1218 3587 Burgenses
1270 3447 1436 3587 primos
1472 3445 1623 3579 jubear
1674 3450 1935 3552 sententiam

476 3590 665 3712 dicere,
704 3629 747 3691 er
783 3631 827 3690 se
863 3631 946 3733 pro
982 3590 1205 3692 Toletanis
1243 3592 1463 3692 dicturum
1500 3585 1731 3712 affirmet,
1777 3594 1936 3695 iidem·

476 3771 566 3872 que
602 3735 827 3835 Toletani
848 3768 966 3836 extra
1003 3735 1159 3834 ordine
1196 3736 1395 3836 sedeant
1445 3737 1615 3835 Nam
1604 3771 1715 3836 inter
1752 3772 1938 3856 ceteras,

472 3917 588 4017 quae
625 3877 863 3997 dicentur,
888 3877 1125 3998 civitatee,
1163 3880 1304 3979 nullus
1335 3921 1419 3979 nec
1455 3879 1632 3980 sedendi
1669 3881 1822 3999 ordo,
1853 3921 1936 3982 nec

472 4021 649 4121 dicendi
679 4023 938 4123 sententiam
973 4061 1195 4123 servatur.
1238 4021 1471 4123 Zamorani
1506 4019 1731 4155 Jacoburn
1770 4035 1937 4127 Oeam-

473 4203 580 4306 pum
618 4201 662 4264 et
699 4170 926 4300 Joannem
961 4166 1210 4267 Valentiam
1248 4167 1511 4265 miserunt:
1547 4164 1939 4292 Salmanticenses,

473 4203 699 4445 Jacobum
735 4346 779 4409 et
833 4308 1066 4411 Alfonsum
1103 4309 1370 4412 Texedam:
1411 4315 1652 4412 Taurenses
1706 4321 1939 4446 Joannem

470 4459 708 4594 Acugnam
756 4491 806 4554 et
853 4462 1037 4555 Petrum
1085 4466 1375 4558 Fonsec'ame
1392 4454 1653 4558 Avelenses
1694 4461 1939 4616 Joannem

474 4596 684 4759 Avilam
709 4635 752 4699 et
804 4599 1041 4739 Nugniuni
1084 4599 1330 4701 Gonzalum
1379 4599 1638 4760 Aguilam:
1691 4598 1938 4740 Sagouien

690 4751 1033 4844 Ferreram
1052 4777 1095 4842 et
1146 4751 1406 4880 Joannem
1426 4742 1708 4884 Segouiam:
1746 4744 1937 4847 Sorimi

1792 4894 1937 5024 Joan-
