4124 5880
535 406 613 496 108
916 408 1003 490 DE
1042 404 1244 485 REBUS
1283 401 1515 484 GEsrrs

496 574 725 675 civitatem
761 567 809 670 in
851 559 1007 664 officio
1050 559 1363 663 continendam
1405 559 1624 701 pertinere
1664 553 1785 662 visae
1825 562 1958 682 sunt,

497 756 546 820 ut
606 709 931 858 quinquaginta
982 744 1293 808 nummorum
1329 742 1562 806 aureorum
1614 703 1798 827 millia,
1841 747 1958 847 quos

498 870 676 965 florenos
719 853 921 957 nominat
955 930 970 971 ‚
1005 850 1310 952 Gandavenses
1351 848 1676 950 contribuerent
1710 850 1774 950 ad
1810 890 1958 954 arcem

446 1068 448 1077 κ
499 1003 881 1117 construendam,
917 1035 1031 1135 quae
1067 990 1196 1094 brevi
1237 1031 1440 1133 tempore
1473 995 1522 1095 in
1555 994 1657 1094 loco
1701 992 1814 1095 intra
1849 1000 1957 1095 mu-

498 1188 567 1249 ros
620 1139 997 1286 opportunissimo
1057 1135 1280 1236 aedificata
1328 1131 1416 1237 fuit
1445 1214 1460 1257 ,
1494 1172 1544 1237 ut
1596 1178 1650 1240 eo
1699 1170 1864 1239 terrore
1915 1174 1961 1239 et

500 1293 627 1433 quasi
660 1286 788 1388 freno
836 1279 1115 1426 popularium
1149 1279 1287 1380 animi
1338 1279 1386 1380 in
1420 1275 1573 1381 officio
1608 1281 1958 1385 continerentur.

498 1449 652 1552 Item,
688 1467 738 1531 ut
778 1427 1064 1571 possessiones
1098 1437 1387 1542 coemerent,
1421 1462 1611 1565 quarum
1657 1421 1822 1527 fructus
1860 1466 1961 1530 sena

502 1578 764 1680 eorumdem
798 1607 1088 1673 nummorum
1126 1567 1263 1668 millia
1310 1567 1368 1667 ad
1404 1570 1614 1670 alendum
1646 1569 1754 1670 arcis
1792 1572 1961 1711 praesi-

502 1724 628 1824 dium
661 1717 894 1862 quotannis
931 1713 1189 1814 redderent.
1231 1712 1304 1812 Ad
1343 1709 1448 1812 haec
1484 1714 1809 1855 sodalitatum,
1848 1755 1961 1856 quas

501 1865 585 2006 ipsi
625 1864 764 2005 patria
796 1860 947 2001 lingua
992 1861 1153 1957 Guildas
1188 1890 1389 1972 vocant,
1429 1859 1586 1959 domus
1632 1858 1961 2000 quinquaginta

502 2013 615 2108 duae
651 2004 935 2148 publicatae,
972 2039 1092 2100 arma
1128 2035 1172 2100 et
1211 2036 1469 2123 tormenta,
1505 1999 1663 2140 quibus
1698 2036 1817 2102 erant
1854 2040 1960 2104 mu-

501 2150 742 2252 nitissimae
761 2226 776 2267 ‚
797 2144 1034 2300 praesidio0
1052 2143 1158 2244 arcis
1197 2143 1477 2275 adjudicata.
1518 2155 1624 2243 Hoc
1654 2185 1838 2287 quoque
1876 2147 1962 2248 ad-

500 2307 665 2429 jectum
700 2289 1057 2394 Gandavensium
1085 2286 1306 2406 mulctae,
1326 2323 1375 2387 ut
1413 2285 1643 2431 vectigalia
1677 2328 1829 2392 senum
1857 2290 1962 2390 mil-

504 2439 617 2541 lium
665 2437 931 2538 florenomm
977 2473 1003 2531 a
1050 2430 1215 2532 Catolo
1261 2431 1435 2573 pridem
1483 2432 1773 2574 oppignerata
1818 2433 1964 2569 iidem

503 2583 647 2683 alieno
684 2620 781 2682 aere
820 2578 966 2679 soluto
1004 2571 1272 2694 liberarent,
1310 2610 1354 2678 et
1388 2569 1549 2695 fossas,
1569 2616 1677 2717 quas
1715 2577 1848 2679 initio
1883 2579 1962 2679 dc·

502 2721 705 2828 fectionis
742 2725 797 2824 ad
834 2720 1136 2822 obsistendum
1173 2713 1398 2837 fecerant,
1436 2719 1704 2861 implerent,
1745 2758 1790 2822 et
1825 2761 1962 2865 agge-

504 2910 568 2970 res
605 2901 871 3010 aequarent.
921 2865 1000 2967 Sed
1051 2862 1159 2966 illud
1199 2861 1246 2962 in
1289 2862 1481 3001 primis,
1518 2899 1567 2967 ut
1603 2901 1744 2966 ratam
1789 2903 1964 3004 partem

505 3012 661 3113 tributi
715 3008 917 3112 aMatia
962 3005 1164 3153 imperati
1195 3081 1212 3128 ,
1239 3007 1358 3111 unde
1407 3043 1509 3111 nata
1549 3002 1688 3113 fuerat
1737 3006 1964 3130 defectio,

380 3200 388 3216 ·
463 3229 465 3236 -
502 3157 822 3298 persolverent.

574 3312 697 3404 XIV.
772 3312 877 3422 Qua
923 3300 1134 3404 sententia
1168 3302 1488 3446 pronuntiata,
1518 3340 1697 3405 centum
1737 3298 1967 3443 quinqua·

504 3443 630 3586 ginta
667 3486 739 3546 sex
767 3445 918 3559 cives,
958 3444 1045 3546 hoc
1078 3483 1185 3569 est,
1222 3490 1275 3549 ex
1308 3449 1487 3593 singulis
1519 3443 1818 3549 sodalitatibus
1848 3443 1968 3547 terni

503 3589 792 3728 prodierunt,
828 3629 939 3690 unus
975 3626 1125 3731 aperto
1162 3593 1339 3732 capite,
1375 3590 1647 3734 pedibusque
1683 3590 1851 3710 nudis,
1888 3628 1966 3690 ca-

502 3729 594 3873 liga
630 3769 673 3832 et
713 3732 920 3835 subucula
962 3737 1191 3867 dumtaxat
1236 3734 1413 3836 indutus
1447 3766 1479 3851 ‚'
1496 3737 1744 3877 laqueoque
1778 3735 1833 3834 ad
1869 3732 1972 3833 col*

502 3873 597 3976 lum
633 3877 797 4010 injecto
826 3955 842 3997 ,
878 3877 970 3977 duo
1006 3879 1166 3977 atrati:
1212 3874 1262 3977 hi
1297 3919 1492 4000 omnes,
1526 3917 1578 3980 ut
1621 3915 1712 3980 erat
1748 3878 1971 3979 constitu-

502 4054 640 4142 tum,
677 4022 734 4121 ad
770 4019 982 4122 Carolum
1017 4020 1065 4121 in
1100 4019 1239 4121 Aulae
1281 4024 1489 4123 cavaedio
1526 4061 1608 4161 pro
1652 4019 1863 4123 tribunali
1898 4062 1970 4122 se-

502 4166 679 4266 dentem
716 4197 1055 4307 processerunt3
1091 4201 1284 4304 cumque
1321 4161 1508 4305 genibus
1551 4163 1671 4267 flexis
1709 4203 1775 4266 ter
1810 4203 1972 4267 omnes

500 4309 844 4412 misericordiam
886 4306 1186 4408 inclamassent
1216 4384 1231 4421 ,
1266 4348 1376 4409 unus
1420 4341 1663 4413 atratorum
1711 4309 1975 4448 descripto

499 4453 646 4592 pergit
691 4454 875 4552 nomine
916 4449 1106 4550 civitatis
1141 4450 1251 4550 clara
1294 4490 1407 4551 voce
1443 4454 1589 4593 culpas
1626 4488 1670 4552 et
1709 4482 1841 4549 errata
1878 4488 1974 4588 pu-·.

499 4595 613 4694 blica
649 4594 887 4711 confiteri,
924 4630 966 4695 et
1001 4591 1154 4693 Caroli
1189 4593 1466 4694 clementiam
1512 4592 1779 4735 supplicibus
1815 4591 1972 4697 verbis

495 4736 733 4879 implorare
754 4776 766 4845 3
787 4737 867 4877 qui
893 4773 997 4836 curn
1030 4735 1172 4840 finem
1203 4734 1382 4838 dicendi
1416 4731 1616 4855 fecisset,
1653 4735 1828 4856 Maria,
1848 4751 1969 4879 quae

1872 4892 1968 4981 Ca-
