4102 5864
435 431 523 541 384
819 433 904 515 ou
938 433 1138 514 aeuus
1177 432 1413 515 ousrrs

383 593 451 716 jus
485 589 637 693 studio
675 625 718 691 et
755 588 982 689 voluntati
1017 605 1188 688 morem
1225 625 1419 729 gereret.

459 743 558 837 LX.
634 737 706 838 Ad
742 774 790 834 ea
828 733 1009 832 Carolus
1038 739 1310 833 'constanter
1359 728 1591 874 paucisque
1645 729 1869 838 delibera³

380 917 427 979 ta
462 880 688 1020 respondit
729 920 739 979 ε
777 876 813 978 si
848 875 972 977 certis
1022 910 1066 975 et
1102 875 1312 1038 legitimis
1363 873 1697 1018 probationibus
1751 878 1864 981 fides

382 1022 466 1122 sibi
503 1017 617 1123 facta
655 1017 784 1122 luerit
819 1018 1085 1120 Placentiam
1119 1029 1229 1144 jur1s
1266 1060 1353 1118 esse
1389 1020 1706 1140 Ecclesiastici,
1731 1016 1862 1145 fore,

381 1200 432 1265 ut
468 1165 605 1266 libens
642 1162 867 1266 Pontificis
905 1161 1193 1305 postulationi
1244 1165 1499 1265 concederet
1529 1203 1542 1272 3
1582 1162 1667 1264 sibi
1701 1201 1862 1266 tamen

380 1304 514 1449 longe
563 1310 688 1408 aliter
740 1307 905 1408 avitis
953 1344 1100 1409 rerum
1151 1305 1349 1446 jurisque
1402 1306 1549 1446 peritis
1606 1345 1867 1446 persuasum

382 1492 470 1550 esse
506 1529 520 1571 ,
559 1492 640 1552 nec
693 1453 837 1551 modo
873 1448 1141 1550 Placentiam
1179 1527 1194 1570 ‚
1229 1452 1303 1550 sed
1356 1449 1491 1548 etiam
1541 1458 1746 1550 Parmam
1802 1453 1866 1552 ad

382 1592 769 1716 Mediolanensem
805 1592 1025 1712 ditionem
1062 1592 1307 1731 pertinere.
1358 1593 1498 1710 Quod
1534 1632 1635 1693 curu
1672 1593 1736 1691 ita
1773 1593 1861 1715 sit,

382 1770 533 1835 tamen
568 1774 619 1837 ut
656 1739 864 1836 tollantur
899 1736 1223 1837 controversiae
1264 1813 1280 1853 ,
1315 1735 1533 1873 simulque
1578 1735 1865 1875 posteritati,

381 1879 442 1978 de'
455 1890 459 1897 ’
474 1889 568 2019 qua
599 1880 754 1979 Paulus
791 1879 1076 1996 meminerit,
1099 1878 1383 1997 consulatur,
1424 1877 1732 2002 conditionem
1769 1874 1861 1979 fer·

377 2057 425 2120 re
462 2097 476 2135 ,
512 2022 547 2121 si
580 2030 735 2122 Parma
786 2056 829 2120 et
864 2019 1084 2121 Placentia
1137 2020 1301 2122 ditioni
1347 2019 1672 2120 Mediolanensi
1733 2021 1854 2121 resti*

377 2197 601 2285 tuantur,
642 2206 685 2264 se
735 2163 926 2264 Octavio
977 2162 1177 2264 Parnesio
1213 2240 1228 2283 ,
1274 2162 1346 2262 cui
1397 2163 1548 2263 onmia
1603 2199 1849 2301 parentur,

375 2305 552 2407 abunde
588 2302 936 2425 satisfacturum,
971 2306 1143 2448 ipsique
1179 2341 1221 2404 et
1257 2303 1436 2445 posteris
1471 2305 1643 2444 aliquot
1692 2305 1739 2405 in
1774 2307 1843 2407 Si·

376 2446 478 2545 cilia
511 2449 680 2548 castella
714 2484 758 2548 et
791 2458 969 2589 agros,
1003 2448 1085 2587 qui
1133 2486 1369 2548 aureorum
1424 2447 1684 2547 ducatorum
1731 2486 1842 2587 qua*
1988 2512 1990 2567 3

374 2588 579 2729 draginta
614 2591 754 2691 millia
786 2591 837 2709 ¹in
872 2628 1011 2689 annos
1045 2588 1273 2708 reddant,
1306 2590 1356 2689 in
1391 2626 1651 2731 perpetuam
1701 2589 1838 2690 ditio·

373 2767 480 2831 nem
517 2769 560 2832 et
597 2733 912 2873 possessionem
946 2729 1251 2832 tributurum.
1374 2740 1376 2743 ’

262 3001 267 3011 .
447 2882 560 2974 LXI.
617 2887 750 2976 Hanc
785 2875 1088 2975 conditionem
1124 2874 1261 2973 Paulo
1298 2870 1570 3012 pertinaciter
1610 2908 1839 3015 aspernatav
1980 2907 1981 2911 ‘

375 3050 420 3116 te
450 3092 465 3133 ‚
497 3018 711 3118 Octavius
764 3054 916 3117 tamen
967 3052 1011 3115 et
1063 3016 1306 3124 Alexander
1342 3018 1555 3119 Farnesius
1592 3018 1837 3119 Cardinalis

374 3192 421 3260 et
455 3158 864 3260 Vice-cancellarius
917 3195 1148 3298 nepotes,
1202 3158 1503 3298 accipiendam
1553 3157 1836 3291 judicabant3
1982 3185 1983 3192 ‘

372 3299 648 3441 negotioque
698 3302 777 3402 diu
826 3336 1066 3420 extracto,
1117 3300 1334 3400 Octavius
1371 3300 1577 3402 insciente
1630 3301 1842 3404 Pontifice

373 3448 580 3543 Parmam
615 3443 762 3583 paucis
798 3444 1035 3545 comitibus
1071 3481 1148 3585 per
1197 3482 1334 3582 equos
1371 3442 1603 3584 dispositos
1656 3444 1842 3586 profici·
1984 3533 1987 3563 2

374 3583 536 3685 scitur.
582 3586 824 3688 Accedenti
859 3585 1069 3687 Camillus
1107 3584 1334 3706 Ursinus,
1371 3593 1506 3727 quem
1541 3585 1643 3687 urbi
1681 3588 1847 3727 praesi-
1988 3683 1989 3687 t

371 3726 541 3865 'dinque
577 3729 734 3827 Paulus
774 3723 1034 3869 praefecerat
1071 3805 1086 3847 ,
1123 3726 1307 3828 obviam
1361 3767 1606 3870 progressus
1644 3767 1710 3829 est
1748 3807 1767 3849 ‚
1804 3766 1846 3830 et
1989 3732 1990 3737 Ν

371 3866 482 3969 urbe
516 3907 739 4007 receptum
772 3867 929 3971 officiis
982 3870 1190 3971 omnibus
1228 3877 1572 4012 prosequebatur
1601 3913 1614 3980 3
1649 3874 1726 3972 sed
1765 3912 1849 3981 co·

408 4011 500 4111 nita
548 4012 682 4153 ipsius
717 4009 915 4132 fraude,
953 4015 1033 4154 qui
1066 4052 1218 4114 arcem
1248 4016 1496 4155 occupandi
1531 4013 1670 4176 gratia
1697 4052 1850 4154 prae·

373 4049 479 4261 iteri
513 4165 604 4286 ejus
640 4155 841 4258 animum
877 4192 1142 4276 tentaverat,
1170 4156 1383 4257 militibus
1416 4156 1705 4297 praesidiariis
1742 4196 1850 4257 coa·
1986 4198 1988 4284 j

376 4296 457 4395 ctis
488 4374 503 4416 ‚
539 4299 734 4400 Octavio
770 4300 1077 4400 denuntiatum
1116 4299 1301 4416 mittit,
1334 4299 1404 4398 uri
1430 4301 1557 4400 nulla
1582 4398 1584 4401 ,
1605 4299 1851 4440 interposi·
1988 4388 1989 4411 2

374 4470 422 4534 ta
457 4476 582 4540 mora
638 4441 811 4581 oppido
848 4440 1088 4542 diseederet
1106 4481 1136 4549 .;
1190 4443 1313 4584 quod
1349 4441 1385 4542 si
1420 4437 1581 4543 faeere¹
1600 4480 1851 4566 recusaret,
1989 4471 1990 4487 ¹

374 4616 456 4698 se,
490 4591 610 4711 cujus
648 4583 752 4683 fidei
788 4579 991 4687 Pontifex
1027 4593 1225 4686 Parmam
1263 4582 1606 4686 :custodiendam
1639 4663 1665 4706 2,
1704 4622 1762 4685 et'
1791 4586 1849 4688 ab
1990 4580 1991 4583 Ὺ

376 4721 509 4827 omni
543 4723 591 4827 vi
624 4725 820 4869 doloque
855 4729 1063 4832 tuendam
1087 4727 1416 4878 commisisset,
1447 4725 1598 4839 officio
1633 4768 1730 4831 non
1770 4732 1847 4830 de·

1776 4866 1848 4975 fita
