4034 5858
105 549 201 649 Regii
226 553 363 623 Comes.
822 545 979 637 Bajardus
995 552 1156 635 (Petrus)
1180 552 1328 625 Laudem
1343 559 1539 654 Pompeiam

61 648 236 725 naevedus
268 648 459 741 (Jacobus>
491 669 598 719 novus
625 645 767 743 Philippi
871 666 904 716 et
927 647 1163 722 Alexandriam
1199 674 1364 752 occupat,
1398 679 1431 727 et
1459 663 1540 730 Cre⁴

97 772 324 821 oeconomus.
353 753 399 818 ΙΙ.
433 770 510 841 347.
553 752 700 845 [egatus
723 746 766 816 ad
874 771 1010 817 monam
1027 771 1222 849 oppugnat.
1246 758 1274 824 Ι.
1296 777 1375 845 141.
1400 762 1439 826 In
1457 759 1543 830 Gal-

108 851 247 921 Paulum
272 856 372 919 Pont.
395 871 414 916 a
436 847 587 943 Philippo
603 852 767 918 Asturum
872 848 984 917 lorum
1000 870 1136 946 receptu
1152 851 1374 923 interficitur.
1392 861 1421 924 I.
1440 877 1518 946 150.

108 946 260 1045 Principe
279 945 436 1020 mittitur.
460 953 507 1020 II.
527 947 607 1040 358.
826 944 951 1032 Bajona
969 943 1112 1018 fluvius.
1133 954 1162 1019 Ι.
1186 975 1263 1021 120.

394 1105 448 1232 B
827 1044 953 1134 Bajona
969 1045 1046 1117 urbs
1071 1049 1155 1119 mari
1178 1069 1332 1146 terraque
1361 1075 1540 1152 oppugna-

877 1162 959 1213 tur.
977 1149 1005 1213 Ι.
1028 1170 1105 1216 120.

827 1241 1014 1331 Bajonensis
1054 1246 1257 1344 Episcopus.
1289 1261 1329 1321 V.
1368 1249 1543 1323 Fraxineut

60 1302 186 1422 Baba
198 1343 359 1441 (Baptista
375 1344 557 1428 Cataneus)
584 1341 678 1415 Flisci
696 1346 770 1415 Co·
876 1346 1079 1435 <Joannes).
1308 1349 1311 1356 ’
1629 1354 1632 1361 ’

112 1444 200 1514 mitis
229 1442 402 1514 consilium
430 1442 600 1540 improbat
628 1492 640 1527 ,
671 1462 705 1512 et
735 1441 770 1513 'm
830 1442 954 1513 Balbus
975 1444 1208 1530 (Cornelius)
1243 1439 1432 1519 Gaditanus
1471 1447 1542 1543 pri-

112 1543 306 1615 cubiculum
317 1541 522 1613 includitur.
551 1548 597 1615 II.
618 1565 697 1636 330·
878 1564 952 1614 mus
980 1559 1194 1614 externorum
1216 1550 1347 1621 Romae
1375 1549 1545 1620 Consida-

60 1645 212 1726 Bedaxos,
229 1661 428 1739 corruptum
450 1640 541 1712 urbis
573 1644 664 1713 Pacis
692 1645 771 1710 Au·
880 1660 954 1711 tum
975 1641 1087 1738 gessit.
1106 1647 1135 1710 Ι.
1150 1666 1207 1713 22.

111 1761 224 1839 gustae
239 1763 382 1810 nornen.
399 1745 426 1810 Ι.
447 1762 478 1833 3.
503 1745 548 1810 11.
566 1761 650 1834 234.
830 1740 954 1813 Balbus
968 1741 1195 1827 (Cornelius)
1221 1744 1359 1830 minor,
1392 1744 1540 1816 Gadita-

62 1840 207 1912 Badenta
224 1846 240 1925 (
252 1839 402 1933 Jacoba)
418 1838 593 1912 Guilielmi
615 1835 772 1910 Bavariae
879 1861 942 1910 nus
970 1838 1179 1934 triumphum
1209 1846 1341 1914 Romae
1372 1845 1441 1940 agit
1472 1843 1541 1941 pri*

109 1939 217 2013 Ducis
246 1963 334 2010 uxor
363 1963 442 2008 curn
476 1942 578 2009 Anna
611 1960 698 2009 nuru
738 1952 772 2003 et
880 1959 954 2007 mus
975 1955 1211 2007 externorum.
1236 1945 1263 2008 I.
1278 1965 1336 2011 22.

110 2035 276 2111 Mathilde
308 2035 376 2106 filia
409 2035 562 2131 Philippo
608 2041 773 2107 Asturum
831 2036 978 2105 Baleares
993 2037 1130 2127 majores
1143 2056 1175 2108 et
1196 2037 1359 2110 minores.
1393 2043 1541 2132 II.139.
1622 2086 1626 2093 ,

110 2134 253 2232 Principi
280 2134 415 2208 obviarn
438 2135 570 2233 prodit.
594 2139 641 2205 ΙΙ.
668 2154 747 2227 373.
831 2134 1036 2205 Balearicum
1051 2159 1159 2206 mare.
1175 2140 1204 2204 Ι.
1220 2160 1256 2229 4.

61 2233 215 2307 Baeticae
246 2231 365 2304 divisio
396 2233 431 2305 in
466 2253 615 2330 quatuor
653 2255 772 2331 regna·
831 2235 938 2306 Ballio
949 2236 1123 2306 Malatesta
1148 2238 1318 2306 Penrsinus
1335 2241 1540 2310 Cremonam

113 2342 141 2409 Ι.
165 2338 200 2404 6.
227 2330 420 2405 Provinciae
438 2331 642 2404 amoenitas.
666 2337 695 2401 1.
717 2352 774 2424 32.
879 2352 930 2402 ter
950 2333 1111 2406 ineassum
1135 2355 1330 2433 oppugnat.
1347 2343 1375 2407 I.
1398 2354 1476 2421 199.

110 2434 192 2523 Ejus
221 2431 387 2530 Regiones
423 2431 616 2504 inusitatum
671 2429 774 2528 frigus
832 2431 1000 2503 Ballonius
1019 2436 1233 2520 (Horatius)
1253 2434 1286 2504 in
1306 2436 1430 2531 praelio
1450 2432 1543 2506 occi·

109 2531 258 2604 invadit.
284 2536 331 2601 ΙΙ.
349 2550 408 2617 92.
879 2530 992 2610 ditur.
1019 2538 1047 2602 Ι.
1066 2537 1146 2623 265.
1391 2619 1393 2623 ι

60 2630 184 2709 Baetici
208 2637 363 2701 Proceres
385 2650 420 2700 et
445 2628 592 2701 civitates
628 2653 647 2700 a
676 2629 774 2699 rebus
832 2629 1020 2701 Bandiensis
1042 2631 1195 2704 Marehio
1218 2632 1439 2707 Ratisbonam
1455 2654 1540 2702 con-

108 2729 204 2805 novis
234 2726 467 2801 abstinendum
482 2749 641 2812 censent,
675 2725 775 2799 habi·
879 2729 995 2801 venit.
1024 2736 1170 2821 11.124.

110 2850 217 2923 toque
238 2829 376 2900 sambrae
398 2828 575 2911 Concilio,
593 2845 631 2897 ut
643 2826 774 2898 Castel-
833 2829 957 2899 Baneta
981 2827 1163 2924 praefectus
1189 2829 1341 2925 capitur.
1359 2835 1387 2899 Ι.
1405 2852 1492 2922 442.
1524 2830 1527 2835 ’

111 2931 163 3001 lae
194 2925 361 3023 popularis
397 2945 580 3000 conventus
604 2927 695 3015 jussis
733 2947 776 2994 ne
831 2925 1003 2998 Barahona
1024 2929 1248 3014 (Gonzalus)
1276 2929 1481 3024 praefectus.
1509 2932 1540 2999 Ι.

111 3046 285 3126 pareatur,
301 3023 359 3096 sed
379 3025 478 3098 armis
502 3024 705 3107 obsistatur,
719 3023 777 3094 de-
880 3046 938 3112 90.
976 3026 1057 3114 Ejus
1089 3027 1209 3099 domus
1238 3028 1384 3099 incensa.
1420 3033 1447 3099 l.
1478 3048 1539 3120 93.

112 3143 276 3199 cernunt.
300 3129 329 3197 I.
345 3149 404 3218 71.
416 3147 449 3196 et
466 3149 524 3218 72.
553 3129 715 3223 Legatum
732 3121 776 3195 ad
878 3134 1032 3223 Pugnans
1057 3148 1228 3223 superatur
1243 3147 1276 3196 et
1304 3129 1453 3224 capitur,
1469 3129 1540 3196 lae-

112 3226 276 3298 Carolum
313 3225 484 3309 nritttmt,
511 3222 700 3316 litterasque
731 3221 775 3296 ad
880 3248 999 3318 saeque
1026 3226 1197 3316 majestatis
1217 3228 1252 3296 in
1279 3227 1448 3298 Victoriae
1461 3224 1539 3297 foro
1644 3252 1651 3266 ·

112 3342 318 3397 conventum
352 3325 548 3422 popularem
572 3324 775 3396 Castellano-
881 3325 1084 3395 mulctatur.
1102 3331 1133 3396 Ι.
1149 3346 1207 3414 95.

112 3447 202 3506 nrm,
210 3422 330 3517 quibus
342 3442 491 3507 monent,
507 3441 545 3493 ut
562 3422 775 3521 apemieioso
831 3424 938 3499 Barba
970 3429 985 3514 (
995 3426 1155 3515 Joannes)
1174 3432 1315 3520 Legatus
1333 3422 1542 3521 Legionensis
1658 3429 1659 3433 ’

112 3522 281 3596 seditionis
299 3522 437 3594 consilio
449 3522 626 3594 desistant.
649 3526 678 3591 I.
691 3545 750 3615 72.
879 3517 1041 3594 castellae
1065 3525 1221 3596 Concilio
1237 3526 1388 3593 interest.
1417 3527 1463 3592 II.
1481 3546 1540 3613 7⁹·

64 3621 174 3696 Baetis
184 3618 314 3694 fontes.
331 3627 360 3692 Ι.
385 3645 440 3717 31.
456 3640 556 3715 et32.
572 3627 717 3693 Cursus.
740 3621 774 3693 1.
831 3622 1052 3710 Barbaroxa<
1074 3623 1313 3707 Charadinus)
1342 3641 1432 3718 patre
1460 3623 1539 3693 Ma·

117 3748 152 3793 a.
172 3726 206 3793 A
221 3725 326 3794 Baeto
342 3726 435 3820 Rege
455 3721 499 3794 sic
515 3721 634 3795 dictus.
651 3724 680 3795 1.
694 3721 727 3790 8.
879 3721 1060 3794 humetano
1074 3772 1085 3806 ,
1099 3743 1204 3794 matre
1217 3721 1403 3794 Christiana
1427 3724 1540 3792 catie-

65 3820 243 3892 Baeturia.
272 3826 300 3890 Ι.
322 3843 377 3913 31.
490 3895 492 3899 .
600 3859 604 3869 ·
877 3824 943 3891 rina
971 3839 1094 3904 natus,
1118 3848 1157 3893 ex
1187 3822 1293 3919 figulo
1318 3822 1459 3918 primum
1485 3818 1537 3916 pi-

65 3920 189 3990 Baetus
207 3919 386 4015 Hispaniae
408 3924 506 3994 Rex.
522 3926 551 3991 Ι.
568 3920 601 3990 8.
879 3938 972 4001 rata,
986 3917 1104 3991 deinde
1120 3923 1272 4019 Argeliae
1287 3929 1362 3996 Rex
1381 3919 1427 3997 ‚fit
1440 3944 1449 3998 ;
1460 3915 1539 3988 tan·

65 4017 192 4092 Baileni
204 4022 326 4088 Comes
342 4023 520 4105 (Emanuel
533 4017 676 4090 Ponzius
689 4016 774 4097 Leo)
880 4016 958 4088 dem
992 4019 1154 4090 Turcicae
1185 4021 1274 4092 classi
1306 4046 1324 4091 a
1356 4021 1539 4111 Solymano

115 4141 196 4191 eum
208 4114 341 4188 duobus
351 4117 425 4190 filiis
440 4118 595 4199 Pederim
624 4134 658 4187 et
674 4120 774 4189 Ema·
880 4113 1090 4213 praeficitur.
1115 4124 1142 4189 Ι.
1172 4143 1250 4214 343.
1279 4131 1367 4189 Bassa
1389 4135 1538 4187 creatur.

115 4217 212 4291 nuele
226 4238 305 4287 cum
319 4217 414 4288 classe
439 4219 597 4289 Genuam
622 4216 773 4314 appellit,
880 4221 909 4286 Ι.
930 4237 1008 4308 344.
1039 4221 1078 4286 In
1103 4221 1232 4290 Italiam
1256 4242 1332 4288 curn
1357 4216 1451 4286 classe
1467 4237 1540 4310 per·
1602 4221 1606 4233 '
1676 4220 1678 4224 '

114 4335 150 4388 et
180 4315 308 4414 magnis
331 4315 501 4387 itineribus
533 4315 576 4386 ad
610 4316 773 4409 Carolum
880 4316 1011 4386 veniens
1032 4319 1215 4388 Castellum
1241 4331 1378 4387 Samium
1405 4317 1540 4386 Nicetum

116 4415 312 4488 contendit.
333 4420 473 4507 II.430.
488 4435 627 4507 et,431.
643 4416 773 4486 lnMe·
879 4431 1006 4495 vastat,
1028 4434 1063 4483 et
1090 4437 1213 4511 septem
1235 4414 1382 4485 triremes
1410 4411 1453 4483 ad
1477 4413 1539 4487 Ci-

115 4512 157 4585 tis
167 4515 414 4612 oppugnatione
430 4514 534 4609 perit.
554 4520 600 4585 II.
617 4533 700 4605 437.
880 4512 1019 4584 crarium
1038 4512 1207 4585 incendit.
1233 4519 1362 4607 I.345.
1399 4515 1540 4607 Spelun-

65 4613 193 4691 Baileni
207 4617 330 4684 Comes
346 4614 515 4706 (Jacobus
536 4614 678 4685 Ponzius
690 4611 774 4693 Leo)
879 4635 957 4682 cam
974 4630 1099 4694 vastat,
1116 4633 1148 4683 et
1173 4612 1305 4684 Fundos
1332 4613 1467 4710 diripit,
1483 4613 1539 4682 cui

116 4711 277 4783 Castellae
299 4712 454 4784 Concilio
477 4711 630 4783 interest.
647 4716 694 4781 ΙΙ.
714 4709 773 4779 68.
876 4708 1004 4807 oppido
1023 4709 1291 4811 SidiaGonzaga
1315 4709 1537 4807 imperitabat,
1580 4754 1583 4761 -

114 4815 163 4882 ΙΙ.
180 4833 261 4904 434.
281 4808 467 4906 Philippum
481 4810 713 4883 Sabnanticam
729 4806 773 4878 ad
877 4814 907 4880 1.
928 4827 1007 4901 345.
1036 4810 1202 4885 Tunetenr
1224 4812 1340 4883 urbem
1359 4815 1453 4907 pulso
1464 4811 1540 4878 Ha-

112 4934 266 5006 rponsam
285 4908 471 4983 venientem
494 4912 698 4987 comitatur.
725 4913 772 4982 11.
877 4930 961 4982 zeno
981 4914 1075 5006 Rege
1098 4934 1213 5013 capere
1235 4912 1372 4996 statuit.
1396 4916 1424 4984 Ι.
1441 4910 1535 5080 P346.

110 5031 195 5104 243.
778 5030 779 5034 ¹
1299 5042 1303 5054 =
1467 5028 1536 5079 rae-
