3998 5850
492 424 1241 516 cauorrvaruaxxvru.
1457 421 1548 542 467
1624 408 1663 475 7
1725 476 1726 479 κ

116 586 231 739 plius
267 620 376 692 esset
393 583 752 693 “invitamentum
783 587 917 710 belli,
951 599 1070 728 jussu
1106 585 1260 695 Caroli
1294 591 1484 695 Caesaris
1520 595 1591 702 diss

119 774 271 844 rutum
306 770 404 859 est,
443 769 488 838 et
524 737 619 839 solo
656 771 921 880 aequatum.
1433 745 1435 749 ’
1577 819 1579 824 s

102 918 148 970 Ι’«ῑ
228 889 327 985 XL.
371 876 374 879 ⁵
422 888 577 984 Annus
623 919 716 984 erat
756 878 942 1006 ¹¹[Christi
995 870 1282 994 'millesimus
1311 877 1583 1030 ⁴,quingentes
1608 921 1702 992 Anu.
1718 943 1877 994 nnana

120 1025 253 1129 simus
274 1018 709 1170 'quinquagesimus
731 1028 880 1131 tertius
899 1058 914 1146 ,
934 1026 1198 1165 mensisque
1236 1024 1384 1160 Julius
1431 1032 1591 1170 agebass
1712 1077 1715 1085 ’
1938 1050 1941 1056 ’

119 1205 236 1292 rur,
275 1210 380 1272 curn
434 1172 490 1272 de
542 1171 673 1271 obitu
723 1170 921 1272 Eduardi
967 1169 1082 1270 Sexti
1141 1168 1390 1270 Britanniae
1425 1179 1596 1323 Regis,

119 1350 165 1417 et
214 1315 370 1457 paulo·
398 1350 499 1457 post
552 1315 611 1414 de
641 1326 803 1457 Regno
860 1315 918 1413 ad
954 1311 1152 1413 Mariam
1187 1312 1373 1415 Henrici
1397 1385 1402 1393 .
1428 1325 1595 1428 Octavi

117 1460 255 1603 Regis
310 1495 354 1561 et
388 1457 653 1573 Catherinae
689 1456 853 1561 Caroli
904 1457 1105 1568 Caesaris
1156 1490 1408 1559 materterae
1454 1461 1591 1571 filiam

119 1605 265 1707 delato
300 1704 303 1708 Α
334 1607 518 1707 erlatum
556 1640 642 1706 est.
701 1603 797 1722 Qui
813 1673 815 1676 >
832 1601 1012 1703 nuntius
1048 1601 1214 1705 Carolo
1250 1601 1396 1706 eidem
1431 1610 1590 1749 gratis·
1659 1682 1661 1686 -

118 1749 252 1851 simus
287 1644 405 1867 liit,
440 1758 621 1889 ejusque
656 1747 859 1850 animum
894 1742 1021 1849 valde
1056 1747 1118 1882 ad
1149 1784 1274 1887 spem
1308 1786 1454 1852 rerum
1474 1827 1476 1829 >
1494 1793 1588 1856 rne-

117 1890 283 1997 liorum
319 1893 456 1994 erexit
486 1971 502 2013 ‚
534 1894 570 1993 si
621 1932 699 2034 per
750 1890 1028 1995 occasionem
1083 1891 1354 2032 matrimonii
1389 1893 1587 2039 Philippi

69 2130 73 2136 ,
116 2035 200 2141 filii
252 2072 296 2137 et
331 2037 500 2140 Mariae
532 2036 729 2178 Reginae
764 2034 960 2138 Britanni
1011 2070 1189 2177 possent
1243 2035 1300 2136 ad
1354 2038 1582 2148 sanitatem

120 2216 165 2282 et
200 2177 479 2282 Catholicam
531 2181 680 2282 Fidem
717 2220 770 2281 ex
805 2180 1031 2324 impietate
1065 2172 1331 2288 Lutherana¹
1352 2217 1396 2282 et
1431 2184 1583 2289 multi-

118 2323 226 2467 plici
262 2362 405 2428 errore
458 2323 661 2445 deduci,
696 2360 849 2467 quae,
883 2325 1060 2425 volente
1111 2361 1243 2465 atque
1294 2361 1452 2466 agente
1482 2370 1584 2431 eo-

118 2470 224 2571 dem
261 2468 503 2589 Henrico,
539 2469 813 2569 Britanniam
862 2465 1116 2590 invaserat,
1152 2469 1261 2570 dum
1313 2469 1403 2570 irae
1457 2509 1591 2615 atque

119 2613 226 2716 odio
277 2612 326 2714 in
380 2614 675 2715 Clementem·
703 2611 952 2753 Septimum
1004 2610 1270 2716 Pontificem
1305 2614 1592 2739 Maximum,

122 2792 166 2862 ct
199 2758 464 2860 inveteratae
513 2796 618 2859 cunr
652 2756 818 2858 Carolo
853 2771 1036 2862 Caesare
1086 2754 1299 2859 simultati
1356 2757 1593 2903 indulget·‚

123 2900 286 3044 quibus
322 2903 376 3003 de
411 2898 666 3033 rebusnon
703 2901 786 3004 erit
822 2901 1047 3024 alienum,
1079 2903 1215 3042 paulo
1251 2900 1378 3004 altius
1416 2944 1593 3011 summa

120 3045 339 3188 repetita,
375 3085 513 3189 pauca
540 3070 924 3149 commemorare.

128 3216 140 3268 -’
182 3200 296 3292 XLI.
334 3189 464 3311 Quo
500 3227 700 3336 tempore
735 3192 920 3292 Carolus
956 3188 1203 3291 adolescens
1238 3198 1482 3333 Imperator
1517 3194 1594 3295 de-

69 3431 72 3437 ,
123 3331 353 3476 signatus„
390 3371 568 3478 accepta
619 3336 676 3437 ad
709 3337 1040 3478 aquisgranum
1088 3372 1252 3434 corona
1278 3375 1386 3453 ,ex
1438 3336 1593 3478 Belgio

123 3476 173 3579 in
207 3480 470 3620 Hispaniam
507 3475 715 3605 redibat,
745 3518 848 3581 cum
884 3477 1082 3579 Henrico
1116 3477 1429 3580 Britannorum
1466 3490 1590 3622 Rege

124 3621 375 3724 societatem
412 3662 455 3725 et
502 3623 744 3724 amicitiam
796 3649 948 3738 contra
984 3635 1158 3764 Regem
1194 3621 1425 3763 Gallorum
1461 3635 1591 3723 Fran-

123 3765 291 3869 ciscum
326 3768 454 3904 certis
505 3760 839 3869 conditionibus
868 3764 1004 3867 inivit
1042 3806 1055 3874 3
1091 3797 1291 3907 quarum·
1331 3808 1381 3868 ea
1417 3766 1469 3865 in·
1503 3767 1591 3908 pri-

125 3908 212 4008 mis
248 3905 333 4011 fuit
351 3989 366 4030 ‚
386 3905 435 4011 ut
472 3911 655 4012 Carolus
683 3911 876 4011 Mariam
912 3908 1099 4011 Henrici
1133 3907 1270 4010 filiam
1306 3944 1472 4052 septem
1509 3949 1591 4011 an·

125 4089 292 4152 norum
328 4055 558 4194 puellam,
594 4094 700 4157 cum
735 4055 930 4197 primurn
966 4054 1022 4154 ad
1057 4052 1327 4196 pubertatem
1365 4054 1591 4195 pervenis-

125 4229 222 4316 set,
260 4227 445 4298 uxorem
481 4199 688 4322 duceret,
711 4240 854 4342 poena
879 4198 1241 4342 ⁸quingentorum
1278 4195 1470 4330 millium
1507 4236 1590 4298 au-

125 4367 311 4476 reorum
349 4343 610 4475 'ducatorum
661 4343 709 4445 in
746 4368 849 4449 eum
895 4343 1131 4446 constituta
1163 4339 1181 4461 ,
1216 4376 1294 4482 pet
1331 4379 1467 4481 quem
1495 4363 1590 4442 'ste-

82 4555 84 4559 -
126 4483 243 4585 risset
265 4558 283 4605 ,-
319 4485 559 4627 quominus
594 4489 738 4594 Maria
780 4488 844 4588 in
865 4485 1203 4587 matrimonium
1239 4523 1265 4584 a
1301 4485 1462 4587 Carolo
1499 4486 1588 4586 du-

126 4662 292 4743 ceretur
308 4669 321 4736 ε
339 4631 454 4771 quin·
488 4630 621 4767 etiam
655 4631 874 4765 Henricus
910 4665 1152 4733 trecentum
1190 4627 1451 4731 ducatorum
1487 4628 1585 4727 mil-

125 4767 187 4917 lia
219 4773 382 4876 Carolo
421 4774 648 4921 *indigenti
683 4814 761 4921 per
796 4776 845 4879 id
881 4796 1074 4918 tempus⁴
1103 4772 1215 4876 inter
1250 4772 1373 4881 initia
1418 4772 1586 4875 scilicet

154 4942 174 4973 ·‘
1027 4926 1183 5021 Nnna
1494 4924 1586 5018 Re-
