4124 5880
524 397 774 480 ennom
816 401 869 479 v.
916 398 1029 477 cru.
1064 401 1242 482 xviri.
1509 396 1564 512 89

153 554 364 671 „sumtus
402 554 685 696 suggerendi.
730 552 840 654 Illud
862 569 1061 694 'quoque
1095 559 1151 657 ad
1193 559 1420 659 levandam
1456 563 1603 702 publi-

150 769 180 814 „
198 734 296 797 cam
333 698 535 837 inopiam
580 695 677 797 usui
711 691 807 796 fore
847 697 993 800 visum
1029 739 1156 820 esse,
1193 736 1242 800 ut
1286 705 1602 810 constituantur

144 842 254 957 „ad
291 877 463 981 tempus
499 878 616 940 nova
651 839 883 981 vectigalia
917 842 972 943 de
1005 840 1058 942 iis
1094 840 1250 963 rebus,
1280 886 1393 986 quae
1428 892 1481 950 ex
1516 855 1600 953 Hi·
1692 889 1695 895 ·

145 984 375 1123 „spaniae
419 979 674 1224 repionibus
710 1019 995 1123 exportantur
1023 1063 1039 1104 ,
1072 1026 1122 1086 ac
1164 989 1277 1087 itemv
1323 1026 1373 1088 ut
1408 1030 1599 1097 creentur

146 1161 374 1245 „munera
413 1163 473 1267 pu
508 1125 633 1246 lica,
671 1165 785 1265 quae
825 1130 882 1226 ad
937 1127 1084 1227 vitam·
1113 1129 1163 1228 iis
1195 1205 1211 1246 ,
1249 1130 1328 1271 qui
1370 1136 1600 1269 pecuniam

146 1343 178 1388 „
193 1267 494 1389 contulerint,
528 1270 812 1370 mandentur.
859 1272 999 1389 Quod
1035 1271 1069 1371 si
1102 1311 1259 1411 parurn
1293 1273 1334 1371 ei
1369 1270 1600 1406 hujusmo-

146 1410 239 1531 „di
276 1412 472 1513 remedia
516 1409 703 1552 probata
738 1409 949 1533 fuerint,
984 1451 1059 1514 aur
1100 1413 1213 1515 levia
1249 1416 1486 1558 tenuiaque
1528 1423 1599 1521 vi-

146 1593 276 1675 „sa,
316 1556 378 1657 sic
415 1593 488 1655 eos
539 1596 758 1676 censere,
795 1596 888 1656 non
939 1597 1027 1656 esse
1075 1596 1306 1699 procerum
1341 1564 1596 1700 separatim,

144 1772 173 1819 „
188 1697 265 1797 sed
301 1699 359 1800 ad
395 1736 549 1799 omnes
584 1698 758 1800 ordines
792 1700 1087 1802 communiter
1121 1703 1358 1843 pertinere,
1392 1743 1598 1807 commu-

141 1915 169 1963 „
186 1841 340 1942 nicatis
376 1842 601 1962 consiliis,
638 1841 855 1945 rationem
891 1878 959 1944 tot
994 1839 1273 1945 difficultates
1308 1849 1595 1986 expediendi,
1678 1867 1680 1871 ’

140 2058 172 2111 ,,
189 2022 306 2125 quae
341 1985 701 2089 commodissima
736 1989 966 2107 videatur,
1000 1986 1145 2098 inirer
1183 2029 1297 2130 quae
1331 2027 1456 2089 causa
1489 1987 1596 2088 fuis-

142 2203 172 2249 „
186 2164 296 2249 set,
332 2164 383 2230 ut
424 2132 637 2274 supplices
678 2129 736 2233 ab
778 2133 873 2274 ipso
907 2132 1069 2231 iterum
1110 2167 1242 2272 arque
1285 2132 1443 2232 iterum
1484 2171 1595 2231 con·

140 2344 177 2396 „
191 2274 443 2395 tenderent,
464 2310 514 2375 ut
550 2285 641 2409 ejus
676 2274 903 2378 voluntate
939 2275 1086 2375 liceret
1119 2276 1204 2379 sibi
1240 2313 1465 2376 unacum
1501 2313 1596 2375 cae-

144 2487 174 2535 „
189 2416 293 2514 teris
328 2417 555 2520 ordinibus
591 2421 647 2519 de
683 2459 727 2519 re
763 2422 821 2520 ad
849 2457 1025 2533 omnes
1048 2419 1291 2561 pertinente
1326 2416 1592 2522 consultare.

142 2567 288 2680 „Nec
326 2562 447 2662 enim
481 2561 590 2663 alios
626 2562 717 2664 sine
760 2563 852 2665 aliis
886 2597 1001 2663 recte
1036 2603 1161 2707 posse
1195 2564 1249 2662 de
1285 2602 1330 2664 re
1366 2563 1596 2664 communi

142 2777 169 2821 „
186 2704 431 2845 eademque
481 2706 734 2848 gravissima
782 2711 1055 2828 decernere,
1089 2706 1336 2847 praesertim
1385 2743 1488 2806 cum
1540 2707 1596 2805 de

141 2844 318 2972 „rebus
363 2850 574 2952 inusitatis
626 2886 668 2952 et
701 2850 791 2950 sine
843 2852 1044 2992 exemplo
1095 2859 1315 2982 majorum
1366 2885 1591 2991 ageretur.

138 2999 289 3110 „Esse
322 3029 466 3094 autern
500 2993 636 3135 ipsius
671 2994 902 3138 sapientiae
937 3035 988 3095 ac
1025 2994 1307 3104 humanitatis
1343 2992 1594 3092 considera-

130 3207 165 3257 „
180 3172 233 3235 re
269 3175 320 3236 ac
354 3136 603 3241 meminisse
637 3138 831 3241 maxima
865 3141 1026 3240 damna
1059 3173 1104 3238 et
1138 3138 1394 3238 detrimenta
1430 3135 1598 3274 Regio-

131 3354 175 3401 „
188 3317 292 3384 rum
336 3282 666 3426 vectigalium,
704 3323 816 3426 quae
857 3282 1007 3385 multis
1050 3281 1175 3383 annis
1220 3313 1439 3383 contracta
1468 3278 1596 3396 sint,

125 3498 168 3547 ‚,
183 3463 284 3528 non
330 3464 458 3566 posse
507 3424 631 3529 brevi
684 3462 927 3569 tempore,
963 3422 1087 3527 salvis
1135 3425 1283 3526 ceteris
1333 3416 1597 3562 reipublicae

114 3638 163 3693 „
178 3568 423 3712 Regnique
459 3569 703 3672 necessariis
737 3570 1045 3689 adminiculis,
1081 3568 1253 3671 sarciri.
1275 3586 1305 3630 “
1420 3602 1425 3608 ·

213 3723 379 3818 XVIII.
454 3716 681 3857 Pergravis
717 3754 885 3857 perque
926 3715 1107 3817 molesta
1148 3707 1234 3812 luit
1281 3709 1443 3813 Carolo
1492 3704 1598 3808 haec

91 3885 381 3996 procerum
424 3858 676 3980 sententia,
709 3897 791 3960 nec
825 3857 974 3959 audita
1020 3852 1169 3997 potuit
1212 3898 1237 3956 a
1283 3853 1425 3955 verbis
1469 3852 1598 3991 paulo

91 3997 432 4141 asperioribus
473 4037 759 4142 temperare,
794 4001 953 4144 iniquo
990 4001 1142 4101 animo
1185 3994 1364 4118 ferens,
1401 3992 1599 4136 proceri*

85 4130 223 4246 bus
263 4181 444 4285 quoque
477 4182 642 4288 praeter
676 4186 802 4249 suam
837 4145 1098 4289 opinionem
1133 4137 1482 4283 refragantibus,
1503 4171 1603 4234 suos

95 4289 246 4428 pios
283 4323 505 4409 conatus,
539 4291 674 4392 etad
716 4329 1000 4392 communem
1036 4285 1387 4388 Christianorum
1424 4279 1605 4379 salutern

100 4428 411 4570 pertinentes
446 4433 683 4572 impediti.
721 4440 843 4532 Nam
880 4432 960 4530 etsi
996 4430 1081 4530 suis
1117 4425 1344 4568 postulatis
1381 4421 1606 4564 magnitu-

106 4576 307 4674 dinem
334 4576 618 4716 potissimum
653 4575 762 4677 aeris
793 4572 924 4674 alieni
960 4570 1082 4671 bellis
1118 4568 1408 4711 supeioribus
1445 4600 1608 4666 contra·
1691 4607 1696 4614 ·

109 4714 212 4816 cti
248 4750 289 4815 et
331 4708 559 4860 publicam
594 4720 798 4860 inopiam
834 4715 980 4859 palam
1016 4711 1376 4857 praetendebat,
1412 4710 1505 4852 ipse
1540 4742 1609 4806 ta-

224 4859 335 4960 Tom.
355 4873 411 4962 ΙΙ.
1168 4865 1223 4957 Μ
1510 4885 1614 4950 men
1668 4879 1671 4885 ’

881 5000 920 5071 ss

850 5069 880 5127 s
