4124 5880
626 457 630 461 ,
925 412 931 424 ·
1144 410 1147 415 ·
1513 380 1538 471 6

241 609 362 754 Jo.
425 597 807 767 ouuusn
864 409 1568 745 suputvuoms⁵

456 863 579 974 DE
632 861 913 972 ΚΕΒΗΣ
962 861 1287 976 GESTIS
1606 866 1611 870 ’

244 1080 848 1266 CAROLI
937 1107 1492 1291 Quinti
1606 1083 1611 1235 ἲ

155 1480 157 1484 .
312 1355 740 1487 rupenrronrs
774 1403 854 1482 ET
882 1410 1056 1486 noers
1091 1410 1433 1495 tristanum
1533 1373 1536 1379 ’

350 1708 565 1813 LIBER
598 1704 941 1852 DECIMUS
986 1707 1374 1822 OCTAVUS.

180 2002 214 2092 1.
245 1932 633 2106 CAROLUS,
627 1987 768 2147 pace
812 1979 926 2087 facta
967 2027 1070 2091 cum
1104 1991 1333 2094 Francisco
1378 1993 1606 2103 Gallorum

147 2146 307 2277 Rege,
344 2170 475 2274 atque
510 2127 740 2253 amicitia,
776 2165 987 2275 utsupra
1022 2135 1373 2288 demonstratum
1408 2176 1606 2264 est,re-

148 2279 415 2397 conciliata,
452 2273 732 2378 Valdolitum
767 2315 874 2377 cum
917 2279 1197 2401 revertisset,
1231 2318 1485 2386 cunctarum
1519 2284 1607 2388 Hi·-

152 2423 324 2563 spaniae
375 2418 619 2563 gentium,
662 2457 775 2559 quae
822 2432 985 2582 Regno
1034 2358 1246 2525 Castellae
1295 2426 1608 2550 continentur,

152 2566 408 2668 Concilium
443 2561 602 2665 habere
637 2563 894 2686 constituit,
930 2564 1171 2729 litterisque
1213 2571 1269 2670 ad
1305 2608 1459 2672 omnes
1494 2572 1608 2672 civi-

152 2746 259 2811 tates
297 2705 511 2827 dimissis,
532 2708 589 2807 ad
624 2746 760 2848 quem
795 2642 916 2809 dietis
950 2709 1219 2852 singularum
1253 2710 1383 2812 binos
1420 2755 1472 2814 ex
1508 2754 1609 2816 mo

153 2894 197 2954 te
232 2853 399 2996 legatos
434 2851 588 2951 Toleti
623 2888 794 2992 praesto
830 2853 916 2955 sibi
952 2894 1038 2953 esse
1073 2855 1218 2976 velit,
1256 2855 1416 2967 edicit3
1454 2857 1609 2958 simul

156 3037 241 3138 que
276 2994 509 3097 Pontifices
543 3031 588 3096 et
616 2998 764 3141 Regni
800 2998 1014 3163 principes
1050 2999 1389 3163 optimatesque
1404 3001 1610 3101 nomina

157 3143 235 3243 tim
272 3178 480 3243 evocatos
524 3144 682 3243 eodem
723 3145 959 3245 convenire
995 3140 1145 3277 jubet.
1185 3144 1389 3285 Atque
1378 3183 1470 3287 ipse
1506 3182 1610 3247 cum

160 3321 290 3387 uxore
339 3323 384 3387 et
431 3283 578 3389 liberis
621 3323 721 3387 ante
762 3289 861 3389 Idus
902 3285 1146 3408 Octobris,
1183 3289 1263 3430 qui
1310 3288 1397 3388 dies
1442 3326 1611 3390 conve·
1681 3326 1683 3330 ·

159 3431 307 3535 niendi
343 3429 485 3532 dictus
520 3426 690 3550 fuerat,
726 3428 881 3532 affuit.
919 3443 1237 3534 Convenerunt
1271 3467 1418 3533 autem

647 3659 1124 3755 PONTIFICES:

144 3864 359 3992 Joannes
389 3869 563 3966 Tavera
576 3860 978 4005 ,Archiepiscopus
1012 3860 1274 3962 Toletanus:
1297 3858 1467 3963 Garcias
1492 3854 1613 3959 Loai-

138 4040 248 4126 sa,
295 4009 531 4149 Episcopus
578 4010 884 4170 Saguntinus,
921 4006 1026 4149 qui
1052 4006 1184 4148 paulo
1233 4043 1332 4146 post
1370 4001 1510 4104 factus
1555 4032 1618 4099 est
1811 4126 1813 4129 Ι

132 4149 432 4291 Hispalensis
472 4151 890 4294 Archiepiscopus:
930 4157 1126 4288 Joannes
1162 4151 1386 4266 Toletus,
1426 4159 1618 4302 Burgen-

132 4294 246 4394 sis.
275 4302 423 4395 Petrus
449 4296 704 4414 Manricus,
726 4293 1048 4412 Cordubensis,
1078 4293 1314 4434 Episcopi,
1333 4328 1500 4395 omncs
1513 4327 1620 4427 qua

124 4461 285 4538 tuor
300 4443 584 4540 Romanae
575 4477 685 4540 rtem
724 4437 936 4536 Ecclesiae
972 4434 1259 4537 cardinales:
1297 4445 1461 4577 Gaspar
1499 4436 1623 4533 Ava-

132 4572 261 4699 lus,
292 4581 658 4726 Archiepiscopus
688 4564 989 4683 Granatensis.
1146 4614 1148 4617 ’
1605 4622 1606 4625 ‘

143 4866 356 4968 Tum.
378 4880 436 4968 Π.
615 4960 617 4965 s
1245 4879 1265 4965 1
1342 4888 1347 4893 ’
1554 4858 1635 4960 ΕΤ
