4192 5858
496 439 743 522 canoas
784 437 837 518 v.
880 439 998 519 aru.
1040 441 1207 521 xxrv.
1446 453 1530 546 275

172 608 271 701 XII.
346 592 679 702 Ratisbonae
668 597 822 739 rgitur
842 629 1033 738 quatuor
1076 596 1268 699 millium
1315 610 1567 706 Germano-

118 782 198 846 um
234 743 627 885 Hispanorumque
678 778 977 844 trecentorum
1028 742 1270 880 praesidio
1285 783 1387 846 cum
1443 789 1563 903 parte

117 921 465 1009 ormentorum,
499 927 611 1030 quae
644 896 736 1018 jam
773 930 825 989 ex
862 888 1037 990 Vienna
1072 926 1150 1028 per
1187 887 1448 994 Danubium
1485 892 1559 999 ad

118 1069 223 1133 ucta
256 1027 454 1153 fuerant,
489 1033 672 1153 relicto,
699 1069 744 1132 et
779 1030 846 1134 his
884 1028 1091 1133 omnibus
1127 1029 1296 1167 Pyrrho
1333 1037 1555 1144 Columna

118 1169 472 1318 raefecto,1pse
508 1218 611 1280 cum
645 1175 823 1341 reliquis
873 1176 1014 1349 copiis
1052 1169 1304 1318 profectus,
1349 1189 1550 1287 Lanzue

118 1359 165 1421 n
201 1319 342 1423 biduo
378 1324 618 1465 pervenit,
670 1324 904 1485 castrisque
955 1332 1078 1456 juxta
1129 1322 1348 1462 oppidum
1401 1331 1552 1431 muni-

118 1507 176 1585 s,
211 1467 361 1608 copias
396 1468 561 1568 Italicas
597 1504 640 1569 et
676 1469 946 1609 conscriptos
983 1480 1266 1587 Germanos,
1301 1469 1380 1611 qui
1437 1514 1548 1576 non·

118 1648 197 1710 um
233 1650 560 1733 convenerant,
595 1610 662 1713 ibi
697 1649 977 1756 exspectare,
1019 1649 1062 1713 et
1099 1544 1332 1735 hostiuin,
1368 1613 1404 1714 si
1454 1615 1550 1721 for-

118 1755 499 1878 :lacesserent,
488 1793 708 1900 impetum
757 1760 967 1859 sustinere
1020 1758 1287 1866 constituit3
1323 1758 1385 1859 sic
1426 1764 1549 1867 euim

118 1900 270 2001 'arolus
321 1938 569 2023 statuerat,
613 1939 655 2004 et
704 1903 851 2042 palam
903 1941 1029 2043 saepe
1079 1901 1466 2021 confirmaverat,
1503 1949 1546 2009 se

118 2045 321 2146 fermania
357 2047 475 2148 nulla
515 2047 681 2150 rarione
715 2086 966 2166 cessurum,
1006 2044 1147 2146 sed
1135 2086 1183 2147 m
1232 2086 1283 2148 ea
1318 2087 1547 2157 mortuum

118 2226 159 2290 at
197 2191 386 2315 vivum,
423 2192 564 2292 donec
600 2192 765 2295 bellum
801 2191 1117 2312 conficeretur,
1154 2197 1485 2298 remansurum.

155 2345 274 2435 XIII.
348 2336 432 2436 His
468 2335 595 2438 rebus
608 2336 857 2502 cognitis,
872 2332 1072 2458 hostes,
1108 2337 1191 2479 qui
1226 2338 1431 2440 cumdem
1475 2326 1546 2440 lo

118 2516 189 2579 am
225 2477 473 2628 occupandi
509 2481 648 2646 gratia
683 2518 818 2583 castra
855 2518 1113 2602 moverant,
1150 2481 1198 2583 in
1234 2481 1389 2585 itinere
1431 2485 1543 2586 inter

118 2624 400 2766 tgolstadium
439 2664 482 2727 et
518 2627 784 2769 Meningam
820 2626 992 2769 viginti
1036 2621 1204 2727 circiter
1255 2666 1281 2726 a
1324 2635 1543 2729 Lanzuete

118 2809 288 2870 assuum
322 2768 516 2872 millibus
552 2772 864 2873 consederunt.
902 2772 1025 2871 Hinc
1063 2768 1256 2871 hostiurn
1286 2768 1414 2871 duces
1450 2772 1543 2911 bel·

118 2952 176 3014 rm
213 2954 339 3016 more
375 2915 638 3016 Germanico
675 2915 898 3016 indicendi
935 2914 1070 3059 gratia
1105 2916 1462 3034 caduceatorem,
1497 2952 1542 3017 et

118 3098 308 3180 aerum,
342 3060 422 3200 qui
458 3061 584 3202 virga
632 3057 727 3161 fissa
777 3060 1088 3200 epistolam
1059 3056 1324 3179 carebat,
1312 3096 1359 3157 m
1402 3095 1559 3160 castra

118 3244 163 3302 a
148 3203 232 3303 oli
267 3205 506 3306 miserunt.
546 3202 721 3323 Quibus
757 3215 862 3304 Dux
898 3203 1129 3323 Albanus,
1164 3243 1270 3305 cum
1306 3240 1443 3303 essent
1492 3203 1540 3303 in

122 3386 172 3446 us
215 3349 458 3475 tentorium
496 3347 715 3468 inducti,
752 3384 929 3490 accepta
977 3279 1188 3509 epistoia,
1225 3385 1362 3487 quarn
1397 3360 1540 3447 Caro-

118 3529 427 3632 saspernatus
463 3494 604 3639 legere
641 3427 836 3593 noiuit.
872 3496 1058 3612 Neaera,
1094 3491 1278 3632 inquit,
1314 3530 1426 3626 quam
1464 3531 1538 3590 ve-

118 3676 159 3737 ta
192 3649 404 3739 temeritate
443 3647 679 3758 metuistis,
710 3642 816 3740 uobis
853 3643 975 3738 Carol
974 3681 1018 3735 as
1057 3647 1264 3768 Imperator
1320 3637 1534 3742 condonas

118 3824 150 3881 n
191 3792 286 3881 enim
323 3788 464 3901 uobis,
501 3789 568 3883 sed
596 3714 803 3901 ducibus,
841 3785 1033 3916 aquibus
1072 3788 1180 3880 missi
1216 3784 1342 3899 estis,
1379 3819 1537 3878 succen-

118 3956 171 4030 τε
118 3930 325 4025 tradite
362 3938 513 4063 mitur,
555 3957 595 4027 et
620 3960 692 4061 pru
734 3859 910 4061 epistolae
960 3958 1131 4061 responso
1168 3929 1264 4024 banc
1311 3857 1389 4022 iilis
1430 3927 1537 4020 char

118 4112 155 4168 m
190 4102 408 4203 reportate3
443 4108 487 4171 et
530 4069 726 4172 chartam
776 4071 991 4188 tradit,
977 4110 1027 4170 rn
1065 4108 1152 4209 qua
1203 4102 1292 4171 erat
1341 4065 1537 4167 edictum

118 4212 228 4314 aroli
264 4216 493 4336 Caesaris,
529 4218 714 4359 dequo
752 4255 880 4359 supra
932 4213 1370 4335 demonstravimus,
1404 4249 1537 4309 excu-

118 4398 206 4458 rm.

149 4512 272 4604 XIV.
346 4504 432 4604 His
484 4502 631 4646 paucis
684 4501 838 4604 diebus
885 4503 1055 4605 Italicae
1104 4499 1258 4644 copiae
1308 4497 1355 4599 in
1391 4496 1539 4599 Caroli

118 4681 212 4744 stra
251 4686 581 4812 pervenerunt,
617 4648 817 4791 peditum
853 4647 1090 4749 duodecim
1129 4647 1295 4765 millia,
1328 4680 1372 4742 ct
1409 4641 1540 4783 equi

118 4795 415 4915 ssexcenti,
455 4832 498 4897 et
552 4793 862 4935 scloppetarii,
899 4794 979 4937 qui
1027 4792 1149 4932 equis
1198 4786 1543 4902 invehebantur,

1037 4945 1170 5038 dmz
1464 4963 1547 5028 a&
