4124 5880
488 417 588 507 ¹72
911 396 993 476 ou
1036 391 1241 471 nauus
1288 389 1510 472 eusrrs

481 556 803 697 „infinitoque
837 551 1054 668 exercitu,
1090 549 1168 689 qui
1202 585 1306 648 cum
1341 541 1585 689 ignominia
1620 581 1665 649 et
1699 543 1946 655 detrimen-

480 782 512 825 „
528 740 576 804 to
613 745 664 803 ex
700 696 926 801 Pannonia
960 693 1178 837 superiore
1219 688 1371 836 fugere
1407 728 1582 792 coactus
1618 732 1758 817 esset,
1795 698 1946 800 victo-

488 926 517 967 „
535 849 648 949 riam
688 877 1009 958 consecutum,
1056 878 1149 979 quo
1193 873 1392 978 tempore
1439 835 1685 939 Lutherana
1727 839 1946 977 haeresis,

480 1069 514 1114 „
531 1032 643 1133 quae
679 986 961 1089 Germaniam
999 982 1254 1104 invaserat,
1290 1021 1345 1086 ne
1395 979 1520 1079 latius
1568 1020 1796 1125 serperet,
1840 988 1943 1089 dili-

478 1212 510 1255 „
557 1172 675 1236 enter
710 1134 830 1234 idem
861 1207 877 1249 ,
910 1128 1062 1269 quoad
1098 1125 1194 1227 fieri
1229 1132 1236 1146 '
1269 1125 1416 1246 otuit‚
1453 1126 1740 1265 providisset.
1785 1132 1947 1247 Tertio,

484 1176 700 1402 „iulum
735 1271 939 1375 Africum
974 1265 1100 1370 firisse
1136 1166 1420 1389 conlictum,
1456 1277 1631 1374 Tunete
1666 1307 1870 1415 recepta,
1894 1317 1946 1378 ac

476 1421 746 1545 „debellato
783 1415 1036 1521 Charadino
1073 1412 1313 1515 Barbatoxa
1340 1419 1355 1533 ,
1383 1413 1499 1516 itum
1551 1455 1638 1517 esse
1673 1417 1857 1522 obviam
1895 1463 1943 1522 e-

478 1568 695 1700 „jusdem
729 1559 954 1697 Solymani
1000 1554 1270 1678 conatibus,
1314 1554 1395 1697 qui
1438 1598 1643 1699 quaerens
1681 1557 1941 1666 'occasiones

483 1709 769 1832 „occiduum
815 1703 1167 1806 Christianorum
1217 1698 1373 1804 orbem
1412 1702 1689 1827 invadendi,
1732 1720 1944 1849 Regnum

445 1919 516 1978 ·„
530 1863 780 1954 Tunetense
816 1888 893 1991 per
930 1885 1033 1949 eum
1071 1847 1229 1949 ducem
1264 1883 1544 1988 occupasset.
1582 1859 1734 1991 Itaque
1773 1851 1944 1952 Chara⁴

477 2076 508 2120 „
527 1997 636 2098 dino
673 2034 776 2095 cum
820 1993 992 2135 magnis
1028 1991 1277 2092 Turcarum
1318 1988 1620 2134 Afrorumque
1673 1994 1811 2136 copiis
1866 1991 1946 2097 fu-

477 2218 509 2262 „
525 2181 614 2261 so,
657 2137 919 2281 Hispaniam
970 2174 1013 2237 et
1049 2135 1217 2237 Italiam
1259 2173 1426 2277 magno
1468 2136 1631 2237 timore
1668 2171 1713 2236 et
1748 2136 1944 2279 periculo

477 2281 652 2406 „fuisse
686 2282 880 2385 liberatas
899 2319 911 2388 3
931 2283 987 2379 ad
1023 2317 1187 2421 quern,
1223 2279 1408 2421 inquit,
1431 2281 1727 2416 'solymanum
1764 2280 1944 2387 hostem

420 2450 422 2455 ’
478 2426 879 2570 „potentissimum
922 2461 964 2524 et
989 2421 1249 2525 Christianis
1286 2418 1627 2527 infensissimum
1662 2424 1844 2528 validius
1870 2467 1944 2533 ree

478 2648 510 2692 ‚,
523 2573 837 2711 primendum,
873 2607 959 2689 ne,
996 2569 1120 2708 quod
1157 2569 1300 2668 studet
1338 2605 1382 2669 et
1417 2578 1509 2703 jam
1546 2611 1598 2671 ex
1633 2604 1752 2711 parte
1786 2564 1945 2673 confe-

478 2792 510 2836 „
524 2715 584 2815 cit
597 2791 613 2834 ,
636 2748 847 2858 occupata
871 2749 972 2855 post
990 2712 1216 2822 Graeciam
1253 2748 1297 2813 et
1322 2715 1637 2816 Macedoniarn
1663 2750 1787 2856 parte
1823 2725 1945 2858 quo-

476 2900 610 3000 „que
651 2857 944 3000 Hungariae,
981 2857 1107 2957 latius
1144 2893 1283 2998 serpat
1306 2934 1341 2981 ,p
1362 2855 1624 2999 liberiusque
1658 2856 1945 2960 Christiano-

479 3080 510 3124 „
529 3041 629 3103 rum
664 3036 789 3102 terras
826 3002 1029 3120 invadat,
1049 2995 1204 3101 foedus
1242 3038 1285 3139 et
1321 3001 1574 3104 societatem
1613 3002 1797 3103 Carolus
1838 3043 1945 3104 cum

477 3222 510 3270 ,‚
526 3146 660 3245 Paulo
696 3142 909 3245 Pontifice
944 3143 1172 3265 Maximo,
1205 3181 1249 3245 et
1285 3185 1388 3246 cum
1414 3157 1538 3248 Duce
1574 3146 1831 3287 populoque
1854 3158 1947 3248 Ve-

482 3367 514 3411 „
533 3325 639 3388 neto
682 3288 920 3390 ineundam
961 3288 1168 3390 curavit.
1210 3300 1330 3433 Ergo
1375 3287 1686 3392 communibus
1738 3290 1948 3432 impensis

484 3469 684 3554 „coacta
731 3468 773 3531 et
822 3434 950 3534 missa
984 3431 1112 3532 classe
1162 3473 1265 3533 cum
1310 3429 1530 3537 Praefecto
1575 3434 1755 3533 Andrea
1800 3435 1952 3556 Doria

484 3655 515 3699 ,‚
532 3574 821 3717 Melphorum
857 3577 1097 3718 Principe,
1153 3577 1403 3719 perniciosis
1444 3578 1669 3713 Solymani
1711 3570 1945 3678 conatibus

486 3796 518 3841 „
533 3721 646 3819 itum
682 3755 743 3821 est
779 3720 958 3823 obviam
994 3757 1151 3823 aestate
1187 3724 1445 3863 superiores
1477 3757 1519 3824 et
1553 3760 1710 3841 nunc,
1746 3761 1860 3862 quae
1896 3723 1944 3823 in

481 3900 753 4004 „posterum
790 3864 893 3967 huic
929 3865 1046 3966 bello
1082 3867 1168 3966 sint
1197 3868 1295 3967 usui
1329 3866 1676 4004 necessariaque,
1695 3903 1947 4007 comparan-

479 4086 512 4130 „
526 4044 626 4109 tur.
674 4009 756 4108 Sed
791 4048 870 4109 nec
907 4010 1132 4149 proximae
1169 4012 1437 4112 discessionis
1473 4010 1528 4109 ad
1565 4008 1817 4110 Nicaenum
1853 4011 1946 4110 col-

479 4152 737 4294 „loquium
772 4153 931 4252 multas
968 4188 1011 4252 et
1045 4154 1255 4255 maximas
1290 4154 1458 4255 cunctis
1494 4185 1620 4251 notas
1656 4156 1944 4255 commodita-

479 4332 591 4418 „tes
627 4335 973 4398 commemorare
1011 4299 1205 4420 attinet,
1246 4338 1358 4440 quae
1402 4335 1495 4398 tarn
1531 4331 1706 4438 optatae
1741 4295 1950 4398 Christia-

478 4439 596 4562 „nis
640 4442 849 4541 omnibus
895 4480 1178 4562 evenerunt,
1214 4478 1263 4544 ut
1299 4443 1408 4544 nihil
1444 4438 1636 4583 potuerit
1672 4476 1815 4577 neque
1846 4476 1948 4580 gra-

478 4583 612 4703 „tius
644 4583 703 4681 eis
740 4623 819 4683 nec
855 4586 1000 4687 utilius
1038 4587 1249 4687 accidere.
1290 4586 1561 4687 Dissolutum
1597 4616 1658 4683 cst
1693 4584 1813 4681 eninr
1840 4586 1948 4685 diu-

487 4760 714 4844 „turnum
752 4723 917 4828 bellum
953 4730 1136 4843 alterum
1172 4728 1478 4850 Gallicum,et
1513 4727 1708 4869 primum
1742 4725 1945 4828 induciae

1827 4866 1947 4991 „fa-
