4034 5858
511 451 595 559 538
905 432 986 531 DE
1026 446 1232 528 ursus
1266 447 1494 528 Gnsrrs

537 617 767 712 XXXVII.
828 618 936 726 Quo
973 642 1171 747 tempore
1199 607 1381 707 Carolus
1418 605 1474 705 ad
1526 600 1694 704 bellum
1731 601 1926 738 Solyma-

473 753 522 858 ni
556 752 702 894 copias
752 750 800 850 in
835 753 1107 852 Pannoniam
1143 750 1408 891 superiorem
1461 748 1656 886 undique
1694 746 1918 848 contrahe-

477 896 553 998 bat
601 973 615 1015 ,
652 897 953 1031 Hieronymus
1001 896 1133 996 Leiva
1182 894 1380 995 centurio
1417 891 1603 992 Antonii
1652 892 1920 1032 propinquus

477 1043 532 1140 ad
569 1041 777 1150 Carolum
812 1035 922 1140 falso
959 1039 1143 1158 detulit,
1172 1034 1407 1141 Alfonsum
1424 1039 1627 1137 'Avalum
1651 1037 1779 1138 Vasti
1807 1045 1923 1136 Mar-

476 1183 682 1283 chionem
719 1223 800 1325 pro
851 1181 1044 1283 militum
1081 1183 1382 1323 Hispanorum
1417 1179 1563 1279 minus
1599 1219 1671 1282 sex
1697 1178 1922 1301 millibus,

474 1367 586 1468 quos
622 1324 677 1429 ab
711 1326 961 1428 Insubribus
997 1328 1273 1444 deduxerat,
1312 1359 1413 1423 octo
1450 1322 1640 1423 millium
1692 1363 1922 1425 numerum

477 1481 635 1604 jactare
684 1471 738 1570 ad
775 1470 987 1613 exigenda
1036 1469 1252 1612 stipendia
1286 1466 1514 1568 militaria.
1564 1479 1634 1567 De
1670 1507 1767 1605 quo
1805 1478 1924 1568 Mar·

480 1612 583 1712 chio
619 1614 833 1748 incusatus
868 1613 1097 1715 Carolum'
1124 1613 1250 1734 adit,
1284 1647 1326 1711 et
1363 1611 1528 1711 cunctis
1566 1612 1766 1749 precibus
1802 1650 1921 1731 orat,

476 1791 524 1856 ut
558 1755 859 1897 Hispanorum
908 1757 1060 1898 copiae
1109 1791 1414 1872 censerentur,
1452 1790 1495 1853 et
1530 1754 1668 1854 utrius
1722 1753 1835 1855 fraus
1881 1792 1920 1855 et

477 1899 644 1999 crimen
679 1896 827 2001 fuisset
862 1936 1171 2040 compertum,
1207 1940 1251 1998 se
1285 1897 1353 1996 vel
1390 1898 1625 1997 delatorem
1661 1900 1809 2039 capite
1850 1937 1917 2038 pu-

476 2040 611 2144 niret.
659 2055 824 2145 Datum
861 2079 924 2143 est
960 2041 1192 2185 negotium
1227 2039 1463 2156 Machicao
1499 2040 1692 2142 militum
1728 2042 1919 2159 tribuno,

475 2224 502 2283 a
538 2225 631 2323 quo
668 2184 821 2286 habito
878 2227 1006 2287 censu
1062 2187 1220 2324 reperti
1269 2184 1369 2285 sunt
1403 2184 1594 2325 Hispani
1644 2222 1774 2325 supra
1824 2222 1919 2285 octo

384 2394 387 2398 -
477 2328 649 2435 millias
688 2329 836 2468 itaque
872 2328 1047 2460 jubente
1082 2328 1245 2429 Carolo
1297 2329 1441 2468 palam
1492 2327 1679 2428 exercitu
1732 2331 1787 2428 ad
1822 2326 1918 2429 Cre·

423 2469 431 2484 ’
467 2498 599 2568 mem
635 2471 790 2570 urbem
826 2472 1128 2608 Hieronymus
1164 2472 1298 2571 Leiva
1333 2472 1476 2611 capite
1512 2473 1693 2612 punitus
1728 2508 1812 2572 cst.

539 2623 791 2717 XXXVIII.
861 2621 972 2715 Non
1008 2613 1205 2714 absimile
1240 2612 1343 2715 huic
1379 2616 1630 2754 exemplum
1666 2614 1825 2714 editum
1859 2647 1923 2715 est

477 2789 578 2894 post
618 2757 790 2894 aliquot
825 2797 961 2857 annos
998 2759 1046 2857 in
1081 2760 1302 2859 Pernando
1338 2771 1579 2899 Gonzaga,
1600 2797 1707 2859 cum
1740 2794 1842 2858 esset
1872 2758 1919 2857 in

460 2898 792 3035 'procuratione
827 2901 1093 3042 Principatus
1130 2901 1467 3003 Mediolanensis
1494 2979 1508 3020 ,
1539 2899 1585 3002 in
1622 2940 1759 3043 quam
1794 2895 1921 3004 firerat

480 3039 624 3138 eidem
665 3040 922 3142 Marclrioni
961 3046 1200 3144 demortuo
1238 3085 1264 3144 a
1299 3045 1462 3146 Carolo
1482 3046 1712 3146 suffectus.
1753 3047 1826 3145 Ad
1846 3056 1918 3144 Ca·

476 3179 621 3279 rolum
660 3183 820 3300 enim,
856 3185 936 3322 qui
972 3190 1027 3286 ad
1063 3186 1263 3328 Belgium
1297 3185 1579 3306 morabatur,
1599 3189 1782 3328 epistola
1817 3188 1918 3288 dela-

476 3355 521 3419 ta
540 3359 630 3442 est,
649 3325 721 3424 cui
757 3365 922 3427 nomen
958 3330 1151 3460 ejusdem
1176 3331 1387 3432 Fernandi
1405 3341 1641 3476 Gonzagae
1675 3332 1816 3471 ipsius
1837 3373 1919 3433 ma-

478 3501 540 3564 nu
561 3466 847 3608 subscriptum
873 3508 986 3591 erat,
1005 3471 1122 3573 velut
1158 3472 1398 3614 intercepta
1423 3472 1603 3595 fuisset,
1623 3514 1727 3575 cum
1759 3478 1815 3578 acl
1833 3514 1920 3574 con

478 3607 589 3706 scios
623 3643 666 3706 ct
701 3615 860 3713 amicos
897 3616 1063 3714 occulte
1094 3611 1357 3725 deferretur3
1393 3658 1506 3758 quae
1542 3617 1817 3759 significabat
1836 3631 1919 3718 Per-

476 3752 677 3850 nandum
714 3764 971 3896 Gonzagam
1008 3800 1057 3858 ea
1094 3759 1242 3858 moliri
1297 3796 1431 3900 atque
1461 3763 1644 3861 ⁴miscere
1677 3839 1690 3878 ,
1729 3804 1841 3906 quae
1872 3761 1920 3862 ad

394 4022 395 4027 p
475 3889 778 3996 defectionem
813 3901 1075 4039 Prinprarus
1112 3903 1453 4004 Mediolanensis
1471 3982 1485 4024 ,
1502 3904 1726 4045 in'quem
1762 3908 1851 4049 ipse
1883 3945 1922 4003 a·

472 4037 646 4136 nimum
672 4038 947 4160 intendisset,
966 4044 1257 4183 pertinerent.
1295 4059 1446 4170 Quam
1473 4048 1706 4188 epistolam
1734 4090 1835 4151 cum
1865 4049 1917 4149 lc·

473 4179 605 4315 gisset
640 4186 822 4283 Carolus
864 4187 1186 4303 ,Fernandum
1221 4190 1278 4289 ad
1313 4231 1356 4289 se
1392 4228 1524 4292 vocat
1559 4196 1802 4333 quaerendi
1830 4229 1920 4333 gra-

473 4321 562 4423 tia.
600 4333 637 4421 Is
674 4365 777 4426 cunr
815 4327 1034 4447 venisset,
1076 4332 1210 4431 etde
1246 4333 1428 4473 epistola
1464 4369 1578 4434 ante.
1601 4339 1757 4438 oculos
1791 4335 1925 4476 posita

473 4498 518 4561 ct
553 4465 730 4568 recitata
765 4509 991 4612 rogaretur
1025 4471 1186 4592 ,nihil
1235 4478 1385 4576 animo
1421 4476 1699 4615 perturbatus
1754 4519 1925 4580 manum

476 4637 520 4702 et
555 4604 918 4751 subscriptionem
955 4616 1181 4757 agnoscit,
1221 4655 1351 4760 negat
1394 4656 1541 4722 tamen
1592 4623 1830 4762 epistolam
1866 4622 1926 4722 vel

469 4785 497 4846 a
531 4788 574 4848 sc
609 4751 677 4851 vel
711 4753 767 4856 ab
808 4757 960 4902 aliquo
993 4798 1172 4863 suorum
1206 4759 1488 4869 librariorum
1523 4765 1738 4908 scriptam
1775 4764 1933 4884 fuisse,

1859 4911 1925 5012 sed
