4170 5866
515 443 597 549 158
905 439 987 519 oa
1020 433 1228 516 nanus
1262 431 1485 514 essars

453 639 547 701 non
582 599 766 741 iniqua,
815 627 866 695 ut
901 591 986 694 sibi
1022 588 1290 710 videbatur,
1328 587 1544 732 postulata
1579 580 1726 691 minus
1780 583 1931 734 impe·

454 777 643 863 trasset,
678 740 886 842 missione
922 773 967 839 et
1020 736 1151 879 copia
1203 735 1471 876 cuicumque
1527 733 1656 835 vellet
1707 731 1930 841 militandi

451 888 591 1029 petita
627 922 670 985 et
706 918 882 1026 accepta
921 960 936 1003 ,
970 883 1027 982 ad
1062 880 1336 981 Franciscum
1381 879 1610 981 Gallorum
1661 888 1837 1020 Regem
1887 880 1931 982 i-

452 1065 568 1130 ratus
605 1068 693 1128 sese
729 1028 1003 1129 contulerat.
1060 1036 1194 1144 Rex,
1232 1019 1429 1125 hominis
1464 1021 1673 1124 industria
1716 1024 1928 1164 ingenio-3

453 1209 581 1312 que,
615 1209 659 1272 et
694 1214 720 1273 a
754 1169 881 1271 rebus
917 1168 1069 1271 Caroli
1105 1169 1251 1274 alieno
1287 1168 1442 1268 animo
1478 1202 1743 1309 perspecto,
1778 1165 1929 1269 liben-

453 1350 520 1414 ter
558 1314 692 1457 ipsius
729 1354 863 1457 opera
899 1314 947 1414 in
983 1309 1240 1446 hujusmodi
1277 1308 1406 1412 rebus
1442 1308 1680 1427 utebatur,
1714 1343 1759 1409 et
1795 1309 1845 1409 in
1882 1351 1931 1414 ea

452 1456 674 1600 legatione
722 1460 789 1560 uti
840 1454 1019 1559 volebat
1055 1534 1070 1577 ,
1106 1493 1239 1597 atque
1293 1496 1349 1555 eo
1399 1453 1590 1598 magis,
1624 1454 1750 1594 quod
1802 1451 1926 1556 hunc

454 1640 548 1701 non
600 1601 741 1703 modo
796 1602 1078 1702 notissimum
1130 1594 1426 1739 superioribus
1480 1597 1814 1742 legationibus,
1849 1598 1926 1698 sed

419 1776 681 1885 'acceptum
716 1744 852 1844 etiam
900 1786 986 1846 esse
1023 1742 1294 1881 solymano,
1334 1781 1554 1845 sermones
1605 1780 1708 1843 cum
1766 1780 1822 1845 eo
1874 1741 1929 1842 li·

452 1882 605 1988 benter
655 1883 851 1989 conferre
903 1889 1036 1990 solito
1072 1965 1089 2008 ,
1125 1922 1405 2028 compertum
1455 1882 1648 1988 habebat
1688 1961 1703 2003 ,
1739 1916 1783 1984 et
1831 1878 1926 1986 fere

451 2029 678 2133 constabat
732 2073 785 2133 ex
836 2031 991 2134 litteris
1042 2030 1399 2134 Christianorum
1451 2065 1796 2148 mercatorum,
1842 2029 1924 2172 qui

454 2170 542 2274 fide
578 2172 755 2315 publica
790 2176 992 2314 Byzantii
1029 2176 1399 2319 negotiabantur.

521 2327 592 2416 111.
666 2319 911 2420 Rinconius
963 2319 1099 2462 igintr
1134 2362 1160 2420 a
1194 2333 1317 2465 Rege
1369 2359 1473 2422 cum
1522 2316 1673 2419 litteris
1710 2352 1754 2419 et
1789 2347 1922 2420 man2

451 2457 562 2559 datis
597 2462 652 2560 ad
678 2463 965 2599 Solymanum
1004 2462 1219 2605 proficisci
1254 2475 1420 2598 jussus,
1455 2463 1775 2604 inAugustam
1798 2468 1923 2563 Tau³

448 2601 679 2723 tinorum,
710 2609 835 2746 quod
871 2607 1092 2747 oppidum
1128 2609 1185 2707 ad
1222 2608 1329 2708 Padi
1365 2605 1562 2707 fluminis
1597 2606 1743 2746 ripam
1779 2605 1926 2706 Galli-

449 2786 505 2847 co
556 2748 775 2888 praesidio
821 2749 1062 2851 tenebatur
1100 2825 1114 2868 ,
1150 2750 1357 2891 processit
1392 2827 1407 2872 ,
1444 2783 1493 2849 ut
1543 2748 1645 2848 inde
1681 2749 1921 2869 Venetias,

449 2927 537 3032 qua
587 2889 671 2991 iter
706 2895 976 3030 Byzantium
1031 2889 1175 2994 facere
1229 2893 1488 3036 cogitabat,
1527 2894 1846 3013 contenderet,
1886 2893 1928 2994 ei

446 3031 633 3133 comiter
668 3073 848 3177 excepto
885 3043 1113 3179 Augustae
1155 3032 1396 3177 praefectus
1448 3036 1636 3156 omnia,
1672 3035 1825 3178 siquid
1878 3075 1930 3135 o·

445 3215 527 3317 pus
580 3212 686 3277 esset
736 3183 794 3281 ad
838 3180 920 3282 iter
954 3257 969 3300 ,
1005 3179 1234 3285 liberaliter
1291 3181 1549 3322 pollicetur.
1603 3179 1696 3280 Hic
1746 3179 1930 3281 Rinco-

447 3320 545 3422 nius
581 3319 667 3422 sibi
702 3361 860 3425 notum
899 3361 944 3426 et
982 3325 1177 3426 amicum
1213 3338 1444 3428 Caesarem
1493 3336 1729 3466 Fregosum
1778 3319 1931 3426 offen·

446 3465 544 3585 dit,
582 3466 663 3607 qui
700 3504 825 3589 erat,
861 3504 910 3570 ut
946 3469 1035 3570 alio
1073 3468 1120 3571 iu
1150 3470 1257 3570 loco
1309 3470 1715 3589 dernostravimus,
1750 3477 1921 3610 Frege-

443 3647 512 3707 sae
564 3603 766 3712 factionis
820 3615 876 3713 ad
929 3625 1133 3714 Genuam
1186 3648 1231 3714 et
1284 3613 1516 3757 Liguriam
1566 3613 1807 3754 princeps3
1844 3614 1919 3714 sed

442 3760 533 3885 jam
568 3754 740 3892 pridem
775 3757 1121 3858 adversariorum
1157 3790 1201 3857 et
1238 3759 1390 3859 Caroli
1424 3757 1664 3878 Caesaris,
1700 3766 1824 3887 cujus
1865 3754 1922 3857 fi-

445 3898 549 3997 dem
584 3897 911 4038 sequebantur,
947 3901 1077 4001 armis
1116 3900 1397 4044 patriacum
1430 3901 1647 4042 praesidio
1684 3901 1922 4004 Gallorum

443 4040 636 4180 pulsus,
671 4041 722 4140 in
758 4044 933 4145 Gallicis
984 4045 1130 4145 castris
1185 4046 1293 4147 odio
1350 4047 1534 4189 flagrans
1569 4044 1923 4186 Hispanicarum

398 4276 403 4284 ,
442 4185 634 4324 partium
670 4185 949 4291 versabatur.
989 4201 1027 4290 Is
1063 4190 1291 4294 Rinconio
1326 4189 1412 4291 sibi
1447 4232 1473 4291 a
1509 4188 1811 4311 Caesarianis,
1842 4189 1924 4331 qui

347 4469 350 4474 Ι
445 4326 553 4429 fines
590 4331 942 4435 Mediolanenses
994 4335 1210 4475 praesidiis
1260 4333 1506 4456 tenebant,
1543 4335 1761 4439 metuenti
1801 4373 1924 4453 ,so-

446 4472 566 4571 cium
603 4514 646 4573 se
684 4515 734 4574 ac
770 4481 927 4579 ducem
964 4479 1129 4580 itineris
1165 4480 1372 4582 Venetias
1408 4519 1546 4623 usque
1590 4468 1707 4580 fore¹
1737 4477 1916 4619 pollici·

444 4649 543 4735 tus,
567 4618 621 4715 de
658 4620 837 4720 transitu
873 4622 1128 4725 deliberanti
1165 4661 1318 4724 auctor
1355 4660 1478 4744 erat,
1502 4662 1551 4724 ut
1588 4663 1613 4722 a
1644 4623 1769 4725 Vasti
1800 4630 1926 4724 Mar-

444 4756 605 4860 cbione
657 4800 749 4862 rem
790 4768 1172 4871 Mediolanensem
1220 4805 1522 4912 procurante,
1559 4767 1614 4869 ad
1664 4765 1776 4869 fines
1804 4776 1914 4866 Me-

1809 4910 1912 5012 dio-
