4110 5888
642 384 1146 462 SUMMAR'IUM.
1516 400 1603 468 LIX.

152 506 226 591 sine
267 504 474 619 suspicione
504 507 641 596 veneni
677 509 756 597 vita
780 504 864 594 lun·
914 509 1049 623 partim
1081 540 1128 597 ex
1167 513 1321 615 animo,
1351 506 1484 627 partim
1534 540 1625 602 tenr-

144 626 267 742 gitur.
313 625 507 710 Tertiam·
542 655 698 712 uxorem
744 630 861 740 Joan-
912 631 1012 741 poris
1040 658 1150 716 causa
1181 633 1453 746 comprobant.
1498 636 1623 722 Maria

143 771 230 829 nam
250 747 462 847 Semaram3
477 746 549 829 bac
565 745 766 832 demortua
776 750 854 832 An·
911 748 962 832 ad
978 748 1253 855 Eduvardem,
1281 749 1408 837 locum
1424 783 1447 835 a
1480 755 1621 841 Londi-

143 891 229 948 nam
276 862 467 948 Clevensis
520 863 694 979 Principis
747 893 858 952 soto-
909 893 965 949 no
990 897 1165 980 passuum
1197 867 1328 984 viginti
1350 900 1516 983 quatuor
1540 874 1617 958 mil-
1676 944 1682 953 .

142 1009 250 1084 tem;
278 1007 356 1095 qua
389 981 584 1096 repudiata
612 983 855 1071 Catherinam
909 981 956 1067 lia
1002 985 1236 1091 distantem,
1279 989 1415 1072 nuntiis
1466 993 1618 1078 occultis

143 1102 367 1187 Havardam
401 1100 531 1205 ducit,
559 1100 674 1215 inque
695 1132 779 1188 eam
809 1134 854 1188 a·
907 1097 1122 1218 frequentet
1182 1098 1231 1189 de
1282 1106 1617 1195 Northumberlani

142 1218 288 1305 dulterii
322 1219 477 1304 nomine
510 1219 727 1305 damnatam
761 1251 851 1338 poe-
907 1222 1062 1308 consiliis
1092 1250 1138 1307 ac
1166 1223 1215 1308 de
1244 1223 1356 1339 Regis
1379 1227 1517 1314 morbo
1541 1257 1613 1316 cer·

140 1366 188 1423 na
229 1337 376 1453 capitali
410 1338 694 1424 animadvertit.
741 1344 851 1427 Sexta
906 1340 980 1426 tior
1014 1341 1078 1429 fit.

143 1456 175 1541 ei
205 1485 303 1541 uxor
332 1454 537 1541 Cathetina
563 1456 693 1542 Paria.
728 1463 771 1542 ln
788 1489 850 1546 ex-
952 1463 1018 1544 IV.
1064 1457 1258 1550 Defuncto
1283 1460 1497 1572 Eduardo,
1518 1470 1616 1555 Nor·

141 1600 303 1660 tremum
332 1600 461 1661 tamen
487 1574 663 1660 morbum
683 1576 848 1664 incidens
905 1576 1187 1666 thumberlanus
1230 1581 1495 1668 Varoicensem
1539 1590 1615 1674 Co

139 1694 263 1809 primo
285 1693 372 1779 loco
389 1694 614 1779 Eduardum
645 1691 761 1779 filium
777 1700 847 1781 Re·
902 1696 1032 1783 mitem
1046 1697 1163 1785 filium
1190 1727 1278 1784 cum
1306 1701 1491 1816 equitibus
1502 1704 1638 1819 quin·⁸

139 1812 202 1930 gni
245 1841 493 1898 successorem
523 1812 710 1899 Henricus
740 1839 846 1901 testa·
901 1818 1024 1930 gentis
1051 1819 1214 1903 Mariam
1238 1818 1430 1905 volentem
1448 1883 1460 1926 ,
1478 1847 1544 1908 aut
1563 1823 1614 1911 in
1648 1920 1650 1923 ,

139 1953 270 2016 merno
302 1931 452 2033 scribit,
483 1932 651 2016 secundo
680 1933 845 2020 Mariam
900 1933 1018 2022 vitant
1063 1936 1283 2023 londinum
1327 1937 1514 2026 deducere
1554 1942 1610 2054 ju·
1695 1944 1697 1947 ’

139 2048 304 2167 legitimis
324 2049 506 2135 natalibus
529 2049 760 2159 restitutam3
775 2076 845 2141 ter·
900 2051 990 2138 bet.
1032 2059 1116 2169 Ipsa
1148 2055 1283 2169 raptim
1325 2084 1414 2141 cum
1454 2088 1609 2146 suorum
1692 2136 1693 2139 a

139 2167 190 2255 tio
216 2168 408 2259 lnbellam
438 2166 573 2257 filiam·
829 2244 833 2251 s
897 2174 1121 2286 perpaucis,
1149 2173 1357 2260 conscensis
1404 2175 1535 2289 equis,
1569 2178 1610 2265 in

897 2287 1160 2377 Norfolchiam
1216 2291 1438 2377 maritimam
1481 2294 1609 2411 regio·
1728 2293 1730 2295 ’

185 2407 190 2414 ’
315 2418 431 2510 LIB,
472 2410 671 2508 XXIX,
897 2434 987 2494 nem
1030 2440 1070 2495 se
1108 2408 1264 2525 recipit,
1295 2411 1346 2496 ad
1377 2433 1495 2525 quam
1536 2444 1609 2527 pro

284 2594 286 2598 ,
655 2579 658 2582 «
896 2526 1043 2643 Regina
1071 2525 1226 2614 libenter
1254 2553 1443 2644 receptam
1480 2554 1520 2617 et
1546 2562 1607 2618 sa-

190 2652 218 2736 l.
285 2603 385 2735 AB
416 2675 465 2737 eo
509 2650 681 2766 tempore
723 2648 843 2762 major
896 2643 1054 2732 lutatam
1081 2647 1228 2733 subsidii
1255 2647 1498 2761 praesidiique
1522 2677 1605 2766 gra·

139 2790 249 2854 tortu
313 2767 553 2855 Ecclesiastici
602 2769 762 2856 mutatio
800 2796 843 2855 et
895 2763 947 2849 tia
987 2794 1153 2851 armatae
1186 2793 1319 2850 manus
1348 2768 1602 2855 conveniunt·

136 2887 325 3002 corruptio
355 2914 422 3004 per
453 2887 681 2973 Britanniam
714 2913 840 2972 conse-
954 2886 1005 2968 V.
1079 2884 1449 2968 Nortbumberlanus
1490 2887 1606 2998 Joan-

138 3004 281 3119 quitur.
328 3004 496 3092 Eduardi
542 3005 658 3122 Regis
696 3004 841 3090 infirma
895 3027 985 3085 narn
1016 3031 1154 3086 nurum
1194 3001 1349 3088 invitam
1383 3000 1489 3117 quasi
1521 3007 1603 3090 Re-

136 3122 315 3209 valetudo
329 3123 528 3239 lentusque
543 3124 716 3208 morbus.
740 3129 841 3209 Nor·
893 3148 975 3235 gno
1023 3122 1285 3206 succedentem
1326 3148 1433 3205 more
1481 3123 1602 3234 patrio

137 3240 416 3327 thtunberlanus
465 3248 556 3327 Dux
604 3241 642 3324 in
682 3241 840 3326 ‘Britan-
893 3236 932 3321 in
966 3239 1124 3324 Turrim
1158 3236 1336 3341 deducit,
1366 3265 1526 3353 eamque
1552 3241 1601 3326 de

135 3359 215 3444 niae
243 3365 421 3478 Regnum
449 3359 616 3443 animum
643 3357 840 3446 intendens
893 3355 1030 3471 scripto
1069 3387 1136 3471 per
1174 3383 1376 3470 praecones
1422 3385 1599 3472 quoquo·

134 3475 323 3587 ·Joannam
356 3478 475 3595 stirpis
505 3477 674 3593 Regiae,
704 3474 840 3563 Suffol·
892 3502 1018 3561 versus
1055 3475 1222 3560 dimissos
1249 3473 1434 3589 Reginam
1465 3501 1598 3560 renun-

135 3594 201 3681 chii
216 3597 334 3682 Ducis
360 3595 472 3680 filiam
502 3619 596 3680 natu
611 3594 839 3702 maximam,
892 3592 980 3677 tiat.
1029 3592 1270 3709 Popularium
1320 3589 1504 3677 silentium
1559 3617 1599 3680 et

137 3710 207 3800 lilio
237 3746 309 3801 suo
339 3715 453 3801 tertio
483 3713 522 3798 in
557 3712 838 3800 matrimonium
890 3739 1058 3797 moeror.
1116 3809 1118 3811 ,

136 3831 313 3921 colocat.
935 3831 1002 3913 Vl.
1049 3829 1195 3914 Mariae
1215 3825 1264 3914 ad
1289 3826 1479 3941 publicum
1497 3825 1596 3914 Con
1714 3895 1718 3916 t

186 3958 232 4036 11.
308 3949 458 4037 Deinde
502 3949 727 4037 Eduatdum
772 3981 837 4070 ag·
890 3946 1009 4033 silium
1036 3947 1206 4051 litterae,
1233 3949 1369 4062 quibus
1416 3952 1596 4032 Senatum

133 4071 328 4186 greditur,
348 4070 622 4184 hortaturque,
653 4092 698 4155 ut
726 4094 836 4156 testa·
889 4066 1090 4173 hortatur,
1114 4091 1158 4152 ut
1189 4063 1442 4178 jusjurandum
1470 4061 1596 4148 fidem·

132 4215 262 4275 mento
291 4183 423 4294 facto,
455 4190 580 4274 Maria
609 4211 649 4274 et
682 4187 837 4274 Isabella
889 4185 1062 4301 quesibi
1102 4209 1289 4299 praestent
1330 4181 1429 4294 justis
1461 4181 1592 4266 Princi-

130 4309 317 4394 sotoribus
347 4307 524 4413 exclusis,
547 4309 737 4421 Joatinam
754 4305 834 4392 Suf-
888 4304 997 4419 pibus
1027 4330 1067 4391 et
1090 4300 1330 4417 Reipublicae
1362 4297 1547 4386 debitam.
1717 4322 1719 4325 ·

129 4422 253 4511 folchii
282 4424 401 4512 Ducis
425 4425 538 4511 liliam
562 4424 740 4511 heredem
766 4429 833 4509 Re·
935 4425 1021 4506 Vll.
1065 4421 1136 4503 His
1158 4421 1268 4505 rebus
1298 4415 1481 4534 cognitis,
1499 4421 1595 4503 Nor·

130 4546 194 4658 gni
220 4545 441 4633 constituat.
832 4570 842 4580 ‘¹
887 4535 1168 4625 thrimberlanus
1195 4534 1421 4639 exercitum,
1436 4536 1595 4621 Comitis

190 4664 248 4747 ΙΙΙ.
307 4662 479 4751 Eduardi
502 4663 615 4780 Regis
636 4686 838 4751 testamen·
888 4656 1132 4744 Hoctintonis
1172 4651 1289 4741 fratris
1331 4683 1448 4770 opera
1483 4683 1592 4760 usus,

127 4801 251 4890 nun,
292 4783 402 4902 quod
449 4781 617 4900 plerique
659 4787 836 4872 Proceres
888 4773 1058 4865 conficit.
1088 4774 1163 4865 Hic
1185 4776 1418 4977 condplcpm
1438 4800 1597 4974 manurip¹
