4034 5858
27 536 29 540 a
101 500 216 553 cerum
240 473 589 575 proficiscitur,eique
612 478 788 553 Ratisbo-'

101 603 179 651 nam
204 580 316 673 legato
334 578 441 648 socius
468 580 636 650 acivitate
658 600 691 648 et
705 578 770 648 ad·

102 678 253 752 minister
270 676 389 745 datur.
413 682 461 746 11.
485 703 563 770 127.
588 677 768 749 Alfonsum

101 775 239 852 hatrem
256 780 368 848 Roma
396 775 657 872 profectum‚ut
688 801 767 848 eum

99 901 120 947 a
138 874 265 973 flagitio
284 874 448 956 retrahat,
474 878 688 972 protervitate
716 899 770 945 re·

100 974 206 1048 fellit.
236 978 281 1041 ll.
303 994 382 1058 129.
411 974 541 1046 Alfonsi
564 974 674 1046 fratris
690 999 769 1071 pre·

102 1076 197 1145 cibus
220 1073 327 1142 victus
350 1097 429 1142 eum
454 1076 488 1145 in
513 1077 643 1146 ltaliam
675 1073 768 1167 sequi

102 1171 269 1244 decernit.
301 1177 349 1240 ΙΙ.
382 1193 461 1258 129.
493 1174 610 1245 Bucari
643 1173 769 1245 dehor-

102 1271 288 1343 tationibus.
298 1269 477 1343 deterritus
493 1273 671 1345 consilium
689 1297 769 1343 mu-

102 1391 172 1443 tat.
201 1377 345 1464 11.13o.
374 1371 520 1443 Afratre
547 1374 684 1443 tandem
707 1371 770 1441 ob·

103 1488 299 1542 truncatur.
316 1476 363 1540 11.
384 1494 463 1565 131·
746 1486 750 1490 “

53 1568 313 1667 Dinglaspalum
344 1570 508 1667 oppidum
541 1572 584 1641 ab
618 1568 771 1643 hostibus

105 1673 223 1743 Caroli
245 1669 389 1739 Caesaris
409 1696 468 1769 per
492 1668 699 1742 deditionem
716 1692 771 1738 ca-

106 1771 216 1866 pitur.
242 1773 291 1838 ΙΙ.
305 1790 392 1859 417.
585 1813 589 1820 ι

54 1863 140 1939 Divi
169 1869 261 1939 Pauli
277 1873 405 1940 Comes
431 1877 447 1958 (
459 1870 654 1940 franciscus
680 1870 769 1938 Bor·

105 1967 253 2048 bonius)
268 1995 288 2039 a
302 1970 483 2039 Gallorum
513 1974 608 2063 Rege
633 1968 667 2037 in
696 1973 768 2036 Ita·

106 2068 186 2140 liam
201 2089 285 2137 cum
314 2067 461 2136 exercitu
484 2067 622 2136 missus.
638 2070 666 2136 l.
685 2066 769 2134 282.

107 2166 254 2257 Aliquot
286 2163 410 2260 oppida
440 2184 474 2235 et
510 2165 639 2236 castella
678 2180 771 2233 trans

106 2263 238 2337 Padum
280 2264 414 2360 recipit.
441 2269 471 2334 Ι.
499 2265 582 2335 084.
618 2269 661 2335 ln
688 2259 771 2360 fuga

106 2362 423 2458 comprehenditur.
437 2367 467 2432 I.
480 2363 563 2452 284.

59 2463 170 2536 notrae
191 2485 307 2532 aureus
325 2457 559 2532 nummus.11.
577 2483 661 2552 2¹7·

60 2561 219 2633 Doltium
240 2562 407 2632 castellum
434 2564 470 2632 in
492 2583 575 2662 agro
593 2561 772 2633 Veronen-

108 2664 156 2730 si.
181 2666 386 2749 11.195.et
411 2666 489 2755 369.

61 2759 274 2831 Domusula.
299 2765 329 2828 I.
350 2761 430 2828 128.

59 2858 267 2933 Donaverda
291 2855 454 2953 oppidum
478 2855 521 2928 ab
539 2855 693 2928 hostibus
704 2860 775 2928 Ca·

113 2958 176 3028 roli
195 2958 344 3029 Caesaris
366 2979 425 3054 per
446 2955 651 3030 deditionem
682 2954 778 3053 capi-'

113 3074 192 3125 tur.
216 3061 358 3145 Il.4t7.

39 3180 41 3183 ·
64 3151 280 3228 Dordrecunt
301 3155 402 3226 urbs.
418 3156 467 3224 II.
499 3172 578 3240 109.

62 3255 174 3329 Doria
189 3253 392 3342 (Andreas)
417 3251 543 3324 hostilis
565 3252 669 3325 classis
700 3254 780 3325 Ge·

114 3377 217 3426 nuam
243 3353 427 3449 obsidentis
438 3352 639 3448 praefectus.
653 3357 684 3422 Ι.
696 3355 777 3422 206.

115 3455 256 3524 Genuae
271 3471 407 3549 portum
418 3452 568 3522 obsidet.
584 3456 697 3543 I.247.
713 3456 780 3523 Ca·

115 3553 220 3649 pitur.
244 3557 273 3622 I.
292 3573 375 3643 254.
399 3551 579 3622 Gallorum
600 3567 707 3646 partes
730 3572 779 3620 se·

116 3650 260 3744 quitur,
286 3669 319 3722 et
351 3650 543 3746 Principatu
567 3647 711 3741 dejectus
734 3646 779 3720 ad

114 3772 196 3819 eum
214 3749 421 3820 restituitur.
445 3754 474 3818 Ι.
498 3768 581 3839 254.
615 3755 648 3821 A
674 3749 782 3819 Gallis

116 3867 235 3945 captus
248 3870 311 3919 sese
326 3845 480 3920 redimit.
498 3852 527 3916 Ι.
546 3868 628 3940 254.
653 3846 780 3918 Adver-

117 3967 171 4018 sus
204 3946 367 4042 Hispanos
401 3969 510 4017 rursus
536 3949 632 4017 armis
665 3946 781 4016 sumtis

117 4043 345 4140 Principatum
364 4044 506 4116 amittit.
522 4049 552 4114 Ι.
570 4069 652 4138 254.
675 4050 721 4116 Et
737 4044 781 4117 ad

119 4143 309 4215 Turcarum
330 4144 514 4240 Principem
526 4166 558 4214 se
577 4145 728 4218 confert.
752 4150 782 4214 Ι.

120 4263 207 4334 254.
230 4242 346 4314 Caroli
359 4244 505 4313 Caesaris
522 4246 658 4318 nomine
672 4243 783 4315 solici-

120 4361 215 4413 tatur
238 4341 283 4413 ad
310 4339 568 4413 defectionema
601 4345 780 4417 Gallorum

121 4443 226 4539 Rege,
241 4440 430 4538 Principatu
441 4441 528 4510 inter
538 4441 600 4513 alia
614 4445 648 4515 in
661 4449 783 4539 Regno

123 4538 348 4634 Neapolitano
366 4540 426 4636 ipsi
448 4543 642 4636 proposito.
661 4546 782 4612 I.262.

17 4664 19 4667 ·
123 4640 288 4735 Legatum
310 4663 388 4711 cum
407 4638 572 4711 mandatis
593 4641 637 4713 ad
664 4646 784 4712 Caesa-

126 4759 197 4810 rem
221 4737 347 4806 mittit.
382 4744 411 4808 Ι.
429 4743 511 4829 264.
540 4743 638 4813 Nova
666 4740 785 4828 injuria

126 4859 145 4908 a
176 4835 355 4907 Gallorum
385 4841 479 4937 Rege
502 4836 638 4921 affoetus
665 4836 787 4916 condi-

877 478 1006 550 tionem
1034 474 1094 547 sibi
1122 500 1141 546 a
1174 483 1312 549 Caesare
1338 473 1540 572 propositam

876 578 1019 673 accipit.
1037 582 1066 646 Ι.
1085 581 1167 667 264.
1192 582 1325 647 Auctor
1344 576 1403 658 fit,
1418 594 1454 643 ut
1470 578 1538 646 Ga·

875 701 942 747 nua
958 676 1096 749 aGallis
1119 675 1163 746 ad
1187 677 1352 772 Hispanos
1379 673 1536 745 deficiat.

875 782 905 848 Ι.
931 778 1012 870 083.
1040 777 1144 846 Classi
1173 776 1384 846 Caesarianae
1416 772 1537 869 praefi·

875 877 963 947 citur
975 927 986 959 ,
1000 896 1034 944 et
1053 875 1194 944 Siciliam
1208 873 1393 944 contendit.
1411 881 1438 942 l.
1460 896 1537 965 307.

874 969 1012 1046 Corone
1046 995 1258 1071 expugnata,
1283 974 1317 1042 iu
1359 973 1536 1045 Graeciam

875 1096 954 1146 cum
982 1076 1077 1144 classe
1103 1073 1273 1170 procedit.
1306 1077 1334 1141 I.
1363 1092 1443 1162 331.
1461 1098 1463 1102 ·
1482 1070 1537 1143 Ad

875 1173 1088 1269 Zacynthum
1111 1174 1248 1242 insulam
1285 1193 1383 1248 naves
1418 1193 1537 1239 onera-

875 1274 938 1344 rias
954 1293 1142 1368 exspectat.
1160 1279 1195 1364 1.
1216 1295 1295 1366 330.
1323 1278 1462 1340 Portum
1480 1280 1538 1338 δι’·

872 1376 1000 1469 pientiae
1035 1373 1146 1467 capit.
1186 1377 1214 1440 Ι.
1249 1393 1326 1464 333.
1364 1372 1538 1440 Coroneru

876 1471 1106 1542 decommum
1137 1468 1376 1567 praefectorum
1399 1469 1538 1538 consilio

871 1593 1071 1667 oppugnare
1092 1571 1285 1640 constituit.
1304 1575 1331 1638 Ι.
1353 1589 1432 1660 333.
1453 1574 1539 1636 Pue-

875 1694 928 1743 ros
952 1671 996 1741 ad
1025 1670 1215 1738 servitutem
1244 1673 1381 1738 Corone
1406 1691 1424 1735 a
1450 1664 1539 1734 mili-

873 1769 964 1841 tibus
994 1769 1176 1839 abstractos
1204 1791 1307 1864 prope
1340 1765 1538 1837 Mathonem

873 1867 1009 1962 exponi,
1021 1889 1060 1936 et
1074 1868 1258 1937 incolumes
1280 1864 1323 1936 ad
1334 1888 1412 1935 suos
1435 1865 1540 1934 redire

874 1968 987 2057 jubet.
1010 1972 1038 2036 Ι.
1060 1989 1136 2060 337.
1163 1973 1336 2037 Patrarum
1353 1963 1538 2060 oppidanos

876 2090 896 2138 a
925 2065 1068 2135 militurn
1087 2067 1214 2153 injuriis
1230 2067 1368 2134 eximit.
1399 2070 1428 2132 l.
1456 2064 1541 2157 338.

876 2169 996 2237 Fauces
1019 2165 1106 2234 sinus
1124 2163 1332 2234 Corinthiaci
1349 2178 1539 2262 oppugnat.

876 2270 907 2338 1·
935 2283 1013 2359 339·
1042 2261 1178 2334 affecto
1199 2265 1265 2352 jam
1293 2260 1538 2332 autumnotri-

875 2368 1017 2438 temium
1057 2362 1301 2460 navigationem
1324 2359 1539 2443 excludente,

875 2464 1056 2537 inltaliam
1076 2466 1231 2560 navigat.
1258 2468 1293 2532 Ι.
1308 2482 1386 2554 340.
1419 2459 1537 2532 Caroli

876 2563 1024 2635 Caesaris
1041 2563 1202 2634 beneficio
1222 2562 1435 2656 Melphorum
1448 2560 1544 2630 Prin-

876 2685 951 2758 ceps
967 2660 1074 2733 factus
1084 2663 1175 2732 bello
1188 2660 1373 2730 Timetensi
1389 2661 1539 2730 interest.

876 2767 992 2855 l.355.
1009 2761 1153 2831 Goletae
1166 2759 1454 2856 expugnationem
1473 2779 1537 2826 cu-

877 2880 949 2933 rat.
975 2863 1005 2928 I.
1034 2859 1112 2952 386.
1139 2859 1298 2930 Goletam
1325 2859 1412 2928 tueri
1439 2856 1538 2945 jube-

877 2978 953 3030 tur.
978 2963 1006 3027 1.
1028 2977 1105 3052 397.
1129 2963 1161 3028 A
1181 2959 1310 3028 Carolo
1327 2958 1481 3046 jubetur,
1498 2970 1539 3024 ut

878 3059 1024 3152 aliquem
1050 3054 1290 3153 praefectorum
1321 3057 1452 3140 mittat,
1477 3052 1539 3148 qui

877 3158 1016 3250 reliquas
1054 3155 1235 3228 Charadiui
1284 3155 1429 3227 triremes
1484 3153 1539 3224 vel

877 3259 1009 3352 capiat,
1026 3257 1077 3327 sel
1104 3255 1270 3326 incendat.
1289 3261 1318 3324 1.
1340 3260 1423 3347 406.
1450 3260 1538 3327 Rem

878 3354 989 3428 differt
1005 3377 1108 3449 usque
1132 3354 1176 3426 ad
1194 3353 1336 3424 Tunetis
1364 3375 1540 3450 expugna·

876 3456 977 3526 tionis
1008 3453 1131 3526 finem.
1169 3458 1198 3523 I.
1225 3458 1308 3544 406.
1342 3453 1538 3548 Hipponem

878 3554 1032 3626 adversus
1058 3552 1240 3624 Charadiui
1276 3550 1423 3623 triremes
1459 3571 1541 3646 pro·

876 3651 999 3738 fectus,
1012 3675 1046 3722 rc
1068 3649 1189 3723 infecta
1205 3652 1239 3721 ia
1255 3652 1415 3723 Goletam
1433 3671 1539 3720 rever-

876 3753 984 3823 titur.
1006 3757 1036 3822 1.
1062 3773 1145 3841 407.
1170 3753 1328 3822 Genuam
1355 3745 1540 3822 contende·

878 3870 913 3921 re
927 3876 947 3920 a
963 3852 1090 3921 Carolo
1108 3850 1264 3938 jubetur,
1288 3869 1321 3918 et
1343 3851 1462 3920 milites
1479 3847 1542 3916 im-
1614 3859 1616 3863 ’
1639 3853 1641 3858 ’

879 3970 1022 4046 ponere.
1045 3954 1160 4042 1433.
1185 3947 1463 4020 ArcisTaurentii
1480 3967 1543 4042 op·

879 4046 1119 4147 pugnationem
1162 4045 1346 4117 dissuadet.
1386 4052 1415 4116 Ι.
1449 4065 1542 4136 437.

877 4147 1049 4218 Sententiis
1073 4145 1312 4243 praefectorum
1330 4143 1451 4215 auditis
1462 4191 1473 4222 ‚
1486 4162 1541 4210 re·

878 4245 1020 4344 spondet
1035 4246 1094 4317 sibi
1106 4245 1273 4342 optimum
1295 4241 1387 4315 factu
1413 4239 1539 4323 videri,

880 4365 920 4416 ut
943 4346 1087 4418 Massilia
1115 4347 1262 4441 primum
1292 4342 1445 4413 omnium
1477 4362 1541 4435 op·

881 4463 1067 4542 pugnetur.
1091 4448 1119 4513 Ι.
1147 4462 1232 4537 439.
1266 4443 1390 4513 Genua
1419 4445 1541 4512 Caesa-

880 4565 951 4616 rem
975 4545 1154 4639 Fregosum
1187 4539 1346 4638 pellit,et
1378 4539 1494 4611 urbem
1521 4559 1541 4608 a

881 4642 1058 4741 tyrannide
1089 4640 1275 4713 factionum
1309 4638 1475 4712 vindtcat.
1512 4637 1543 4704 Ι.

880 4763 966 4833 445.
1010 4741 1196 4813 Ganuensis
1236 4738 1392 4810 libertatis
1426 4752 1546 4809 auctor

881 4840 1068 4942 plurimum
1090 4843 1125 4917 iu
1146 4863 1185 4916 ea
1200 4838 1334 4915 civitate
1349 4846 1456 4940 potest
1471 4851 1546 4910 tuat
1600 4923 1602 4939 Ι

1250 4951 1285 5021 11
1477 4952 1555 5029 gra·
