4034 5858
506 432 593 524 532
896 421 982 501 nn
1029 420 1234 501 nunus
1280 415 1518 505 cnsms

460 610 619 683 cuncta
654 570 884 737 prudentia
919 609 961 677 et
997 572 1262 744 aequitate
1251 574 1489 674 moderari.
1531 578 1653 681 Nam
1690 584 1799 678 curn
1833 572 1923 683 Re

463 760 660 885 gna,q
629 759 742 859 quae
779 716 1011 869 quidem
997 755 1087 847 jure
1139 714 1473 837 nominentur,
1509 757 1603 821 non
1652 721 1712 819 ad
1749 731 1920 864 Regum

465 861 740 981 utilitatem,
773 862 848 961 sed
883 861 937 959 ad
974 859 1297 990 subjectorum
1323 859 1592 1000 populorum
1641 863 1832 965 salutem
1877 901 1921 967 et

466 1003 824 1109 commoditatem
876 1002 1112 1104 constituta
1162 1000 1301 1118 sint,
1334 1035 1383 1102 ur
1417 1001 1698 1144 Philosophi
1730 1009 1923 1126 docent,

464 1161 561 1251 Rex
596 1149 644 1249 in
679 1144 944 1311 reipublicae
980 1076 1358 1247 administratidne
1395 1142 1615 1285 publicam
1668 1151 1923 1253 mortalium

466 1332 564 1395 suae
591 1288 694 1391 fidei
729 1289 1068 1409 commissorum
1119 1287 1493 1389 commoditatem
1531 1326 1725 1430 spectare
1762 1291 1921 1417 debet,

466 1471 511 1536 et
545 1433 741 1583 optimus
777 1472 864 1533 esse
900 1433 1243 1533 commodorum
1278 1460 1322 1530 et
1354 1431 1753 1534 incommodorum
1787 1436 1924 1534 ratio·

467 1578 690 1695 cinatot,
724 1615 778 1676 ne
813 1614 911 1675 suae
945 1573 1119 1674 libidini
1147 1610 1224 1674 aut
1260 1574 1438 1713 privatis
1473 1577 1726 1677 commodis
1759 1652 1775 1695 ,
1803 1579 1920 1718 quod

469 1755 531 1825 est
534 1718 884 1881 ’tyrannicum
913 1714 1070 1816 servire
1104 1715 1346 1816 videatur·
1337 1781 1349 1824 ‚
1387 1755 1660 1877 quamquam
1690 1719 1921 1860 Princeps,

466 1861 549 2002 qui
584 1860 730 2000 Regni
765 1859 937 1962 bonum
973 1854 1197 1997 publicum
1231 1855 1315 1956 sibi
1350 1860 1610 1998 proposuit,
1639 1900 1774 1962 suum
1810 1903 1920 2002 quo-

469 2043 590 2164 que·
607 2002 780 2105 bonum
828 2000 947 2103 haud
998 1995 1133 2100 dubie
1184 2034 1483 2100 consectatur.
1542 2012 1758 2144 Regnum
1809 2004 1919 2105 enim

470 2144 595 2309 quasi
651 2184 809 2285 corpus
845 2142 1073 2283 quoddam
1109 2175 1217 2261 est,
1254 2151 1373 2274 cujus
1407 2143 1609 2285 Princeps
1659 2146 1716 2245 sit
1734 2180 1920 2309 'caputt

471 2288 557 2388 tori
590 2320 737 2390 autem
772 2286 952 2426 corpori
987 2285 1251 2410 consulere,
1267 2315 1317 2385 ut
1350 2324 1446 2386 non
1481 2285 1610 2387 simul
1646 2289 1785 2429 capiti
1818 2328 1917 2431 pro·

471 2429 659 2570 spiciat,
695 2466 830 2529 nemo
867 2461 1032 2566 potest.

543 2580 696 2673 XXX.
769 2568 946 2671 Gloriae
980 2608 1030 2669 ac
1064 2566 1207 2670 famae
1241 2516 1425 2671 Carolus
1461 2571 1706 2692 studebat,
1738 2566 1873 2671 sed
1855 2603 1920 2671 tta

471 2746 522 2817 ut
555 2714 743 2819 minime
777 2712 928 2815 leviter
962 2746 1068 2814 esset
1103 2711 1399 2828 ambitiosus·
1390 2780 1402 2823 ‚
1439 2752 1532 2814 non
1567 2714 1690 2815 enim
1741 2712 1921 2854 gloriam

473 2895 520 2959 et
553 2859 728 2961 laudem
779 2895 974 2998 expetere
1010 2853 1222 2957 vitiosum
1258 2889 1348 2955 est
1374 2891 1419 2954 er
1453 2854 1795 2957 ambitiosorum
1839 2854 1923 2954 ho*

474 3000 706 3118 minum,
741 3000 816 3099 sed
850 3042 901 3100 ex
936 2996 1214 3099 simulatione
1272 3032 1316 3096 et
1350 2992 1456 3098 falsa
1507 2997 1802 3100 ostentatione
1837 2997 1923 3098 ιιιι·ι

474 3173 617 3240 tutum
653 3076 865 3243 lainam
853 3177 1028 3241 manem
1061 3140 1312 3281 aucupari:
1351 3178 1456 3239 nam
1490 3139 1677 3240 solidam
1714 3139 1923 3282 gloriam,

473 3321 587 3424 quae
622 3283 851 3424 proprium
902 3317 963 3382 est
997 3282 1169 3384 virtutis
1221 3281 1505 3444 praemium,
1541 3325 1593 3384 ex
1627 3280 1757 3383 rebus
1810 3316 1922 3424 prae·

473 3426 587 3528 clare
624 3461 667 3526 et
700 3463 861 3566 magna
896 3463 1000 3526 cum
1035 3425 1196 3526 virtute
1231 3424 1362 3565 gestis
1413 3462 1507 3525 non
1556 3426 1781 3567 aspernari
1835 3462 1925 3523 maa

475 3606 669 3708 gnorum
704 3569 903 3669 virorum
939 3603 1036 3687 est,
1072 3603 1259 3667 etcum
1290 3566 1447 3668 virtute
1483 3577 1808 3704 conjunctum,
1836 3605 1926 3666 mo·

475 3711 541 3809 do
587 3748 640 3812 ne
688 3706 881 3810 fama
840 3746 1001 3811 vtrtute
1053 3708 1276 3848 antiquior
1311 3706 1546 3811 habeatur.
1603 3709 1751 3812 Multa
1789 3706 1926 3809 habco

476 3851 717 4014 exempla,
746 3851 914 4013 quibus
966 3854 1118 3952 docere
1168 3851 1380 3991 possim,
1414 3889 1551 3992 quam
1604 3888 1715 3952 esset
1749 3851 1925 3954 Carolus

475 3990 613 4096 inanis
647 3993 811 4156 gloriae
846 4029 890 4094 et
922 3989 1051 4095 falsae
1086 3994 1220 4094 laudis
1265 4028 1516 4098 contemtor
1550 3995 1792 4141 egregiuss
1827 3994 1925 4111 sed,

465 4176 587 4319 'quae
620 4138 736 4276 ipse
748 4136 876 4255 vidi,
913 4133 1308 4241 commemorabo

466 4360 474 4392 ,
526 4290 742 4382 XXXI
787 4290 930 4380 Cum
950 4279 1184 4445 aliquando
1220 4277 1334 4380 mihi
1370 4281 1424 4383 de
1461 4280 1588 4384 rebus
1625 4277 1817 4444 abipso
1849 4317 1925 4420 ge

327 4534 349 4543 ,Ι
474 4421 544 4520 stis
594 4421 909 4583 conquirenti,
943 4458 986 4523 et
1020 4425 1069 4525 in
1102 4462 1261 4564 magna
1316 4462 1574 4526 sermonum
1610 4425 1820 4524 varietate
1868 4422 1929 4521 la·

475 4559 728 4665 ιιοιιιιιι
688 4604 831 4681 ursum
882 4600 988 4666 esset
1021 4565 1298 4669 Carolum
1285 4605 1458 4705 tpsum
1485 4569 1543 4667 de
1575 4562 1699 4666 factu
1736 4566 1932 4706 quodam

435 4745 551 4806 suo
586 4707 867 4848 percontaris
902 4705 1170 4853 supplicibus
1205 4706 1347 4812 verbis
1400 4706 1457 4811 ab
1509 4748 1564 4811 eo
1606 4711 1847 4851 poposci,
1831 4744 1937 4949 ,pt

1912 4889 1935 4946 C
