4170 5866
429 436 514 496 210
730 435 732 439 ’
814 416 901 496 DE
942 412 1140 494 REBUS
1181 410 1410 495 GESTIS

392 619 521 685 mum
557 576 685 678 rebus
734 571 818 673 suis
863 566 1161 688 diffidentes,
1198 571 1474 675 deditionem
1528 567 1667 674 facere
1721 573 1869 679 coacti

395 762 495 829 sunt
521 762 654 824 :nam
690 757 813 860 spem
850 757 1035 818 omnem
1071 715 1250 819 subsidii
1285 718 1490 820 Marchio
1527 719 1636 818 dolo
1680 723 1864 823 sustule-

396 908 464 974 rat
491 909 565 1009 per
600 863 925 967 commentitias
963 862 1162 1006 epistolas
1192 863 1501 1006 desperationis
1538 863 1706 1005 plenas,
1737 867 1863 1008 quasi

398 1057 424 1116 a
461 1012 626 1133 Gallis,
666 1011 782 1112 unde
829 1008 1039 1112 auxilium
1091 1010 1429 1149 exspectabant,
1464 1021 1632 1109 Dostro
1683 1012 1856 1116 missas.

398 1157 704 1302 Carignanum
739 1194 924 1297 quoque
959 1197 984 1256 a
1018 1152 1272 1255 custodibus
1303 1166 1517 1294 Osuoque
1553 1148 1771 1292 praefecto
1809 1160 1860 1260 ri·

398 1341 524 1406 more
562 1304 783 1403 desertum
837 1338 929 1398 non
964 1298 1107 1399 solum
1143 1300 1379 1438 occupavit
1414 1295 1617 1398 Marchio
1642 1377 1657 1419 ,
1686 1302 1763 1400 scd
1800 1338 1857 1402 et-

399 1445 489 1550 iam
527 1445 746 1588 praesidio
783 1441 1000 1563 firmavit,
1028 1443 1099 1542 cui
1126 1442 1342 1580 Pyrrhum
1365 1443 1635 1544 Columnam
1669 1483 1858 1584 praeesse

399 1592 555 1726 jussit,
574 1591 678 1731 quia
713 1589 830 1691 bello
869 1589 1062 1730 gerendo
1099 1588 1146 1689 id
1182 1589 1401 1731 oppidum
1433 1625 1737 1728 opportunum
1774 1632 1858 1693 csse

400 1732 631 1835 videbatur
669 1778 678 1835 :
711 1769 801 1834 erat
838 1734 958 1833 enim
1007 1770 1122 1834 trans
1157 1735 1363 1853 Padurn,
1399 1768 1441 1836 et
1458 1772 1569 1866 non
1607 1735 1757 1873 procul
1804 1737 1857 1840 ab

399 1881 601 2021 Augusta
636 1878 965 1980 Taurinorum.
1026 1877 1110 1978 His
1148 1875 1274 1979 rebus
1311 1871 1558 1996 confectis,
1590 1876 1733 1979 hieme
1769 1888 1858 2011 jam

400 2058 668 2165 appetente,
703 2021 1011 2124 Mediolanum
1063 2021 1280 2141 revertit,
1313 2057 1357 2120 et
1398 2020 1588 2140 milites,
1626 2061 1738 2163 quos
1789 2024 1859 2124 vi-

400 2208 500 2277 sum
535 2205 633 2289 est,
668 2168 717 2269 in
755 2166 974 2308 praesidio
1012 2205 1086 2308 per
1124 2202 1380 2307 opportuna
1417 2165 1513 2264 loca
1550 2165 1792 2307 disposuit.

405 2372 406 2375 κ
452 2322 625 2414 XXV.
700 2323 912 2413 Ceterum
964 2310 1203 2411 Franciscus
1239 2322 1336 2413 Rex
1372 2310 1638 2429 Gallorum,
1672 2309 1740 2410 his
1790 2350 1859 2412 re-

401 2450 483 2554 bus
519 2455 744 2598 cognitis,
780 2493 1052 2597 quamquam
1088 2452 1225 2573 belli,
1265 2455 1390 2596 quod
1441 2454 1489 2553 in
1523 2454 1671 2594 ipsum
1706 2496 1734 2554 a
1770 2466 1862 2556 Ca-

401 2598 501 2698 tolo
536 2612 798 2741 Imperatore
849 2636 892 2699 et
926 2598 1124 2700 Henrico
1158 2599 1470 2700 Britannorum
1505 2610 1626 2742 Rege
1679 2597 1860 2741 paraba-

401 2776 473 2842 tur
503 2821 518 2864 ,
554 2744 877 2886 exspectatione
927 2776 970 2845 et
1020 2745 1296 2848 solicitudine
1348 2740 1628 2886 premebatur
1663 2821 1678 2862 ,
1713 2781 1862 2846 tamen
1958 2829 2037 2840 .-

401 2925 499 2983 eam
535 2923 705 3029 partem
739 2887 1054 3031 negligendam
1095 2929 1189 2992 non
1225 2891 1427 3031 putavit.
1482 2898 1633 3027 Itaque
1670 2891 1862 2992 exercitu
1944 2924 2038 2981 -1

400 3028 712 3132 Helvetiorum
749 3069 793 3133 er
822 3043 1076 3133 Vasconum
1110 3035 1166 3134 acl
1196 3033 1449 3174 quindecim
1485 3031 1710 3150 millium,
1737 3034 1861 3137 item·
1988 3089 2035 3105 -

402 3211 490 3312 que
526 3177 717 3277 duorum
752 3175 958 3317 equitum
993 3177 1214 3296 millium,
1252 3216 1443 3318 quorum
1491 3175 1739 3317 octingenti
1788 3218 1909 3278 ca-
1965 3233 2035 3250 -

401 3314 615 3457 taphracti
657 3355 812 3439 erant,
851 3361 902 3419 ex
938 3321 1104 3420 Gallica
1147 3319 1380 3422 nobilitate
1416 3315 1658 3438 confect0,
1692 3357 1902 3459 praeter:
1961 3355 2032 3419 :t

292 3560 295 3565 ,
401 3460 652 3563 Italicorum
688 3461 769 3562 tria
805 3463 979 3587 millia,
1015 3504 1128 3606 quae
1172 3466 1221 3565 in
1256 3465 1455 3607 praesidii
1504 3464 1878 3606 supplementum
1964 3498 2027 3561 ιι

400 3599 652 3746 Augustam
688 3607 993 3708 Taurinorum
1028 3610 1236 3729 miserat,
1272 3649 1342 3708 eas
1377 3607 1527 3748 copias
1562 3607 1777 3750 Angieno
1815 3651 1869 3711 ex
1960 3635 2026 3697 Ἀ

400 3740 567 3849 familia
604 3754 946 3853 Vandomorum
983 3752 1031 3853 in
1067 3750 1350 3895 Subalpinam
1385 3751 1574 3854 Galliam
1617 3753 1855 3874 deducere,
1981 3800 2031 3845 o

400 3926 442 3989 et
479 3889 642 3993 bellurn
682 3934 889 3997 renovare
925 3894 1049 4028 jubet
1081 3974 1095 4017 ,
1123 3935 1255 4038 atque
1291 3935 1474 4038 operam
1527 3898 1668 4014 dare,
1708 3936 1762 3999 ut
1811 3939 1855 3999 a-
1977 3918 2040 3951 “

396 4034 526 4138 missa
562 4038 853 4180 recipiantur.
898 4050 1019 4141 Cum
1056 4039 1122 4141 his
1157 4041 1295 4183 copiis
1331 4042 1561 4184 Angienus
1596 4077 1738 4143 cetera
1772 4035 1856 4143 fere
1983 4040 2046 4107 5

398 4178 489 4282 sinc
540 4183 825 4284 contentione
875 4185 1071 4327 recepit,
1106 4185 1413 4328 Carignanum
1459 4226 1602 4305 vero,
1641 4184 1859 4326 quoniam
1978 4183 2050 4262 ἶ]

397 4360 439 4424 et
477 4325 682 4468 operibus
718 4326 944 4430 munitum
979 4365 1101 4449 erat,
1136 4367 1179 4431 et
1215 4330 1363 4435 valido
1399 4328 1702 4470 Hispanorum
1750 4329 1858 4429 mil·
1970 4350 2047 4384 “

395 4467 470 4587 le,
507 4469 667 4611 quibus
720 4507 909 4613 praeerat
959 4472 1239 4576 Samiclrellus
1268 4553 1283 4594 ,
1317 4511 1361 4574 et
1410 4474 1530 4574 mille
1580 4474 1856 4615 quingento-
1964 4500 2039 4529 ·““

392 4649 492 4709 rum
527 4626 879 4737 Germanorum,
907 4615 1067 4760 quibus
1103 4619 1218 4718 Felix
1255 4619 1487 4738 Artemis,
1524 4618 1741 4758 praesidio
1779 4615 1856 4718 fir·
1946 4649 2029 4678 ⁶*

391 4789 595 4879 matum,
630 4762 909 4901 expugnandi
942 4800 1016 4901 spe
1051 4762 1251 4884 ademta,
1272 4759 1504 4863 obsidione
1543 4760 1714 4881 cinxit,
1750 4759 1855 4859 diu·
1925 4800 2013 4827 ⁶-

1766 4942 1854 5045 que
1886 4929 1992 4994 Ξ
