4034 5858
405 402 509 473 cult

98 513 216 566 aotam
247 510 394 560 sororem
428 491 559 560 Galliae
569 494 772 606 'Reginam

99 593 180 664 illuc
201 586 366 662 salutandi
387 612 465 658 eum
492 586 598 685 gratia
626 591 762 660 venien-

100 711 168 761 tem
196 686 428 778 jucundissime
443 687 589 783 excipit.
616 693 690 757 Il.a
676 691 760 778 2.56

98 792 251 884 Tampae
264 786 423 857 Francisci
435 790 536 886 Regis
555 786 763 857 concubinae

99 889 197 960 dona
221 885 326 956 mittit
349 884 552 956 ducatorum
584 909 762 956 aureorum

100 986 250 1059 millibus
268 983 498 1082 quadraginta
513 985 655 1081 amphus
666 1004 762 1054 aesta
765 1046 767 1048 ,

102 1105 220 1156 mata..
246 1089 352 1170 ΙΙ.67
338 1106 392 1173 77.
421 1085 622 1182 Gonzagam
646 1104 680 1152 et
704 1086 765 1152 Fe-

101 1185 166 1256 riae
190 1183 362 1255 Comitem
393 1206 456 1253 sese
476 1203 598 1254 mutuo
629 1180 719 1253 ad
696 1205 766 1250 sm-

99 1284 212 1383 gulare
243 1302 409 1353 certamen
435 1301 652 1379 provocantes
684 1305 765 1377 pro-

100 1401 175 1480 pter
195 1382 349 1452 Marsiam
374 1382 547 1479 pulchram
575 1379 766 1452 adolescen-

103 1482 209 1551 tulam
240 1480 382 1551 arctiore
416 1481 569 1552 custodia
613 1474 766 1549 asservari

100 1579 217 1672 jubet.
242 1583 294 1648 IL
316 1583 398 1666 258.
426 1581 584 1671 Generali
609 1577 767 1649 Concilio

101 1677 318 1749 ecclesiastico
341 1678 491 1763 indicto,
516 1679 560 1749 ad
582 1681 767 1774 Episcopos

103 1800 246 1859 omnes,
251 1795 298 1846 ut
313 1778 539 1849 Tridentum
529 1797 594 1848 rtet
606 1775 712 1849 facere
734 1796 767 1845 se

30 1931 37 1951 .
102 1893 318 1992 comparent,
337 1875 476 1948 scribit.
477 1883 539 1948 .I.l
547 1881 633 1945 261.
646 1879 769 1945 Certos

102 1974 304 2046 nominatim
337 1975 503 2068 ascriptos
529 1969 768 2067 6666166761οῇ-

103 2073 179 2143 cisci
204 2073 391 2167 praecipit..
407 2077 555 2142 H.z61.
584 2073 671 2141 Petri
698 2068 769 2139 Soti

103 2167 320 2241 Confessoris
326 2171 375 2240 sui
397 2171 596 2240 sententiam
634 2168 768 2241 fortasse

103 2287 236 2340 sectrtus
251 2270 432 2341 monachos
450 2270 572 2366 potius,
585 2293 690 2363 quam
706 2268 770 2336 cle-

104 2368 187 2438 ricos
202 2367 397 2483 theologos
398 2367 441 2439 ad
468 2368 673 2441 Concilium
689 2363 771 2435 Tri-

104 2465 280 2537 dentinum
310 2468 438 2538 mittit.
474 2474 531 2539 11.
552 2474 647 2539 262..
672 2468 770 2558 Jure-

104 2566 263 2636 consultis
313 2567 468 2664 singulis
490 2566 543 2638 ad
574 2564 769 2638 Concilium

104 2662 355 2736 Tridentinum
368 2666 468 2735 missis
480 2668 669 2748 millenos,
694 2687 770 2733 mo-

105 2762 217 2833 nacbis
259 2782 372 2833 autem
419 2768 606 2877 quingenos
653 2785 770 2832 aureos

105 2859 294 2932 ducatus
282 2882 324 2929 666
359 2882 462 2932 annos
489 2861 682 2934 constituit.
722 2863 770 2930 II.
816 2876 818 2881 ’

108 2963 188 3029 666.
213 2964 248 3030 Α
262 2960 366 3029 Paulo
378 2964 442 3030 111
456 2960 560 3055 petit,
575 2979 613 3031 ut
630 2957 771 3029 Archit-

107 3057 281 3155 piscopatu
313 3060 482 3128 Toletano
512 3071 570 3171 per
608 3058 771 3129 vicariurn

74 3188 77 3189 ⁷
109 3156 337 3228 administrato
367 3155 492 3228 reditus
511 3161 579 3247 ejus
605 3156 771 3228 bellorum

108 3254 271 3327 adversus
277 3258 405 3327 Turcas
425 3258 589 3328 sumtibus
602 3254 772 3326 destinen-

107 3373 186 3425 tur.
214 3359 360 3446 H.264.
384 3358 467 3449 Qo
486 3381 554 3427 non
577 3357 772 3451 impetrato,

107 3454 228 3545 Joanni
262 3450 412 3525 Martino
438 3454 554 3526 Siliceo
593 3453 691 3525 illud
712 3458 773 3526 Sa-

109 3551 297 3625 cerdotium
321 3553 552 3625 mandandum
573 3572 690 3637 curat,
711 3552 773 3648 qui

108 3673 167 3747 per
188 3651 324 3723 litteras
343 3651 531 3723 ostenderat
554 3675 586 3722 se
615 3677 697 3722 non.
718 3676 774 3722 re-

107 3769 299 3822 cusaturum
317 3802 328 3836 ,
345 3750 427 3845 quin
463 3758 584 3823 Caesar
608 3749 774 3823 fructibus

107 3850 175 3937 ejus
190 3850 373 3922 Sacerdotii
389 3850 552 3921 arbitratu
560 3847 685 3921 suoad
696 3849 773 3946 ‚pio-

108 3970 185 4019 rum
206 3947 377 4023 bellorum
387 3970 515 4020 sumtus
537 3967 706 4019 uteretur.
723 3953 769 4019 ΙΙ.

111 4049 194 4133 667
220 4049 274 4117 Ex
289 4050 402 4160 Belgio
431 4047 608 4142 profectus
612 4047 772 4122 Ratisbo·

106 4167 188 4214 narn
212 4143 255 4213 ad
283 4146 386 4216 totius
409 4147 609 4219 Germaniae
644 4146 773 4217 Conci-

107 4243 193 4315 lium
227 4245 401 4338 pervenit.
438 4251 484 4316 11.
515 4249 596 4315 666
640 4245 772 4316 Hessiae

107 4344 310 4439 Lantgravio
329 4343 566 4415 denuntiatum
588 4342 715 4428 mittit,
733 4362 772 4415 ut

109 4443 306 4513 Henricum.
326 4446 461 4514 Ducem
504 4442 771 4514 Brunsvicensem

109 4541 259 4610 custodia
273 4541 418 4624 liberet,
445 4539 622 4633 eidemque
653 4544 772 4612 Duca-

109 4639 370 4712 tumre'stituat.
391 4644 438 4711 II.
459 4642 540 4710 268.
558 4639 700 4712 Cunctis
714 4664 773 4709 an-

66 4749 73 4762 *
108 4752 163 4806 cea
191 4736 370 4812 rationibus
387 4737 505 4813 frustra
530 4739 664 4811 tentatis
674 4762 774 4822 ⁴,sem

106 4834 328 4931 armis'gerere
344 4838 534 4929 constituit.
550 4839 684 4915 H.268·.v
695 4841 775 4912 Λιι-Ι

1117 403 1219 466 CAR
1283 415 1285 419 ’

860 489 978 563 atilium
995 514 1013 558 a
1033 490 1197 562 Pontifice
1219 491 1314 562 Max.
1332 488 1464 562 obtinet
1480 495 1524 563 ad

863 591 987 661 bellum
1012 587 1164 659 adversus
1192 592 1379 662 Germanos
1396 593 1526 661 Luthe-

864 711 979 760 tanos.
1008 691 1053 757 11.
1077 713 1155 782 270.
1191 687 1350 759 Edictum
1376 693 1527 784 promul

864 806 940 902 gat,
956 804 1028 880 quo
1051 811 1175 884 magno
1206 790 1358 857 tumultu
1381 791 1529 859 Germa-

865 887 920 956 nia
962 886 1071 955 omnis
1106 886 1320 956 concutitur.
1361 891 1406 955 11.
1448 911 1529 979 676.

866 988 1050 1055 Trecentos
1064 984 1231 1079 Hispanos
1241 985 1477 1096 s'cloppetarios
1488 984 1532 1054 ad

869 1081 1091 1155 Cofstainum
1119 1083 1242 1153 itineris
1275 1084 1439 1181 angustias
1472 1107 1534 1152 cu·

867 1180 993 1254 stodire
1012 1183 1128 1270 jubet,
1141 1202 1175 1251 et
1195 1183 1535 1296 popularesTirolen-

868 1282 919 1357 sis
923 1281 1115 1351 Comitatus
1130 1281 1181 1350 ad
1189 1281 1353 1352 sexdecim
1371 1280 1509 1352 millia'
1501 1302 1536 1350 rn

871 1380 970 1452 armis
988 1403 1076 1451 esse.
1101 1385 1147 1450 ΙΙ.
1166 1405 1246 1470 272.
1274 1390 1413 1452 Petmm
1434 1382 1537 1450 Guz-

872 1503 1011 1551 manum
1042 1478 1231 1552 Ratisbona
1257 1479 1361 1549 mittit
1399 1476 1443 1549 ad
1477 1484 1537 1546 In

872 1576 1074 1691 golatadrum
1090 1576 1238 1647 urbem
1253 1584 1300 1648 ΙΙ.
1321 1603 1403 1691 676.
1432 1576 1538 1648 Alba

872 1702 921 1749 no
953 1676 1045 1747 Duci
1077 1677 1263 1770 proximam
1280 1676 1381 1746 sibi
1372 1698 1539 1772 imperan-

875 1773 1258 1846 drfacultatemtradrt
1287 1780 1540 1891 116741666-

874 1892 1008 1945 zuetem
1024 1872 1199 1968 oppidum
1209 1874 1360 1968 pervenit
1370 1882 1443 1946 .-II.
1452 1892 1541 1964 275.

875 1974 990 2045 Palam
1017 1970 1196 2041 confirmat
1227 1995 1258 2041 se
1290 1970 1336 2042 in.
1357 1972 1541 2043 Germania

875 2091 1051 2141 mortuum
1075 2089 1134 2140 aut
1150 2070 1275 2154 vivum,
1290 2069 1542 2142 donec'bellum
1650 2132 1651 2135 ,

876 2168 1057 2252 conficiat,
1070 2192 1310 2239 remansurum.
1328 2175 1374 2240 ΙΙ.
1390 2191 1471 2284 277.
1494 2172 1544 2239 E

877 2268 1031 2366 pistolam
1054 2267 1324 2339 Lutheranorum
1349 2268 1544 2364 Principum

877 2391 937 2473 per
970 2365 1224 2438 caduceatorem
1260 2368 1391 2438 missam
1431 2390 1543 2466 asper-

876 2486 986 2538 natus
991 2467 1098 2564 legere
1113 2490 1182 2537 non
1200 2467 1293 2536 vult.
1311 2472 1358 2536 Π.
1374 2487 1455 2556 6.77
1472 2474 1544 2543 Ra-
1565 2538 1569 2547 ,

877 2565 1043 2636 tisbonam
1059 2563 1168 2648 redit,
1181 2586 1214 2636 et
1241 2565 1462 2636 Neustadium
1486 2588 1545 2637 ve-

877 2665 951 2735 nit.
976 2669 1023 2733 II.
1049 2668 1129 2777 676.
1157 2614 1379 2738 itatisbonam
1397 2665 1544 2735 militum

876 2759 1022 2835 subsidio
1034 2762 1159 2845 misso,
1172 2786 1308 2833 omnem
1328 2766 1396 2853 ejus
1407 2765 1545 2860 potiun

878 2860 913 2932 di
941 2883 1031 2955 spem
1053 2811 1201 2930 hostibus
1228 2859 1369 2933 adimit.
1390 2869 1440 2933 112
1464 2865 1547 2954 276.

877 2958 1078 3032 Danubium
1103 2982 1183 3028 curn
1200 2961 1303 3056 copiis
1328 2961 1473 3051 trajicit.
1498 2964 1547 3031 II.

880 3062 968 3150 676.
997 3059 1163 3147 Joannem
1191 3058 1375 3155 Baptistam
1413 3061 1544 3130 Castal-

878 3157 962 3228 dum
990 3156 1139 3228 militum·
1159 3158 1353 3254 magistrum
1370 3209 1381 3241 ,
1398 3159 1458 3252 qui
1489 3182 1555 3230 cam
1632 3218 1636 3223 f

878 3256 952 3329 stris
968 3257 1084 3325 locum
1104 3254 1226 3352 deligat
1250 3258 1283 3325 in
1306 3257 1453 3327 hostium
1466 3280 1545 3353 pro,-

879 3354 1097 3452 pinquitate‚
1133 3354 1340 3452 praemittit.
1378 3361 1422 3426 Π.
1462 3378 1543 3450 677.

877 3459 977 3528 Duce
1001 3453 1136 3525 Albano
1170 3472 1203 3521 et
1229 3452 1342 3549 paucis
1374 3453 1542 3548 equitibus

824 3557 834 3571 ⁸
879 3553 1125 3637 comitantibus,
1146 3575 1264 3648 agmen
1284 3554 1472 3638 antecedit,
1485 3576 1545 3623 caq

878 3653 951 3724 stris
973 3650 1237 3723 destinataloca
1267 3652 1553 3723 consideraturus.

879 3752 925 3822 11.
950 3774 1030 3842 277.
1057 3753 1138 3823 Levi
1160 3750 1342 3820 certamine
1355 3752 1542 3835 commisso,

879 3849 1094 3942 hostibusque
1139 3872 1264 3946 magno
1309 3875 1450 3922 numero
1489 3850 1544 3921 in-

879 3948 1074 4047 gruentibus
1086 3999 1100 4032 ‚
1111 3949 1264 4040 jussoque
1281 3951 1439 4031 Albano,
1457 3968 1497 4018 ut
1512 3969 1549 4017 se

881 4047 922 4118 de
957 4048 1053 4118 rebus
1079 4046 1234 4116 omnibus
1264 4048 1383 4118 crebris
1420 4045 1547 4117 nuntiis

880 4149 1065 4217 certiorem·¹
1077 4144 1198 4228 faciat,
1231 4143 1274 4215 ad
1290 4166 1475 4217 castrorum
1490 4148 1546 4216 lo«

882 4244 1130 4316 cumrevenit.
1156 4248 1202 4313 II.
1228 4246 1310 4334 278.
1340 4250 1473 4315 Locum
1497 4246 1546 4315 al·

879 4363 1000 4415 terum¹
1018 4344 1128 4414 castris
1149 4341 1192 4412 ad
1215 4343 1458 4438 Ingolstadium
1486 4367 1546 4415 ac-

881 4441 1100 4513 comodatum
1119 4441 1230 4535 capit.
1258 4443 1405 4534 116786
1433 4443 1549 4515 Hostiu‘

880 4542 941 4613 bus
971 4558 1077 4610 castra
1113 4540 1407 4636 oppugnantibus,
1427 4543 1547 4615 milites

880 4638 1073 4712 cohortatus
1097 4660 1205 4708 suum·⁴
1229 4661 1399 4732 quemque
1427 4645 1541 4713 locum

880 4738 965 4809 tueri
994 4737 1123 4825 jubet.
1143 4742 1196 4808 ΙΙ.
1220 4757 1301 4828 679.
1337 4741 1548 4813 Nuncacies

879 4834 1427 4934 intervolantiatelaobequitat,
1454 4860 1548 4909 nunc

1481 4959 1548 5010 au.
