3998 5850
515 422 596 514 504
818 408 977 507 „nu
1017 405 1229 492 nauus*
1256 407 1486 492 ousrrs
1534 456 1537 473 ff

467 574 654 703 injustae
692 568 780 670 irae
815 608 867 666 ex
901 565 1137 698 justissimo
1176 565 1398 669 Pontificis
1431 563 1627 668 Maximi
1667 570 1723 671 de
1761 568 1926 674 Cathe-

468 715 587 814 rinae
625 709 897 813 matrimonii
935 708 1100 839 judicio
1136 745 1373 854 conceptae
1408 708 1714 848 posthaberet.
1751 724 1850 814 Hac
1884 718 1921 816 i-

467 860 585 1009 gitur
634 855 799 955 ratione
837 852 1053 990 Principes
1080 880 1110 970 7‚'
1156 852 1229 985 sed
1267 852 1409 960 multo
1457 853 1596 993 magis
1634 884 1710 955 sua
1759 860 1920 958 cunctis

466 1034 683 1142 perspecta
716 995 942 1096 voluntate
973 1027 1017 1092 et
1041 994 1296 1094 auctoritate
1325 1033 1554 1135 procerum
1602 1004 1723 1127 juxta
1758 1035 1805 1098 et
1847 1038 1923 1138 po·

466 1143 684 1283 pularium
704 1140 872 1239 animos
911 1172 1184 1277 praeparatos
1221 1165 1308 1237 esse
1350 1137 1773 1253 animadvertentes,
1800 1155 1924 1242 Con·

467 1285 617 1385 cilium
648 1282 796 1423 Regni
834 1280 967 1379 totius
1008 1281 1260 1380 Londinum
1299 1280 1525 1380 indicunt.
1566 1289 1668 1380 Huc
1708 1320 1921 1420 proceres,

468 1424 693 1568 pontifices
721 1434 751 1562 Ι,
791 1461 834 1523 et
868 1422 1111 1540 civitatum
1160 1422 1311 1563 legari,
1334 1417 1672 1561 frequentissimi
1710 1429 1769 1526 ad
1809 1429 1922 1528 diem

467 1611 571 1670 cum
603 1566 930 1686 convenissent,
951 1566 1006 1662 de
1041 1603 1168 1663 causa
1185 1564 1443 1704 Religionis
1466 1566 1718 1687 consulere,
1753 1603 1803 1669 ut
1826 1568 1922 1703 jussi

468 1738 632 1829 erant,
667 1711 946 1849 inceperunt3
976 1744 1026 1804 ac
1059 1705 1250 1844 primum
1283 1707 1486 1808 omnium
1518 1708 1660 1849 legem
1691 1705 1797 1811 fetri
1837 1715 1920 1855 pla·

468 1856 559 1955 cuir
594 1856 647 1955 de
681 1850 930 1993 Reginaldo
963 1847 1069 1947 Polo
1118 1887 1215 1946 suae
1263 1848 1474 1989 dignitati
1531 1851 1837 1994 natalibusque
1881 1887 1919 1953 et

469 1998 627 2139 patriae
667 1992 930 2095 restituendo
960 2029 976 2096 3.
1011 1989 1276 2130 Reginaldus
1311 1991 1431 2091 enirn
1472 1989 1526 2090 ab
1564 1994 1761 2094 Henrico
1805 2009 1915 2139 Rege

467 2179 543 2280 pet
573 2139 785 2269 injuriam
808 2130 1054 2272 ignominia
1089 2167 1264 2254 notatus
1284 2207 1308 2249 ‚-
1339 2131 1568 2234 nobilitate
1606 2138 1840 2275 spoliatus,
1879 2177 1915 2239 et

467 2320 631 2420 magno
671 2277 898 2418 praemio,
928 2272 1069 2410 siquis
1101 2314 1201 2372 eum
1242 2273 1526 2396 interficeret,
1556 2281 1788 2419 proposito
1821 2323 1914 2422 pro·

467 2424 644 2562 scriptus
678 2415 864 2539 fuerat,
901 2455 1005 2513 cum
1059 2413 1129 2512 ille
1167 2416 1352 2554 impiam
1388 2419 1523 2558 Regis
1582 2420 1912 2524 inconstantiam

469 2605 519 2670 ac
553 2562 848 2664 detestandam
884 2554 1114 2657 libidinem
1145 2560 1275 2696 paulo
1323 2556 1495 2661 liberius
1532 2600 1609 2704 pet
1647 2562 1832 2665 libellum
1862 2608 1912 2665 e-

470 2706 615 2806 ditum
656 2737 860 2803 taxasset.

543 2855 756 2948 XXXIX.
832 2856 934 2962 Qua
967 2841 1050 2940 lata
1090 2841 1215 2983 lege,
1250 2842 1385 2986 legari
1418 2886 1598 2989 quoque
1637 2848 1757 2950 missi
1794 2880 1912 2970 sunt,

471 2990 550 3128 qui
577 3028 678 3087 eum
704 3028 755 3086 ex
779 2985 931 3124 Belgio
962 2984 1009 3081 in
1033 2985 1292 3086 Britanniam
1325 2989 1582 3091 deducerent
1605 3028 1685 3113 ,ut
1722 3034 1776 3092 eo
1806 3031 1915 3132 prae·

470 3165 618 3247 sente,
657 3129 736 3267 qui
766 3125 988 3235 Pontificis
1021 3127 1212 3227 Maximi
1259 3129 1478 3269 legatione
1515 3172 1617 3233 cum
1660 3136 1916 3274 amplissima

470 3305 681 3413 potestate
713 3265 960 3409 fungeretur
997 3271 1124 3401 (jam
1171 3268 1290 3369 enim
1328 3269 1415 3371 hoc
1464 3268 1600 3374 fuerat
1649 3280 1916 3419 evulgatum)

471 3442 597 3517 causa
621 3410 865 3552 Religionis
904 3408 1181 3511 commodius
1209 3445 1484 3514 tractaretur.
1512 3429 1583 3516 De
1616 3422 1918 3549 cujus‘adven·

472 3593 522 3658 tu
549 3594 651 3656 cum
695 3591 801 3655 esset
836 3554 1130 3672 nuntiatum,
1166 3552 1393 3693 pontifices
1432 3595 1712 3699 proceresque
1761 3599 1807 3661 et
1839 3573 1919 3663 Re·

475 3699 539 3840 gii
575 3696 855 3816 Consiliarii‚
891 3696 1128 3799 conscensis
1156 3695 1358 3835 scaphis,
1385 3692 1630 3838 frequentes
1666 3702 1850 3805 obviarn
1887 3700 1920 3803 ei

474 3875 770 3981 processerunt
806 3913 823 3962 ,
857 3839 936 3979 qui
978 3837 1175 3940 navicula
1211 3877 1337 3939 cruce
1369 3918 1385 3960 ‚
1417 3844 1541 3980 quod
1593 3881 1655 3944 est
1706 3845 1918 3946 Pontificis

470 3982 669 4084 Maximi·
694 3982 935 4123 legatorum
962 3980 1132 4122 insigne
1174 4057 1188 4096 ,
1220 3985 1494 4083 antecedente
1525 3984 1795 4094 velrebaturr
1823 3989 1920 4128 quin

471 4127 601 4225 etiam
636 4135 732 4227 Rex
767 4124 858 4264 ipse
889 4198 905 4241 ,
939 4159 1116 4263 accepto
1155 4127 1309 4224 nuntio
1343 4202 1359 4244 ‚
1401 4127 1525 4267 quod
1568 4131 1815 4231 Cardinalis
1867 4130 1920 4225 ad

471 4305 697 4407 pontem,
739 4305 832 4405 quo
861 4264 1056 4366 Tamesis
1089 4265 1389 4406 praeterfluens
1426 4267 1580 4369 urbem
1616 4272 1776 4372 fluvius
1804 4307 1923 4369 com-

470 4411 691 4526 mittitur,
728 4409 806 4510 ubi
846 4443 935 4506 erat
961 4408 1008 4509 in
1047 4443 1199 4509 terram
1226 4409 1534 4534 descensurus,
1570 4415 1770 4536 adesset,
1789 4412 1926 4513 omis-

471 4589 520 4649 so
558 4551 730 4690 incepto
761 4551 976 4692 prandio,
1008 4549 1189 4654 obviam
1228 4551 1460 4691 prodivit,
1493 4594 1542 4653 ac
1587 4556 1739 4694 ipsum
1775 4557 1926 4656 huma·
1947 4635 1964 4657 *-

470 4691 645 4794 nissime
680 4729 830 4833 aperto
865 4694 1005 4838 capite
1056 4728 1238 4801 etcum
1273 4735 1432 4838 magna
1485 4696 1827 4802 benevolentiae
1856 4698 1928 4796 de-

1846 4839 1928 4936 cha
