4124 5880
545 426 784 511 canoni
825 427 877 510 v.
920 428 1040 510 tm.
1087 434 1233 515 xvrr.
1517 453 1572 541 35

143 580 387 729 procedit,
427 620 470 684 et
512 581 659 723 ipsum
693 585 906 686 Nicaeam
947 623 1086 724 usque
1122 585 1325 689 deducit.
1374 589 1440 692 sic
1485 595 1607 700 enim

127 734 255 863 ⁸Inter
292 730 448 873 ipsos,
489 731 666 829 volente
698 729 861 830 Carolo
898 726 1136 830 Sabaudiae
1171 741 1336 855 Duce,
1385 737 1602 841 constitu·

139 911 235 976 tum
285 911 420 992 erat,
459 909 509 972 ut
552 882 713 973 Caesar
757 912 862 973 curn
911 872 997 973 suis
1049 873 1106 973 ad
1157 874 1517 985 Villamfrancam
1554 922 1598 987 et

139 1028 320 1121 Portum
341 1016 541 1117 Herculis
561 1095 573 1137 ,
593 1017 747 1118 Paulus
765 1018 957 1119 Nicaeae
984 1020 1177 1118 duorum
1200 1022 1377 1125 ¹citcitet
1406 1026 1610 1130 millium·

138 1162 368 1266 mtervallo
402 1160 677 1281 consideret,
705 1162 748 1261 et
780 1160 830 1261 in
863 1200 959 1263 arce
990 1161 1303 1300 diversaretur.
1343 1170 1425 1268 Sed
1457 1180 1596 1272 Caro·

137 1307 202 1410 lus
233 1320 339 1412 Dux
376 1347 403 1406 a
435 1317 591 1450 Rege,
611 1340 661 1408 ut
693 1305 911 1407 creditum
945 1340 1039 1424 est,
1061 1342 1230 1408 mutata
1264 1307 1313 1408 in
1344 1310 1489 1451 ipsum
1515 1353 1595 1415 νο·

137 1452 337 1573 luntate,
371 1488 415 1553 et
453 1451 608 1553 omnia
640 1489 792 1553 cavere
824 1450 1000 1552 volente
1031 1446 1319 1574 subornatus,
1354 1458 1594 1596 quominus

136 1638 233 1701 arce
262 1595 521 1699 Pontificem
555 1594 795 1738 reciperet,
828 1593 1104 1738 tergiversati
1140 1595 1287 1738 coepit
1321 1597 1458 1698 causis
1494 1603 1596 1743 qui⁴

136 1740 359 1862 busdam,
397 1776 440 1842 et
477 1740 528 1843 iis
565 1778 646 1840 nec
666 1741 669 1746 ’
681 1738 887 1881 gravibus
924 1778 1007 1839 nec
1048 1735 1391 1881 probabilibus,
1433 1743 1588 1848 illatis.

135 1892 258 1988 Nam
290 1924 393 1986 cum
427 1884 572 1986 lilium
604 1881 783 1986 haberet
816 1920 1033 2027 puerum,
1069 1885 1120 1985 in
1153 1924 1251 1987 eam
1283 1926 1465 2029 quoque
1492 1930 1592 1992 cau-

133 2069 227 2133 sam
262 2029 520 2150 descendit,
557 2064 607 2129 ut
641 2067 685 2129 se
718 2069 744 2128 a
776 2028 903 2147 suis,
943 2027 1023 2169 qui
1062 2067 1166 2131 cum
1200 2029 1293 2132 filio
1330 2071 1472 2135 arcem
1512 2074 1592 2134 oc-

131 2211 364 2318 cupassent
399 2252 414 2294 ,
451 2171 659 2316 impediri
690 2171 854 2274 diceret
887 2246 903 2293 ,
938 2211 1019 2274 nec
1052 2169 1109 2272 ab
1146 2214 1198 2274 ea
1240 2176 1454 2277 sententia
1495 2176 1592 2279 ullis

128 2357 209 2422 aut
244 2314 472 2464 precibus,
495 2353 569 2420 aut
600 2313 763 2418 acerbis
791 2314 1200 2418 denuntiationibus
1238 2355 1282 2419 et
1320 2321 1463 2422 verbis
1500 2331 1591 2422 Ca-

125 2464 221 2566 roli
257 2463 453 2568 Caesaris
485 2461 641 2565 deduci
679 2460 870 2604 potuit,
911 2496 1007 2561 rem
1041 2461 1343 2564 molestissime
1383 2462 1590 2592 ferentis,

111 2629 176 2710 'et
210 2646 339 2710 suam
371 2606 537 2726 fidem,
571 2645 708 2748 quam
727 2602 949 2708 ‚Pontifici
984 2605 1040 2704 de
1071 2643 1166 2706 arce
1204 2607 1415 2728 dedisset,
1455 2609 1590 2710 Ducis

113 2749 427 2858 inconstantia
460 2789 553 2852 non
583 2747 757 2852 liberati
791 2746 1060 2891 indignantis
1097 2788 1141 2851 et
1174 2750 1512 2892 expostulantis.

207 2909 322 2999 XIII.
394 2906 501 2998 Hoc
536 2890 739 2998 Pontifex
773 2893 1155 3015 animadvertens,
1190 2893 1397 3037 Ducique
1433 2895 1590 3017 iratus,

105 3081 187 3144 ne
225 3041 446 3183 oppidum
483 3040 666 3183 quidem
693 3037 937 3159 Nicaeam,
959 3035 1037 3137 ubi
1064 3038 1223 3140 domus
1251 3040 1336 3182 ipsi
1353 3040 1355 3045 ’
1370 3075 1461 3140 erat
1498 3078 1591 3142 ma-

103 3185 294 3328 gnifice
328 3185 384 3285 ad
421 3184 732 3287 diversandum
756 3220 964 3325 apparata
999 3218 1041 3283 et
1074 3183 1309 3304 instructa,
1330 3182 1474 3286 subite
1511 3223 1591 3286 vo⁴

100 3330 260 3439 luit3
301 3330 376 3430 sed
414 3328 504 3470 ipse
546 3330 604 3429 ad
638 3329 1023 3429 Franciscanotum
1072 3324 1342 3429 coenobium
1384 3325 1593 3429 suburba-

103 3513 274 3595 num,
309 3472 562 3576 Cardinalcs
599 3472 882 3614 reliquusque
923 3472 1161 3573 comitatus
1198 3470 1432 3573 necessario
1477 3472 1592 3572 intra

98 3619 312 3721 snoenia
353 3619 650 3719 divertemnt.
696 3625 878 3716 Postero
920 3616 993 3715 die
1029 3616 1276 3718 Alexander
1310 3614 1591 3733 Caesarium,
1633 3663 1641 3674 ·

100 3795 179 3863 et
214 3760 412 3898 Jacobus
447 3762 671 3864 Sadoletus
706 3761 1042 3900 Alexandetque
1085 3760 1301 3862 Famesius
1343 3759 1592 3860 Cardinales

104 3899 278 4005 officii
312 3907 612 4048 salutandique
654 3903 793 4070 gratia
828 3904 884 4004 ad
920 3907 1133 4007 Carolum
1177 3902 1448 4006 aPontifice
1485 3902 1594 4001 mis·

111 4045 204 4158 sit
244 4053 490 4194 eodemque
526 4051 598 4151 die
653 4090 704 4152 m
739 4047 1133 4192 postmeridianum
1183 4048 1422 4149 inclinante
1455 4057 1594 4145 Cato·

115 4188 200 4291 Ius
236 4197 480 4296 conscensis
516 4191 700 4298 navibus
735 4198 875 4329 (nam
905 4192 1089 4335 pedibus
1126 4185 1317 4295 difficilis
1345 4226 1408 4290 est
1443 4225 1487 4289 et
1523 4229 1593 4288 as⁴
1642 4190 1646 4197 ’

117 4364 231 4464 pera
262 4338 363 4474 via)
403 4341 459 4442 ad
487 4337 748 4440 Pontificem
784 4338 933 4439 venit.
971 4333 1203 4455 Pontifex,
1236 4334 1477 4475 praemissis
1513 4332 1594 4435 ob·
1692 4330 1696 4338 ⁵

124 4474 290 4623 viam,
330 4484 411 4625 qui
446 4485 653 4603 aderant,
679 4480 1017 4602 Cardinalibus,
1050 4484 1144 4621 ipse
1179 4479 1291 4578 intra
1326 4476 1596 4579 coenobium

122 4648 292 4750 parum
337 4666 586 4771 progressus
631 4624 918 4768 exspectavit.
955 4631 1079 4726 Tum
1113 4620 1297 4765 uterque
1344 4661 1442 4764 post
1486 4624 1597 4723 ado-

125 4769 351 4872 rationem
405 4810 449 4872 et
497 4772 803 4873 salutationem
852 4806 1108 4871 consuetam
1144 4847 1157 4889 ,
1202 4767 1394 4869 aturba
1430 4846 1444 4888 ,
1487 4805 1599 4906 quae

1135 4923 1213 5014 Ea
1508 4944 1606 5005 ma*
