4110 5888
478 389 554 462 LII.
931 359 1436 447 SUMM'IIRIUM.

453 506 589 620 iniuriis
619 505 780 602 modum
809 496 919 584 faciat
936 561 948 602 ,
964 522 1003 584 et
1032 496 1161 582 exerei-
1217 497 1304 583 dem
1342 518 1536 580 conventu
1577 486 1781 578 Mauricius
1825 487 1925 583 Ger-

455 649 539 715 tum
573 627 611 710 ln
650 655 755 718 suam
789 618 952 704 Galliam
986 616 1163 701 reducat.
1218 612 1362 702 maniae
1394 611 1650 697 conditionem
1674 609 1870 726 deplorat,
1886 641 1926 701 et

531 733 667 827 XXV.
741 735 928 823 Martinus
965 738 1165 819 Rossemus
1219 732 1330 819 tantis
1368 730 1470 816 malis
1508 726 1716 816 remedium
1759 730 1926 818 adhiberi

456 862 619 947 Galliam
652 857 809 973 Regiam
843 881 908 966 pet
953 881 1038 936 eam
1085 879 1167 964 par·
1221 850 1410 967 postulat.

456 1006 557 1084 tem,
574 1006 672 1095 quae
701 974 887 1056 Picardia
918 969 1078 1073 dicitur,
1104 969 1165 1053 de·
1302 972 1430 1055 XXX.
1510 969 1703 1057 Fraxineus
1769 997 1926 1085 quoque

458 1121 609 1200 vastat,
643 1123 724 1208 quo
770 1087 905 1174 nuntio
947 1111 986 1171 et
1038 1083 1170 1169 Princi·
1222 1089 1376 1175 Henrici
1407 1086 1517 1202 Regis
1541 1088 1685 1203 legatus
1719 1086 1767 1170 de
1799 1090 1928 1174 Caroli

457 1245 551 1329 pum
581 1239 766 1295 consensu
796 1202 1042 1317 Mauriciique
1073 1202 1164 1286 litte
1223 1207 1336 1323 Regis
1381 1204 1514 1317 injuriis
1547 1203 1641 1320 Regi
1684 1234 1754 1288 suo
1795 1204 1925 1313 illatis,

460 1332 508 1416 ris
539 1352 754 1415 commotus
784 1320 971 1408 Henricus
1006 1325 1087 1406 Rex
1122 1321 1173 1404 ab
1224 1325 1273 1408 de
1289 1323 1513 1408 Germaniae
1538 1321 1705 1407 libertate
1734 1344 1774 1407 et
1797 1323 1846 1407 de
1860 1354 1924 1438 pa-

459 1446 611 1563 iueepto
640 1444 803 1531 desistit.
1225 1469 1267 1527 ce
1296 1441 1401 1558 plura
1438 1440 1600 1525 disserit.

520 1568 670 1650 XXVI.
730 1565 910 1646 Ceterum
944 1561 994 1646 ad
1023 1560 1171 1644 Mauri-
1282 1561 1425 1643 XXXI.
1485 1557 1548 1643 Ad
1580 1556 1678 1641 hanc
1719 1558 1929 1646 orationem

460 1685 561 1767 cium
585 1683 639 1768 de
663 1681 762 1794 pacis
788 1679 1063 1764 conditionibus
1086 1706 1173 1760 cum
1224 1678 1407 1764 Fernandi
1421 1676 1533 1792 Regis
1549 1696 1835 1792 conventusque
1858 1707 1929 1762 no

460 1800 605 1884 Catulo
639 1802 799 1882 Caesare
829 1795 1010 1911 agitandis
1050 1794 1175 1907 exqui·
1226 1796 1326 1880 mine
1351 1796 1561 1908 responsio,

459 1941 611 2003 rentem>
640 1936 859 2032 arroganter
891 1911 1076 1997 rescribit.
1112 1910 1175 1996 Ad
1286 1916 1446 1997 XXXII.
1504 1911 1610 1996 Idem
1639 1913 1720 1994 Rex
1747 1911 1797 1995 ad
1818 1914 1933 1999 Mau·

460 2033 673 2148 Principum
734 2058 891 2147 quoque
949 2027 1176 2146 legationem
1227 2029 1301 2118 ricii
1345 2028 1530 2146 postulata
1575 2026 1735 2145 graviter
1779 2051 1818 2112 et
1849 2060 1931 2146 per·

458 2153 686 2267 respondet.
1230 2150 1353 2264 spicue
1378 2145 1596 2263 respondet.

525 2272 685 2354 XXVII.
746 2273 817 2355 Hrs
851 2271 946 2353 datis
973 2268 1175 2383 responsis,
1287 2269 1466 2351 XXXIII.
1511 2263 1774 2380 Indignantem
1802 2289 1933 2353 tamen

463 2412 573 2473 tetro
606 2411 725 2470 eastra
765 2408 926 2487 movet,
959 2386 1075 2469 etad
1103 2390 1177 2466 Lu·
1230 2385 1455 2469 Mauricium
1468 2445 1480 2488 ,
1495 2382 1604 2497 quod
1635 2385 1848 2498 Lantgravii
1873 2416 1930 2470 so

465 2505 714 2619 cembutgum
748 2501 893 2586 delatus
937 2529 1070 2617 agrum
1109 2531 1178 2613 po·
1231 2502 1303 2585 ceri
1327 2501 1493 2586 liberatio
1507 2494 1696 2583 differantr
1710 2561 1722 2604 ,
1738 2503 1934 2613 separatim

465 2621 589 2736 pulati·
616 2649 660 2702 ac
689 2617 855 2704 aedilicia
882 2617 1079 2702 incendere
1095 2644 1176 2728 pcr-
1234 2618 1454 2734 alloquitur.
1486 2615 1673 2700 Villacum
1701 2617 1826 2730 itaque
1850 2648 1936 2732 pro⁴

467 2739 542 2852 git.
594 2743 778 2822 Rossemo
813 2736 932 2820 domo
976 2734 1176 2842 redeunte,
1233 2766 1374 2854 gressus
1421 2733 1607 2823 Mauricio
1668 2735 1851 2840 veniam,
1897 2760 1939 2821 et

459 2854 593 2970 copias
625 2861 707 2939 Rex
753 2854 925 2939 dimittit.
974 2851 1177 2936 Mauricius
1233 2855 1447 2973 Lantgravii
1485 2851 1794 2943 liberationema
1834 2855 1938 2940 Cae·

469 3000 566 3056 vero
596 2996 635 3054 et
648 2972 867 3056 Guilielmus
889 2968 1178 3084 Oensprucbum
1233 3001 1311 3058 sare
1343 2977 1538 3088 impetrat.

470 3117 606 3173 versus·
645 3089 697 3172 ad
738 3087 920 3171 Carolum
958 3114 1024 3198 per
1065 3085 1178 3198 Alpes
1291 3090 1476 3175 XXXIV.
1535 3095 1634 3176 Inter
1655 3090 1748 3175 haec
1763 3088 1938 3178 Albettus‘

471 3205 671 3291 exercitum
700 3229 961 3305 conuertturt,
989 3228 1028 3286 et
1056 3230 1182 3285 arcem¹
1232 3208 1571 3327 Brundeburgensis
1604 3209 1805 3324 regiones,
1837 3237 1937 3324 quae

471 3324 707 3438 Erebergum
730 3322 887 3435 Alpium
916 3318 1091 3436 angustiis
1111 3319 1183 3405 im-
1232 3328 1391 3412 suntad
1413 3330 1591 3411 Rhenum-
1616 3324 1936 3429 fluvium,incur·

470 3439 633 3554 positam
656 3438 861 3553 recipiunt.
1234 3443 1395 3530 sionibus
1441 3441 1610 3529 infestare
1651 3473 1732 3528 non
1776 3442 1914 3530 desistit
1926 3490 1940 3528 .-

531 3559 710 3640 XXVllI.
767 3559 878 3650 Quo..
907 3556 1061 3672 cognito
1101 3560 1181 3641 Ca·
1234 3563 1392 3647 Carolus
1436 3562 1490 3646 ira
1544 3561 1712 3676 odioque
1777 3557 1939 3677 flagrans

469 3673 574 3758 rolus
604 3673 743 3787 raptim·
768 3677 1019 3786 Oensprucho
1068 3673 1184 3760 disce·
1234 3708 1317 3763 non
1358 3705 1438 3765 tam
1481 3680 1520 3763 in
1554 3679 1745 3764 seditiosos
1784 3682 1941 3765 Germa·

470 3792 566 3904 dens
599 3791 783 3875 Villacurn
826 3790 991 3875 celeriter
1027 3818 1184 3879 conten·
1236 3825 1333 3904 nos,
1364 3826 1481 3913 quam
1529 3796 1566 3880 in
1611 3796 1817 3881 Galliarum
1867 3803 1942 3884 Re-

471 3908 546 3993 dit.
583 3909 786 3992 Mauricius
824 3907 1050 4022 paulopost
1081 3912 1186 3993 Oen·
1237 3943 1356 4030 gem,
1381 3943 1513 3998 manus
1559 3941 1605 3996 ex
1634 3911 1813 4026 Hispania
1853 3941 1943 4000 cum

470 4026 672 4142 spruchum
699 4026 812 4110 intrat
836 4087 848 4130 ,
872 4023 1023 4139 ejusque
1072 4027 1186 4111 rebus
1237 4032 1396 4144 pecunia
1419 4052 1626 4146 exspectat.
1664 4030 1834 4146 Philippo
1865 4031 1943 4119 lilio

471 4144 627 4259 direptis.
644 4142 685 4228 in
701 4142 943 4229 Germaniam
956 4142 1185 4230 Passaviutu·
1236 4175 1391 4261 paterna
1422 4148 1516 4261 jussa
1547 4147 1739 4265 diligenter
1787 4150 1946 4236 admini-

469 4283 545 4380 que
580 4264 760 4349 reuertit.¹
1236 4288 1410 4371 strante,
1443 4265 1598 4350 militum
1629 4296 1760 4352 manus
1790 4267 1943 4351 confici-

482 4417 486 4425 ’
532 4383 700 4469 XXlX.
756 4383 907 4469 Eodem
948 4380 1184 4467 conveniunt
1235 4405 1297 4466 rur
1313 4446 1326 4489 ,
1342 4409 1381 4469 et
1396 4384 1585 4469 Malacam
1613 4385 1769 4468 mittitur
1795 4385 1848 4469 ad
1869 4391 1944 4469 An·

466 4504 547 4587 Rex
581 4499 797 4588 Fernandus
817 4563 836 4605 ,.
859 4498 1035 4586 Bavatiae
1066 4504 1181 4602 Dux,
1236 4501 1348 4586 dreae
1386 4503 1525 4587 Doriae
1556 4502 1735 4605 classem,
1760 4499 1945 4615 simulque

466 4618 673 4735 Carolique·
709 4643 749 4705 et
799 4616 1015 4701 Electorum
1049 4643 1092 4697 ac
1136 4614 1181 4696 ci·
1236 4616 1367 4730 signati
1398 4620 1540 4738 argenti
1569 4646 1706 4734 magna
1721 4618 1775 4705 vis
1797 4617 1940 4734 impot-

464 4737 630 4827 vitatum
656 4736 797 4855 legati,
834 4734 875 4824 in
903 4759 1070 4854 quorum
1097 4730 1179 4846 qui-
1234 4756 1359 4822 tatur.
1839 4853 1884 4940 CI

1885 4884 1942 4940 as·
