4170 5866
568 416 804 500 CAROLI
845 415 899 517 V,
941 415 1060 498 LlB.
1105 423 1198 502 xx.
1486 441 1568 531 ¹43

90 577 306 694 cendas
343 609 545 694 curaret,
584 575 704 715 ipse,
731 610 780 673 ut
815 575 974 717 longae
1012 614 1142 676 naves
1177 574 1507 718 Imperatoriam
1543 624 1613 684 as-

82 763 362 841 sectantes
400 719 605 820 onerariis
642 719 791 819 cereris
829 716 886 817 ab
924 756 1025 819 ortu
1062 720 1337 823 venientibus
1381 727 1501 828 idem
1544 724 1613 827 of-

28 900 33 908 ·
67 869 305 985 ficium
341 901 633 1008 praestarent,
672 863 907 965 duodecim
945 864 1114 966 circiter
1151 866 1343 969 millibus
1381 868 1437 967 ab
1475 877 1610 1014 Arge-

61 1027 207 1124 lia
244 1008 554 1155 promontorio
607 1010 856 1128 successit,
907 1011 1030 1148 quod
1066 1013 1311 1140 Metcfirsum
1360 1013 1609 1153 appellant.

67 1158 306 1264 T‘crtio
344 1156 414 1255 die
452 1192 586 1295 quam
623 1154 807 1253 Carolus
855 1156 1113 1296 appulerat,
1148 1193 1278 1253 naves
1325 1151 1413 1256 fere
1448 1155 1617 1261 Italicae

72 1302 206 1403 ad
241 1301 390 1440 ipsum
427 1336 761 1417 convenerunt,
795 1335 891 1398 tum
935 1299 1036 1398 loco
1081 1296 1328 1400 subidoneo
1371 1297 1428 1398 ab
1464 1300 1616 1444 Arge·

71 1445 198 1543 lia
228 1483 413 1584 pasuum
451 1481 556 1544 octo
585 1439 776 1542 millibus
812 1444 972 1543 milites
1008 1479 1109 1542 ante
1147 1444 1408 1563 meridiem,
1450 1446 1617 1588 Hispa-

69 1588 150 1683 ni
239 1589 471 1729 primunr,
509 1587 665 1702 deinde
715 1587 847 1686 ceteri
900 1589 1250 1707 descenderunt,
1285 1630 1398 1730 quos
1451 1589 1619 1731 longae·

65 1765 275 1830 naves
314 1770 356 1834 et
392 1729 574 1871 scaphae
611 1771 663 1829 cx
699 1731 905 1830 onerariis
942 1769 1145 1872 exceptos
1181 1734 1230 1834 in
1285 1771 1446 1834 terram
1497 1730 1612 1836 defc-

61 1908 124 1968 τε
137 1871 336 1984 bant3
378 1877 481 2017 equi
520 1876 728 2015 perpauci
765 1874 989 2015 expositi5
1026 1874 1295 1978 cibariorum
1331 1916 1375 1979 et
1411 1914 1616 1980 tormen⁴

59 2052 295 2120 totum
333 2018 568 2125 nonnihil;
610 2018 756 2159 copias
792 2019 976 2121 Carolus
1025 2022 1119 2121 acie
1168 2023 1378 2124 instructa
1427 2023 1613 2164 propius

56 2165 376 2306 Argeliam
412 2160 585 2265 duobus
635 2202 840 2304 passuum
890 2163 1083 2266 millibus
1134 2168 1347 2287 deduxit,
1385 2203 1429 2266 er
1479 2202 1613 2268 castra

51 2303 155 2397 'ad
236 2305 413 2408 fontem
451 2310 569 2448 large
606 2345 858 2411 manantem
887 2310 1093 2450 collisque
1130 2312 1293 2409 radices
1332 2308 1510 2452 posuit,
1532 2310 1612 2448 qui

63 2447 267 2553 collis
304 2449 449 2552 falcati
486 2452 643 2552 littoris
680 2454 875 2554 aemulus
910 2492 1010 2552 curn
1048 2495 1102 2553 eo
1136 2454 1214 2553 diu
1242 2455 1334 2592 pari
1370 2491 1612 2594 propemo-

67 2583 251 2741 (lum
291 2598 523 2698 intervallo
573 2596 727 2697 relicto
780 2638 807 2697 a
857 2597 1062 2738 proximo
1110 2599 1426 2739 promontorio
1463 2607 1612 2738 Arge<

71 2726 253 2842 llam
290 2783 430 2884 usque
466 2743 685 2843 decurrit.

52 2900 55 2905 ’
188 2893 324 2987 XV.
399 2897 505 2986 Hoc
556 2887 626 2986 die
679 2884 807 2985 multi
856 2888 1084 2988 Nomades
1136 2886 1314 2991 diversis
1366 2886 1472 2987 locis
1523 2926 1612 2984 sese

83 3033 478 3149 ostenderunt,
502 3031 582 3170 qui
618 3029 844 3170 catapultis
881 3070 924 3131 et
961 3033 1192 3174 scloppetis
1228 3070 1389 3172 agmen
1431 3067 1611 3128 nostro-

84 3193 275 3294 turn,
311 3176 498 3318 quidam
537 3174 671 3274 etiam
699 3171 1010 3317 obequitantes
1062 3172 1357 3294 lacessebant,
1394 3173 1613 3273 vicissim-

91 3338 231 3456 que
271 3358 297 3416 a
333 3318 492 3420 nostris
527 3315 864 3450 jaculatoribus,
896 3357 939 3419 et
976 3361 1027 3419 ex
1063 3320 1207 3461 longis
1244 3316 1459 3436 navibus,
1496 3355 1610 3455 quae
1667 3385 1668 3389 κ
1723 3426 1725 3429 ,

95 3440 265 3561 httus
303 3460 542 3603 legebant,
583 3499 908 3563 tormentorum
945 3464 1039 3566 telis
1074 3461 1423 3604 repellebantur3
1460 3461 1532 3561 sed
1569 3492 1612 3556 et
1653 3460 1659 3465 ’

100 3608 317 3733 equites
355 3605 559 3707 nonnulli
596 3647 648 3706 cx
684 3607 861 3748 Argelia
899 3610 1177 3749 eruptionem
1231 3602 1453 3711 fecerunt,
1490 3642 1611 3743 quo-

101 3772 233 3850 rum
274 3792 389 3852 unus
427 3751 619 3891 Hispani
655 3752 825 3892 generis
860 3747 1045 3893 perfuga
1080 3753 1193 3852 inter
1243 3750 1337 3848 leve
1387 3785 1611 3849 certamen

107 3878 285 3991 citato
332 3936 449 4034 equo
504 3896 560 3993 ad
611 3931 784 3994 nostros
837 3896 1062 3996 transivit.
1115 3907 1179 3994 Ex
1216 3893 1303 3992 hoc
1338 3894 1521 3993 Carolus
1558 3891 1611 3992 de

114 4035 366 4167 praesidio
414 4039 614 4183 Argeliae
654 4118 668 4158 ,
717 4040 842 4179 quod
892 4040 1012 4140 mille
1048 4047 1293 4139 Turcarum
1344 4073 1387 4136 et
1423 4045 1610 4136 Mauro·

117 4177 236 4278 rum
277 4217 471 4322 quatuor
512 4182 703 4281 millium
755 4218 846 4282 crat
865 4261 880 4303 ,
919 4220 962 4284 ct
997 4221 1207 4326 apparatu
1260 4175 1609 4280 munitionibus*

6 4315 13 4443 l
126 4353 230 4458 que
268 4325 513 4466 cognovit.
551 4328 724 4426 Eodem
761 4329 832 4425 die
860 4326 1056 4427 Albanus
1091 4341 1404 4465 Suessanusque
1439 4335 1608 4452 Duces,

138 4492 188 4567 et
224 4469 298 4568 alii
333 4465 424 4569 fere
463 4509 659 4612 proceres
695 4511 746 4568 ex
783 4468 998 4607 Hispania
1039 4468 1246 4584 advecti,
1282 4466 1331 4566 in
1367 4500 1522 4568 terram
1559 4507 1608 4563 e-

144 4612 279 4757 gressi
314 4648 449 4733 sunt,
487 4651 530 4715 et
566 4606 780 4715 Carolum
817 4614 947 4712 secuti
977 4654 992 4730 3
1032 4649 1134 4712 nam
1172 4609 1291 4710 bona
1328 4647 1423 4750 pars
1460 4609 1516 4709 ad
1551 4619 1610 4708 E·-

156 4757 308 4867 busun
344 4758 568 4882 insulam,
588 4759 749 4863 relictis
786 4758 991 4862 onerariis
1002 4756 1085 4879 ,in
1120 4756 1273 4898 longas
1309 4793 1440 4857 naves
1476 4788 1608 4910 trans·

1542 4928 1608 4992 re-
