4110 5888
469 375 575 450 XXX.
926 361 1435 439 SUMMARIUM.

448 492 485 584 le
511 491 722 582 Concilium
751 485 1043 578 Ecclesiasticum
1077 485 1161 573 Tri-
1208 513 1296 601 ceps
1328 479 1387 577 ’ἀς
1434 483 1543 573 onuii
1585 483 1771 602 pensione·
1813 511 1925 573 recu-

446 615 554 706 ,denti
582 611 847 700 celebrandum
891 606 1036 693 indicit.
1086 609 1156 691 Ca·
1213 627 1291 699 sat.
1583 616 1584 619 ‘

449 733 550 820 tolus
598 735 638 817 in
687 727 904 844 Hispaniam
943 724 1091 829 scribit„
1120 744 1164 811 ut
1396 731 1511 825 LIB,
1547 730 1670 825 XXI
1683 731 1744 825 V,

449 850 624 966 Episcopi
653 866 788 934 omnes
811 842 927 929 itineri
956 873 1031 929 sese
1061 871 1162 928 com·
1215 924 1216 927 t

449 993 582 1084 parent
616 996 628 1071 3
659 989 780 1051 certos
819 991 911 1048 vero
942 959 1164 1046 nominatim
1276 965 1305 1046 I.
1373 922 1571 1047 CArolus
1602 985 1650 1044 ex
1672 956 1805 1077 Belgio
1838 990 1926 1076 pto-

450 1087 653 1198 adscriptos
681 1081 804 1168 statim
819 1079 1045 1166 Tridentum
1073 1108 1164 1195 pro-
1220 1074 1338 1166 fectus
1383 1079 1654 1183 Ratisbonam,
1690 1107 1771 1193 quo
1810 1081 1947 1169 totius

456 1202 564 1289 ficisci
591 1199 786 1316 praecipit.
1218 1198 1444 1283 Germaniae
1475 1197 1685 1282 Concilium
1720 1195 1927 1305 indixerat,

469 1402 471 1407 Α
512 1324 611 1405 XLI.
676 1315 799 1402 Maria
835 1313 989 1429 Philippi
1026 1311 1165 1399 Princi-
1213 1318 1404 1428 pervenit.
1437 1315 1620 1402 Saxoniae
1636 1319 1752 1418 Dux,
1771 1315 1928 1402 Hessiae

453 1437 510 1554 pis
562 1464 657 1521 uxor
694 1432 874 1519 Valdoliti
906 1431 1021 1517 filiurn
1065 1431 1162 1537 edit3
1212 1434 1492 1551 Lantgravius,
1530 1437 1670 1518 Comes
1714 1432 1923 1540 Palatinus,

454 1557 516 1640 cui
563 1582 705 1638 nomen
747 1550 888 1637 Carolo
933 1549 1164 1665 imponitur.
1218 1556 1385 1668 Duxque
1410 1549 1728 1668 Vitemburgensis
1759 1550 1808 1637 ad
1824 1554 1926 1638 Con·

456 1671 637 1784 Ejusdem
661 1670 805 1755 Mariae
829 1669 983 1773 obitus,
1012 1664 1164 1773 funera,
1215 1669 1339 1755 cilium
1366 1699 1405 1756 se
1436 1665 1605 1755 conferre
1641 1665 1830 1754 recusant.

457 1815 498 1876 et
526 1795 735 1874 Granatam
762 1787 811 1873 ad
835 1811 1082 1872 monumenta
1097 1789 1167 1873 Re·
1273 1794 1317 1872 II.
1378 1788 1559 1874 Saxoniae
1594 1791 1711 1892 Dux,
1742 1811 1782 1872 et
1816 1791 1924 1873 Lant-

359 1940 360 1944 ‘
457 1909 521 2025 gia
545 1907 755 1992 translatio.
1218 1906 1366 2022 gravius
1397 1904 1649 2013 Smelchaldici
1687 1900 1845 1991 foederis
1875 1901 1926 1991 fa·

533 2029 651 2110 XLII.
724 2022 913 2138 Philippus
962 2021 1001 2107 in
1044 2021 1166 2108 Abro
1213 2024 1334 2109 ciendi
1362 2049 1532 2109 auctores
1558 2021 1672 2107 fiunt.

383 2240 385 2244 ,
458 2142 562 2272 gium
588 2141 910 2229 Franciscanorum
921 2141 1168 2245 coenobium,
1274 2147 1336 2226 III.
1395 2142 1484 2249 Eius
1541 2136 1699 2225 foederis
1741 2139 1928 2226 conditio·

456 2259 596 2346 luneris
627 2287 666 2345 et
681 2260 935 2374 exsequiarum
960 2287 1049 2342 cura
1064 2264 1167 2344 Prae·
1215 2287 1301 2344 nes.
1342 2260 1492 2355 Quibus
1513 2253 1634 2343 ‘fretus
1667 2259 1915 2374 Lantgravius

457 2378 909 2490 sulibusProceribusque
925 2376 1170 2481 demandata,
1216 2377 1425 2461 Henricum
1481 2381 1629 2460 Ducem
1680 2376 1922 2465 Brunsvicen·

457 2496 596 2581 secedit
631 2556 645 2600 ,
679 2520 719 2581 et
764 2523 904 2609 paucos
951 2518 1036 2608 post
1092 2495 1169 2580 dies
1217 2523 1295 2579 sem
1321 2494 1529 2609 principatu
1544 2491 1700 2607 spoliat,
1729 2518 1770 2579 et
1795 2494 1930 2609 suppli-

458 2611 694 2698 Valdolitum
733 2612 846 2697 redit.
884 2616 1050 2727 Joannes
1094 2616 1170 2696 Ta·
1216 2640 1299 2697 cem
1327 2613 1378 2698 ad
1409 2613 1529 2727 ipsum
1554 2610 1767 2699 venientem
1797 2629 1921 2698 custo-
1961 2628 1963 2632 ’

459 2758 550 2818 vera
578 2729 781 2817 Cardinalis
820 2730 958 2816 morbo
1004 2728 1171 2815 absum-
1219 2729 1303 2816 diae
1329 2731 1464 2817 tradit.
1490 2730 1655 2816 Caesaris
1679 2728 1834 2844 imperio
1866 2758 1935 2817 ne·

459 2856 535 2934 tut.
1219 2847 1344 2964 glecto
1374 2912 1387 2956 ‚
1418 2848 1626 2935 Henricum
1668 2846 1846 2951 liberare,
1881 2849 1934 2934 ei·

529 2969 670 3050 XLIII.
743 2964 921 3077 Ejusdem
966 2964 1172 3051 Cardinalis
1221 2967 1385 3081 demque
1429 2965 1678 3085 principatum
1741 2966 1933 3054 restituere

460 3085 616 3182 Caesari
647 3083 884 3198 acceptissimi
909 3082 1064 3189 laudes,
1090 3113 1174 3168 mu·
1225 3084 1368 3173 tenuit.
1470 3098 1472 3103 '

460 3227 550 3286 nera
566 3263 578 3307 ‚
595 3224 634 3286 et
659 3201 697 3285 in
720 3201 925 3286 condendo
972 3200 1022 3287 ad
1054 3200 1174 3289 Tole·
1280 3206 1348 3288 IV.
1398 3208 1450 3289 In
1489 3200 1748 3287 Ratisbonetui
1791 3202 1929 3289 Conci-

461 3340 546 3405 tum
578 3318 832 3405 Xenodochio
859 3317 1071 3405 liberalitas.
1221 3316 1273 3405 lio
1302 3320 1391 3407 nihil
1435 3322 1575 3436 pium,
1611 3319 1702 3404 nihil
1741 3349 1874 3405 sanum
1909 3350 1936 3408 a

523 3437 663 3521 XLIV.
724 3436 883 3523 Carolus
926 3464 950 3519 a
994 3433 1174 3524 Pontifice
1222 3437 1349 3554 legatis
1381 3439 1579 3554 impetrat,
1594 3437 1836 3523 Germaniam
1849 3468 1934 3554 pae-

466 3553 639 3639 Maximo
684 3554 810 3668 petit,
841 3578 886 3650 ut
917 3554 1176 3670 Archiepisco-
1225 3585 1277 3640 ne
1308 3586 1464 3642 omnem
1499 3557 1714 3642 Lutherana
1744 3580 1847 3671 peste
1880 3556 1936 3642 in·

465 3696 558 3785 patu
583 3670 774 3758 Toletano
804 3701 870 3785 per
900 3671 1087 3756 Vicarium
1111 3672 1177 3759 ad·
1223 3673 1412 3779 ficiente;
1459 3675 1595 3789 quibus
1657 3675 1937 3790 indignitatibus

466 3788 673 3873 ministrato
705 3790 836 3904 reliqui
871 3789 1009 3875 reditus
1030 3789 1069 3874 in
1098 3790 1177 3883 bel·
1224 3793 1511 3909 Principumque
1558 3792 1727 3907 superbia
1767 3792 1939 3881 incensus

465 3902 590 3990 lorum
637 3906 812 3992 adversus
842 3911 984 3991 Turcas
1029 3933 1173 3994 sumtus
1225 3910 1334 3996 armis
1364 3941 1443 3997 tem
1474 3939 1602 4027 gerere
1632 3908 1847 3995 constituit.

465 4020 771 4137 impendantur3
812 4054 893 4140 quo
942 4052 1021 4111 non
1059 4026 1174 4141 impe·
1288 4031 1340 4115 V.
1401 4031 1502 4113 Vera
1551 4026 1636 4112 belli
1682 4055 1793 4114 causa
1839 4026 1939 4114 dissi·

467 4163 587 4247 trato,
603 4143 742 4255 Joanni
760 4142 928 4229 Martino
941 4142 1103 4253 Siliceo,
1132 4176 1172 4229 o·
1228 4144 1396 4250 mulara,
1422 4144 1521 4228 illam
1564 4144 1682 4230 solani
1726 4145 1764 4229 ln
1802 4146 1941 4262 vulgus

468 4259 569 4361 mnia
600 4259 699 4345 ultro
727 4257 905 4346 deferenti
933 4322 946 4366 ‚
977 4260 1077 4347 idem
1109 4262 1191 4347 Sa?
1227 4259 1403 4349 inferret
1434 4260 1621 4377 praeditat
1635 4262 1845 4376 Principum
1881 4293 1942 4350 ar·

465 4376 676 4461 cerdonum
689 4380 944 4465 mandandum
959 4405 1086 4465 curat.
1118 4380 1167 4464 Si-
1228 4381 1472 4499 rogandam,
1506 4404 1545 4468 et
1562 4381 1795 4493 Maiestatem
1820 4386 1936 4495 Impe·

465 4490 578 4578 IIceus
608 4495 829 4581 ducatorum
860 4527 1060 4583 aureorum
1074 4528 1173 4612 qua·
1230 4501 1404 4586 ratoriam
1439 4496 1673 4582 multifariam
1697 4497 1857 4582 laesam.

467 4611 632 4726 dragena
663 4613 770 4698 millia
795 4614 833 4698 in
871 4644 990 4698 annos
1021 4617 1172 4728 pendit,
1274 4621 1338 4700 VI.
1387 4616 1506 4701 Misso
1530 4616 1641 4732 igitur
1668 4621 1829 4700 Romam
1851 4618 1941 4703 Ma·

467 4753 599 4846 postea
617 4731 769 4850 triginta
790 4755 968 4841 tantum,
990 4734 1057 4823 secl
1072 4733 1177 4823 deiu-
1229 4733 1356 4825 drutio
1388 4735 1575 4824 Cardml
1597 4795 1610 4842 ,
1631 4733 1824 4852 Pauloque
1855 4740 1925 4840 III.

841 4882 844 4888 ’
1297 4938 1299 4942 ,
1870 4879 1938 4936 au·
