4124 5880
551 443 603 501 22
930 402 1015 502 ou
1064 420 1268 500 sursus
1317 414 1536 497 Gussrs

492 579 647 698 bavit,
690 578 771 749 qui
808 573 962 675 multis
1006 610 1227 714 praeterea
1277 564 1610 672 difficultatibus
1662 565 1968 698 afficiebatur,

376 844 380 852 Ι
490 761 669 868 anguste
705 734 796 855 jam
833 715 1162 860 suppetentibus
1214 712 1424 835 cibariis,
1450 755 1574 878 quae
1620 717 1785 858 partim
1826 720 1966 825 intet-

377 940 379 943 ·
493 906 672 1013 cepta
655 862 825 968 fuerant
861 864 917 964 ab
947 864 1124 962 Andtea
1157 860 1299 963 Doria
1312 857 1514 1002 ,partim
1550 869 1640 993 ejus
1676 861 1837 965 timore
1874 901 1966 968 tar
1995 914 1997 917 ’

488 1014 590 1114 data
603 1089 617 1136 ‚
656 1045 699 1109 et
732 1015 977 1108 Turcarum
1013 1004 1210 1108 obeam
1247 1044 1340 1106 rem
1353 1005 1613 1108 necessario
1651 1004 1850 1110 distentis
1885 1049 1963 1113 na

488 1154 647 1258 vibus.
704 1165 855 1292 Itaque
906 1148 1122 1252 affecta
1106 1190 1198 1284 yam
1233 1182 1424 1270 aestate,
1461 1149 1680 1309 simulque
1733 1190 1964 1279 metuens,

407 1420 408 1423 Ν
484 1340 583 1422 ne,
617 1297 802 1402 Venetis
839 1293 1022 1399 navibus
1079 1334 1184 1395 cum
1235 1330 1381 1394 nostra
1435 1293 1562 1396 cIasse
1612 1299 1858 1429 conjunctis
1916 1335 1962 1404 et

484 1439 897 1560 consentientibus,
940 1438 1150 1540 exercitus
1192 1436 1241 1537 in
1281 1435 1433 1537 hostili
1475 1475 1588 1539 terra
1632 1439 1959 1548 commeatibus

482 1585 829 1731 prohiberetur,
867 1584 1050 1706 statuit,
1080 1581 1243 1690 omisso
1279 1583 1329 1684 in
1365 1621 1557 1726 praesens
1604 1586 1755 1688 Italico
1802 1572 1960 1713 bello,

484 1774 605 1873 arma
655 1771 703 1831 m
744 1739 937 1831 Venetos
986 1724 1320 1894 Corcyramque
1369 1766 1625 1830 convertere
1659 1808 1675 1852 ,
1712 1770 1850 1875 quam
1903 1774 1957 1836 ex

482 1877 634 1983 itinere
671 1913 808 2015 parvo
845 1876 1053 2038 negotio.
1069 1873 1312 2016 expugnati
1350 1912 1475 2013 posse
1512 1874 1817 1977 existimabat

561 2026 704 2121 XXII.
793 2018 991 2122 Reversis
1041 2018 1177 2160 igitur
1228 2014 1415 2121 navibus
1471 2016 1681 2121 omnibus
1731 2017 1958 2165 rostratis,

479 2162 795 2304 Aulonemque
829 2161 1151 2305 compulsis,
1140 2162 1318 2304 imponi
1321 2158 1548 2266 militum
1597 2159 1781 2267 manum
1816 2167 1949 2303 Soly-

478 2347 629 2409 manus
665 2305 825 2444 jubet,
861 2344 905 2407 et
959 2310 1015 2411 ad
1051 2317 1331 2444 Corcyram,
1367 2316 1490 2440 cujus
1534 2348 1691 2451 agrum
1735 2308 1950 2414 Charadi-

477 2491 559 2552 nus
596 2488 762 2554 vastate
798 2489 1036 2595 coeperat,
1073 2454 1379 2594 occupandam
1426 2451 1739 2593 deportaris
1727 2494 1819 2597 tpse
1868 2492 1957 2596 pe·
1976 2526 1979 2529 -

478 2596 658 2697 destri
647 2597 803 2700 ttinere
839 2637 943 2698 cum
966 2596 1119 2699 ceteris
1156 2596 1298 2740 copiis
1334 2596 1494 2699 eodem
1529 2599 1786 2714 contendit,
1822 2634 1958 2741 atque

352 2819 358 2832 .
475 2784 526 2844 ex
560 2741 723 2843 insulae
759 2743 940 2886 regione
972 2740 1208 2845 consedit.
1243 2743 1318 2843 sed
1354 2742 1577 2844 convectis
1615 2743 1665 2845 in
1705 2758 1952 2882 Corcyram

474 2886 770 3026 expositisque
805 2886 1054 3010 militibus,
1090 2887 1230 2988 dum
1226 2885 1464 3027 oppidum
1506 2891 1636 2986 duces
1686 2925 1953 3048 oppugnare

474 3029 752 3149 moliuntur,
787 3067 988 3130 naturam
1039 2967 1130 3129 Ioci
1178 3030 1538 3155 considerantes,
1573 3065 1667 3130 tam
1720 3030 1951 3134 munitum

474 3171 523 3273 id
560 3213 647 3273 esse
683 3170 927 3314 operibus,
964 3210 1134 3275 ettam
1171 3171 1303 3273 firmo
1355 3102 1549 3276 militutit
1589 3172 1863 3316 praesidio,
1898 3210 1948 3276 et

477 3316 812 3457 oppidanorum
847 3356 1012 3420 armata
1048 3356 1186 3418 manu
1220 3317 1431 3420 custoditi
1466 3352 1745 3460 repererunt,
1773 3356 1822 3420 ut
1869 3358 1955 3480 pe-

477 3462 667 3563 ticulum
704 3497 842 3583 esset,
881 3501 937 3562 ne
973 3502 1036 3567 res
1071 3457 1224 3563 frustra
1260 3461 1572 3628 susciperetur.
1617 3475 1727 3583 Quo
1764 3463 1951 3564 nuntia-

479 3639 561 3725 to,
591 3606 876 3744 Solymanus,
898 3647 972 3708 cur
957 3604 1112 3707 ''ab
1101 3606 1231 3708 tuitio
1266 3647 1362 3710 rem
1396 3608 1443 3710 in
1479 3607 1688 3750 expedito
1723 3602 1818 3709 fore
1851 3645 1957 3749 per·-

476 3787 651 3853 suasum
699 3788 832 3875 erat,
865 3750 1225 3855 omittendam
1211 3789 1259 3853 tn
1315 3792 1511 3895 praesens
1562 3754 1953 3894 oppuonationem

473 3932 626 4016 ratus,
662 3897 847 4037 copias,
884 3897 1056 3997 vastatis
1093 3894 1243 4040 agris,
1280 3934 1324 3998 et
1360 3899 1545 3999 incensis
1583 3839 1837 4017 aedificiis,
1871 3899 1952 3997 de-

460 4039 579 4141 duci
614 4036 772 4174 jubet3
816 4042 936 4143 sed
924 4077 1070 4142 itaut
1107 4041 1247 4143 videti
1282 4041 1410 4143 veIIet
1443 4119 1458 4162 ,
1496 4040 1621 4182 quod
1656 4039 1828 4184 assequi
1864 4040 1952 4141 dc

474 4179 715 4325 sperabat,
749 4185 796 4288 id
833 4184 1000 4322 Jacobi
1032 4187 1206 4323 Canalis
1236 4261 1252 4305 ,
1287 4183 1367 4325 qui
1404 4223 1467 4284 res
1504 4194 1782 4290 Venetorum
1826 4188 1951 4325 apud

472 4329 620 4469 ipsum
656 4331 952 4473 procurabat,
988 4330 1202 4434 amicitiae
1239 4330 1514 4432 condonare.
1561 4343 1713 4472 Itaque
1750 4328 1944 4429 instante

472 4471 665 4636 hyeme,
700 4477 976 4614 Solymanus
993 4517 1097 4579 cum
1132 4477 1217 4577 suis
1254 4478 1444 4578 domum
1480 4475 1704 4577 discedit·
1696 4541 1708 4583 ‚
1747 4471 1946 4574 Andreas

470 4617 613 4719 Duria
649 4622 899 4764 Venetique
936 4663 1029 4725 suas
1066 4620 1261 4722 classes·
1250 4659 1298 4722 ιιι
1308 4618 1527 4757 hyberna
1567 4620 1815 4722 deducunt.

542 4773 706 4868 XXIII
779 4775 861 4868 Per
896 4766 944 4869 id
973 4803 1149 4908 tempus
1185 4774 1356 4868 Turcae
1393 4845 1409 4889 ,
1449 4806 1562 4911 quos
1597 4762 1787 4910 piraticis
1822 4800 1941 5005 matp

1845 4917 1912 5006 Ga
1930 4967 1948 4982 -
