4102 5864
539 430 775 514 canoni
824 429 878 510 v,
920 427 1036 507 eus.
1075 427 1224 508 xxvi.
1477 437 1560 528 351

149 595 287 700 fuerat
320 583 517 693 Nuntius
554 583 865 725 Apostolieus,
901 593 1004 681 Dux
1040 577 1277 703 Albanus,
1315 597 1420 689 Dux
1454 604 1609 694 Suesa-⁴
1655 720 1657 723 v

149 782 268 859 nus,
308 731 547 838 Gomezius
584 729 795 869 Figueroa
830 720 1023 825 cohortis
1061 726 1302 864 praetoriae
1338 728 1607 872 praefectus,

151 881 394 985 Rodericus
431 871 670 977 Gornezius
707 869 845 985 Silva,
865 874 1060 1003 Joannes
1088 871 1351 976 Benavides.
1390 878 1463 977 Ad
1489 917 1611 982 mon·

148 1026 207 1126 tis
224 1022 378 1125 Serrati
414 1052 735 1118 sacrosanctum
770 1009 1038 1113 coenobium
1075 1051 1177 1113 cum
1214 1017 1476 1155 pervenisset
1508 1022 1610 1124 Phi·

149 1168 342 1308 lippus,
383 1174 532 1265 Deum
580 1157 754 1299 egregia
791 1155 995 1297 pietate,
1037 1190 1087 1253 ut
1133 1191 1289 1295 coepta
1329 1162 1614 1283 secundaret,

153 1343 381 1409 veneratus
418 1340 480 1404 est
494 1379 510 1421 ‚
530 1338 574 1401 et
609 1336 927 1425 sacramentum
956 1293 1254 1399 Confessionis
1290 1304 1614 1406 Poenitentiae-

153 1491 242 1591 que
279 1448 496 1590 patravit,
519 1443 670 1543 ceteris
705 1438 793 1541 fere
829 1450 920 1572 ejus
957 1442 1205 1579 exemplum
1239 1442 1425 1545 libenter
1461 1469 1611 1550 aernu-

154 1589 374 1694 lantibus.
419 1587 510 1688 Hic
547 1584 736 1686 obvium
771 1581 927 1684 habuit
971 1584 1264 1685 nanciscun
1291 1589 1480 1687 Avalum
1536 1583 1612 1690 Pi-

155 1735 312 1835 scariae
347 1726 686 1846 Marchionem‚
707 1721 882 1828 Alfonsi
918 1726 1048 1827 Avali
1084 1730 1209 1829 Vasti
1245 1729 1516 1831 Marchionis
1552 1733 1611 1833 fi·

154 1877 267 1977 lium
303 1951 318 1993 ,
360 1874 439 2014 qui
476 1910 578 1970 cum
614 1872 766 1969 decem
803 1866 1040 1970 comitibus
1083 1871 1168 1970 suis
1209 1865 1492 1973 familiaribus
1534 1910 1614 2015 per

157 2057 295 2158 equos
330 2014 558 2159 dispositos
600 2010 858 2154 Philippum
892 2011 1101 2114 salutandi
1134 2014 1274 2157 gratia
1316 2014 1475 2118 eodem
1510 2058 1613 2159 per·

159 2162 323 2262 currit.

258 2313 338 2401 IX.
436 2295 667 2401 Barcinoni
715 2292 1088 2436 appropinquanti
1141 2296 1344 2441 Philippo
1414 2306 1615 2438 Joannes

157 2446 399 2544 fernandus
434 2440 689 2559 Manricus,
726 2441 804 2578 qui
839 2477 923 2578 pro
942 2453 1067 2582 Rege
1108 2442 1385 2544 Cataloniam
1408 2482 1616 2582 procura·

156 2584 279 2708 bat,
331 2622 374 2685 et
417 2583 699 2685 Bernardinus
752 2582 977 2682 Mendoza
1025 2583 1318 2722 Hispanarum
1370 2587 1617 2690 triremium

159 2723 397 2869 praefectus
432 2765 534 2826 eum
569 2763 735 2867 magno
775 2721 994 2824 nobilium
1029 2723 1227 2824 virorum
1274 2726 1471 2867 equitatu
1511 2730 1615 2830 lon-

160 2871 302 3012 gius,
346 2871 502 2972 deinde
538 2907 632 2968 non
669 2866 822 3008 procul
858 2862 914 2965 ab
955 2862 1063 2966 urbe
1108 2868 1317 2968 Consules
1354 2905 1398 2968 et
1447 2870 1616 3012 reliqua

159 3013 310 3113 civitas
347 3011 563 3132 solemni,
600 3011 673 3109 sed
710 3045 917 3109 consueta
953 3008 1218 3110 caerimonia
1277 3007 1459 3116 obviam
1507 3053 1614 3154 pro-

161 3192 401 3257 cesserunt.
456 3153 652 3256 Divertit
696 3187 843 3252 autern
880 3152 936 3250 ad
972 3150 1094 3254 aedes
1137 3151 1392 3291 Stephaniae
1427 3156 1618 3277 viduae,

198 3337 276 3396 uae
320 3298 503 3432 Joannis
544 3294 770 3436 Zugnigae
819 3291 1011 3435 Philippi
1042 3296 1246 3425 ejusdem
1288 3297 1465 3397 nutricii
1508 3337 1622 3400 uxor·

163 3336 303 3539 linerat
339 3518 353 3561 ‚
390 3440 527 3582 gloria
564 3472 606 3540 et
641 3438 770 3536 decus
806 3430 1139 3558 foeminarum,
1178 3473 1221 3538 et
1257 3439 1332 3539 tali
1367 3441 1527 3540 marito
1563 3481 1621 3540 o-

164 3582 279 3681 mnis
316 3583 483 3725 generis
519 3582 679 3680 virtute
715 3579 948 3721 praestanti
983 3580 1414 3683 convenientissima.
1452 3580 1620 3684 Tribus

165 3723 321 3824 diebus
357 3729 413 3826 ad
450 3725 738 3827 Barcinonem
774 3721 999 3861 Philippus
1035 3734 1225 3823 moratus
1261 3758 1324 3823 est
1356 3801 1371 3843 ,
1407 3725 1536 3825 simul
1556 3727 1621 3827 'ut

161 3906 190 3965 a
227 3868 472 4006 pluviarum
525 3903 570 3967 et
627 3864 759 3966 lutosi
796 3865 959 3965 itineris
1003 3865 1209 3966 molestiis
1246 3901 1289 3966 et
1338 3867 1490 3970 labore·
1520 3908 1621 3970 cor-

166 4045 249 4147 pus
301 4009 532 4129 reficeret,
570 4007 700 4109 simul
741 4043 790 4108 ut
836 4007 1026 4147 spatium
1066 4008 1122 4108 ad
1158 4008 1294 4111 'naves
1342 4008 1621 4149 perveniendi

163 4151 338 4251 daretur
367 4151 449 4274 iis,
467 4153 547 4294 qui
583 4152 783 4293 longiore
812 4149 1037 4251 intervallo
1066 4148 1462 4292 subsequebantur.
1501 4154 1623 4254 Hine

164 4289 411 4431 profectus,
449 4296 570 4427 justis
606 4290 835 4393 itineribus
872 4292 1144 4434 pedibusque
1179 4297 1439 4396 Gerundam'
1464 4286 1622 4397 urbem

167 4437 393 4577 antiquam
429 4438 549 4540 venit
580 4515 596 4556 ,
632 4476 744 4577 quae
780 4435 930 4535 civitas
967 4437 1124 4566 majori
1160 4432 1367 4579 apparatu
1409 4474 1452 4538 et
1489 4478 1623 4580 pom-

164 4614 263 4716 pa,
303 4615 353 4679 et·
380 4619 556 4722 magna·
575 4619 684 4681 cum.
715 4576 1004 4721 gratulatione
1039 4578 1183 4718 ipsum
1232 4581 1398 4721 aceepit
1468 4582 1620 4683 multis

158 4728 257 4855 jam
291 4723 508 4828 nobilibus
544 4725 750 4866 stipatum
786 4756 830 4824 etw
861 4758 1028 4861 magno
1064 4722 1263 4864 equitatu
1279 4753 1296 4826 .’
1330 4736 1463 4826 Hanc
1499 4726 1620 4827 enim

1540 4903 1620 4967 ur·
