4034 5858
470 422 811 525 riumproeedit,ubi
834 449 854 500 a
876 421 1017 494 navibus
1044 421 1139 494 ciba·

472 531 521 605 111
548 525 823 623 suppeditantur.
854 527 902 594 ΙΙ.
931 545 1011 615 147.
1042 527 1136 593 Con·

475 629 583 702 silium
611 643 744 696 mutat.
770 630 817 697 ΙΙ.
839 644 916 714 147.
943 625 1072 695 Bellum
1101 645 1139 690 a·

473 727 564 798 lieno
584 744 734 820 tempore
755 743 943 823 susceptum
971 721 1137 803 omittere,

371 912 373 914 v
476 824 684 916 domumque
704 822 808 897 redire
828 821 1142 911 constituens,qua-

479 923 651 1006 driremem
677 945 756 992 cum
783 919 955 1018 postremis
976 920 1136 994 militibus

477 1020 695 1103 conscendit,
718 1026 768 1093 ΙΙ.
793 1021 871 1111 148.
896 1020 1039 1090 Buxiam
1062 1040 1140 1115 per-

478 1121 756 1211 111111.ΙΙ.,1,48.,
778 1125 818 1189 In
835 1119 1035 1214 Hispaniam
1059 1140 1140 1214 pro-

477 1219 657 1303 ficiscitur,
684 1219 747 1297 sed¹
771 1217 911 1288 adversis
929 1223 1035 1289 ventis
1058 1215 1140 1304 reje-

475 1340 558 1394 ctus,
581 1317 726 1393 Buxiam
755 1317 950 1391 revertitur.
983 1320 1031 1388 II.
1062 1316 1140 1407 148.

477 1424 525 1503 In,
540 1419 681 1516 majores¹
699 1419 849 1497 Baleares
866 1419 1037 1514 compulsa
1062 1417 1142 1487 clas·

478 1542 532 1603 se,
554 1518 595 1597 in,
612 1536 739 1596 terram.
764 1515 956 1598 descendit.
987 1521 1040 1590 ΙΙ..
1059 1515 1140 1606 148.

477 1610 658 1700 Λ111111111,
672 1617 816 1698 Dorium
843 1614 1057 1712 vectigalibus
1084 1638 1147 1685 au·-

476 1736 534 1814 get
547 1765 562 1793 .,
584 1721 630 1786 11.
653 1736 729 1807 149.
753 1723 893 1795 Portum
922 1717 1146 1788 10111011--

477 1814 621 1913 thaginis
651 1814 786 1914 appellit
799 1862 815 1891 .,
840 1819 892 1890 ΙΙ.
923 1832 1007 1904 149.,
1040 1813 1140 1889 Mur-

475 1911 564 1995 ciam
580 1963 592 1998 ,
608 1914 713 2007 atque,
733 1912 815 1993 inde,
835 1916 1012 2012 Ocagnam
1035 1912 1139 2001 venit,

476 2011 537 2093 ubi
553 2037 634 2084 eum
655 2012 772 2092 liberis
788 2011 914 2091 Christi
928 2013 1082 2084 Natalem
1105 2029 1145 2083 et.

478 2134 600 2208 paucos
626 2132 794 2209 praeterea
811 2111 882 2189 dies
896 2112 976 2210 agit.
992 2116 1045 2184 ΙΙ..
1061 2129 1141 2204 149.

476 2213 639 2292 Toletum
659 2209 882 2308 progreditur.
901 2216 948 2284 11.
969 2229 1049 2301 149.
1076 2215 1143 2281 Ca-

476 2311 589 2381 stellae
615 2310 807 2380 Concilium
831 2309 907 2380 urbi
939 2309 1151 2383 ’101110111-

477 2408 608 2479 dictum
631 2406 843 2485 Valdolitum
868 2405 982 2494 rejicit.
997 2411 1044 2476 Il.
1063 2425 1140 2499 149.

478 2501 834 2600 Madritium„deinde
849 2503 1061 2583 Valdolitum
1071 2529 1143 2603 per·

478 2604 569 2682 venit
581 2652 600 2681 .,
622 2605 677 2681 ΙΙ.Ι
698 2624 777 2697 149.
806 2601 1001 2681 0111111111,
1030 2603 1150 2702 legatis.

477 2702 651 2801 superioris
669 2703 719 2773 sui
740 2702 893 2782 discessus
913 2726 952 2773 ac
972 2701 1048 2773 belli
1061 2726 1143 2774 cau·

478 2825 529 2877 sas
551 2800 688 2898 exponit
710 2831 719 2873 z
744 2801 863 2873 deinde
888 2825 946 2898 per
968 2802 1142 2871 intemun-

479 2901 544 2982 tios
565 2899 607 2971 de
628 2901 824 2995 imperando
841 2899 969 2970 tributo
984 2919 1078 2973 extra
1089 2921 1153 2972 or·-

481 2998 597 3070 dinem
621 2997 736 3078 refert.
761 3004 816 3071 ΙΙ.
833 3018 910 3089 149.
934 3005 996 3068 Per
1019 2999 1152 3071 litteras

479 3096 670 3179 humaniter
685 3115 785 3190 atque
801 3096 987 3172 amabiliter
1008 3096 1143 3192 scriptas

479 3194 644 3276 tributum
657 3193 912 3275 extraordinem
926 3194 1032 3290 petit,
1046 3192 1151 3289 quod.

480 3293 670 3391 impetrat,
699 3293 867 3364 nonnullis
905 3295 1141 3366 renuentibus.

479 3396 527 3463 ΙΙ.
557 3413 635 3481 150.
670 3392 928 3463 Contumelioso
954 3392 1067 3463 libello
1098 3390 1143 3463 ad

480 3489 551 3570 divi
570 3488 661 3561 Pauli
682 3489 769 3564 fores
802 3489 905 3564 affixo
933 3491 1143 3563 vehementer

480 3609 732 3660 commovetur.
757 3595 812 3663 ΙΙ.Ι
834 3613 914 3681 151·
933 3593 1033 3661 Suam
1057 3614 1142 3660 con-

480 3687 651 3758 tumeliam
684 3686 779 3761 facile
799 3688 864 3762 fert
885 3736 903 3781 ,¹
927 3712 1142 3760 communem

480 3788 667 3868 multorum
681 3785 850 3859 ferendam
866 3812 935 3858 non
959 3807 1075 3886 putat.
1094 3792 1142 3859 Π.

485 3909 565 3976 151.
598 3886 809 3957 Praetoribus
833 3888 944 3958 aulicis
967 3887 1143 3987 negotium

480 3984 539 4068 dat
564 4003 742 4064 auctorem¹
764 3986 867 4057 libelli
889 3985 1063 4085 diligenter
1088 3989 1143 4057 in-

478 4083 655 4179 quirendi.
695 4089 742 4155 II.
783 4106 863 4175 152.
903 4086 1044 4183 Philippi
1082 4085 1143 4159 filii

478 4180 630 4278 precibus
667 4203 825 4258 exoratus
854 4183 974 4278 capitis¹
1000 4207 1143 4282 poenam

479 4280 710 4361 contumeliosi
733 4281 836 4352 libelli
869 4283 1063 4361 auctoribus
1085 4283 1145 4355 de-

478 4377 583 4458 bitam
604 4381 646 4459 in
666 4381 822 4459 leviorem
851 4403 992 4477 poenam
1020 4382 1144 4456 mutari

478 4479 698 4573 4111111.
720 4500 799 4573 153·
837 4480 971 4553 Indicto
1008 4489 1144 4583 Arago-

477 4577 635 4651 nensium.
645 4579 802 4657 Concilio
817 4581 1048 4656 Montisonem
1066 4608 1145 4682 pro·

475 4674 652 4748 ficiscitur.
682 4684 729 4749 II.
753 4700 832 4772 153.
857 4683 984 4779 Burgos
1003 4706 1145 4783 progre-

475 4776 585 4851 ditur·
614 4779 660 4848 ΙΙ.
683 4797 762 4868 154·
792 4782 1030 4879 Pompelonem
1055 4784 1145 4862 invi-

1234 420 1276 494 sit
1288 470 1305 494 .,
1322 423 1369 494 11.
1387 441 1469 512 154.
1497 427 1531 491 Α
1550 428 1651 492 Petro
1665 416 1817 489 Velasco
1838 420 1907 490 eo-

1236 518 1399 594 mestabili
1418 520 1570 618 regaliter
1584 517 1707 614 Burgis
1724 518 1904 614 excipitur.

1236 627 1283 693 II.
1318 641 1399 710 154.
1444 619 1503 692 nd
1530 618 1745 717 Logronium
1777 620 1900 711 aliquot

1237 720 1303 793 dies
1325 737 1556 793 commoratus
1587 739 1706 787 muros
1732 714 1845 800 refici,
1862 735 1897 787 et

1237 839 1378 917 pontem
1412 818 1553 916 reparari
1584 815 1701 906 jubet.
1737 819 1789 885 II.
1824 838 1896 907 154.

1237 920 1475 1016 Pompelonem
1493 912 1626 988 invisit.
1643 919 1694 985 Π.
1711 935 1796 1006 155.
1808 915 1900 987 Mon-

1237 1018 1379 1091 tisonem
1398 1016 1501 1088 intrat
1522 1066 1535 1101 ,
1553 1035 1587 1085 et
1612 1032 1774 1111 expertus
1792 1037 1903 1086 earum

1238 1117 1389 1218 gentium
1418 1116 1453 1187 in
1484 1114 1624 1212 publicis
1660 1112 1906 1186 deliberationi·

1237 1221 1300 1292 bus
1330 1213 1562 1289 lentitudinem
1586 1232 1621 1285 et
1654 1213 1903 1299 morositatem,

1236 1315 1358 1389 eodem
1373 1315 1426 1389 die
1453 1314 1497 1386 ad
1516 1333 1677 1386 coactum
1710 1314 1903 1386 Concilium

1239 1439 1349 1487 rerum
1376 1414 1528 1513 proxime
1549 1432 1717 1510 gestarum
1731 1462 1743 1496 ,
1757 1431 1792 1482 et
1817 1437 1902 1484 sum·

1238 1537 1336 1585 tuum
1360 1513 1524 1588 rationem
1544 1511 1684 1596 reddit,
1714 1532 1751 1581 et
1777 1512 1904 1608 publica

1238 1614 1355 1711 inopia
1380 1613 1567 1714 proposita,
1588 1630 1626 1682 ut
1644 1610 1676 1680 ei
1695 1610 1902 1696 medeantur,

1238 1714 1410 1809 postulat,
1434 1731 1594 1803 suamque
1613 1708 1759 1781 vicissim
1774 1734 1900 1806 operam

1239 1810 1348 1886 defert
1367 1859 1384 1896 ,.
1402 1809 1513 1903 siquid
1536 1833 1559 1883 1,
1580 1808 1742 1882 Concilio
1768 1809 1813 1880 ad
1844 1810 1902 1880 bo·

1238 1935 1321 1984 num
1350 1910 1531 2008 publicum.
1562 1908 1732 2007 pertinens
1764 1911 1900 2005 postule-

1237 2031 1321 2083 111.
1343 2016 1396 2082 ΙΙ.
1418 2028 1496 2100 155.
1526 2012 1564 2079 In
1579 2008 1685 2079 varias
1700 2008 1901 2080 conditiones

1238 2134 1317 2180 cum
1336 2108 1509 2179 Francisco
1533 2108 1718 2179 Gallorum
1744 2114 1837 2206 Rege
1852 2106 1901 2178 de·

1238 2207 1386 2280 scendit.
1421 2212 1475 2278 ΙΙ..
1500 2211 1578 2297 156.
1602 2207 1769 2280 Rinconii
1809 2206 1904 2305 Regis

1239 2308 1420 2379 Gallorum
1457 2304 1501 2376 ad
1542 2305 1768 2400 solymanum
1810 2303 1903 2403 legati

1239 2406 1375 2477 caedem
1395 2429 1455 2475 suo
1478 2404 1599 2493 injussu
1620 2403 1747 2476 factam
1766 2409 1904 2503 graviter

1239 2503 1326 2589 fert,
1347 2521 1382 2574 et
1405 2522 1556 2574 auctores
1572 2499 1698 2575 frustra
1718 2504 1828 2598 quaen'
1844 2505 1902 2590 ju·

1239 2604 1320 2674 bet.
1349 2607 1396 2672 Π.
1429 2605 1508 2671 161.
1539 2602 1680 2674 Gallico
1699 2601 1836 2673 exercitu
1860 2598 1898 2669 in

1239 2700 1434 2798 Hispaniam
1442 2700 1684 2786 contendente,
1698 2701 1899 2773 PetrumVe-

1238 2803 1362 2872 lascum
1403 2799 1689 2884 comestabilem,
1714 2821 1748 2870 et
1776 2801 1899 2869 Ducem

1239 2900 1413 2970 Albanum
1435 2898 1513 2969 belli
1542 2898 1646 2969 duces
1668 2899 1902 2982 constituit,et

1239 2999 1335 3068 illum
1357 2994 1402 3067 ad
1417 2995 1642 3071 Cantabriam
1658 3018 1692 3068 et
1714 3002 1909 3081 Navarram,

1239 3095 1331 3170 hunc
1370 3093 1414 3166 ad
1462 3096 1672 3175 Ruscinonis.
1698 3098 1902 3170 comitatum

1241 3193 1405 3266 tuendum
1429 3194 1557 3265 mittit.
1572 3201 1622 3266 II.
1644 3200 1728 3267 162.
1758 3194 1903 3269 Civitati⁴

1242 3295 1303 3366 bus
1314 3314 1348 3364 et
1366 3292 1553 3390 municipiis
1570 3295 1725 3391 pedites,
1750 3292 1906 3367 Antistiti·

1242 3395 1304 3464 bus
1329 3412 1363 3463 et
1383 3392 1577 3471 proceribus
1599 3395 1733 3488 equites
1756 3396 1906 3490 imperat.

1242 3498 1288 3563 II.
1311 3497 1389 3586 163.
1412 3498 1474 3562 Per
1498 3516 1688 3589 praecones
1704 3489 1907 3590 pronuntiari

1240 3591 1359 3681 jubet:
1386 3591 1485 3682 siquis
1512 3593 1590 3662 velit
1611 3615 1675 3688 pro
1714 3616 1777 3663 usu
1805 3591 1906 3661 mulae

1241 3713 1367 3785 equum
1387 3689 1466 3759 dare
1489 3688 1538 3760 ad
1558 3690 1715 3775 bellum,
1737 3692 1907 3763 licere.ll.

1246 3794 1289 3858 16
1295 3812 1326 3882 3.
1343 3789 1525 3860 Gallorum
1536 3790 1641 3888 Regis
1652 3787 1906 3861 inconstantiam

1242 3890 1448 3981 violatasque
1474 3888 1626 3960 inducias
1653 3888 1909 3973 accusans,bel⁴

1243 3987 1365 4060 lumin
1384 3983 1463 4058 eum
1482 3987 1628 4061 indicit..
1645 3993 1798 4078 II..165.
1823 3993 1908 4058 Coo·

1242 4086 1380 4159 fluentes
1401 4086 1542 4183 copias,
1566 4088 1673 4159 Gallo
1698 4088 1831 4187 longius
1852 4108 1904 4181 ag·

1242 4211 1317 4258 men
1335 4185 1531 4272 reducente,
1550 4185 1696 4257 domum
1726 4189 1829 4258 redire
1851 4184 1900 4269 ju·

1241 4286 1321 4357 bet.
1352 4291 1409 4360 II.
1435 4290 1513 4372 169.
1552 4286 1759 4361 Michaelem
1791 4285 1900 4354 Silvam

1239 4383 1455 4463 Cardinalem
1487 4385 1661 4465 pontificis
1691 4385 1744 4462 de,
1762 4379 1903 4483 pacifica·

1239 4487 1330 4556 tione
1375 4488 1525 4584 legatum
1562 4485 1761 4557 Montisone
1794 4478 1907 4552 statim

1239 4584 1382 4657 dimittit
1420 4585 1543 4656 minus.
1565 4582 1785 4683 indulgenter
1808 4579 1908 4652 babi-

1238 4705 1337 4756 tum.
1361 4690 1408 4755 Π.
1442 4708 1520 4777 170.
1546 4684 1776 4757 Barcinonem
1808 4677 1911 4779 profi·

1239 4786 1393 4863 ciseitur.
1416 4789 1463 4858 11.
1487 4808 1567 4880 171.
1602 4787 1721 4859 Certis
1743 4780 1910 4894 conditio-

1753 4940 1756 4947 .
1857 4902 1903 4956 m-
