4034 5858
487 481 726 565 cauom
769 482 822 562 u.
863 482 975 560 trs.
1011 485 1146 564 xxx.
1401 504 1484 595 541

75 627 153 747 dio
195 633 519 784 negotiorum,
551 636 725 737 Isabella
773 637 910 777 etiam
961 677 1099 739 uxore
1134 639 1312 745 vivente
1344 682 1386 746 et
1421 691 1534 756 con·

76 791 194 906 scia,
219 824 367 886 ortum
404 779 644 899 habuerat,
666 815 715 880 ut
752 777 864 880 mihi
899 782 954 879 ad
990 781 1109 883 idem
1134 788 1401 890 coenobium
1439 799 1532 935 pri-

76 931 206 1032 marii
242 924 459 1029 Monachi
477 1003 492 1043 ,
529 925 608 1063 qui
647 964 697 1021 ex
735 923 898 1022 Catolo
935 922 1032 1063 ipso
1084 929 1345 1051 audierant,
1379 940 1535 1040 tetule-

76 1109 179 1175 runt
209 1151 223 1192 ,
259 1110 362 1170 cum
400 1079 489 1200 ejus
526 1065 741 1165 salutandi
778 1065 957 1206 gratia,
991 1070 1115 1205 quod
1153 1069 1263 1171 mihi
1302 1074 1401 1176 loco
1438 1122 1537 1182 ma-

79 1218 159 1359 gni
196 1212 401 1315 beneficii
437 1209 660 1349 contigit,
699 1210 858 1306 eodem
895 1210 1219 1347 processissem.
1263 1225 1386 1318 Nam
1422 1259 1538 1324 extra

78 1399 241 1500 paucos
279 1357 374 1456 illos
412 1352 676 1455 domesticos
713 1351 898 1453 Carolus
934 1392 960 1449 a
993 1354 1202 1473 nemine,
1231 1397 1286 1458 ne
1323 1404 1348 1462 a
1382 1401 1537 1503 proce-

77 1501 198 1603 ribus
236 1501 419 1642 quidem
456 1534 735 1637 quacumque
772 1536 824 1593 ex
860 1533 986 1593 causa
1022 1536 1064 1598 se
1100 1499 1240 1619 adiri,
1261 1541 1335 1603 aut
1371 1547 1539 1610 conve-

27 1629 30 1638 ’
80 1645 200 1763 niti,
238 1643 321 1743 nisi
357 1678 482 1783 aegre
516 1639 761 1737 admodum
799 1635 1089 1778 patiebatur,
1125 1679 1430 1786 praeterquam
1480 1653 1537 1752 si-

80 1788 177 1928 quis
234 1784 436 1887 aliberis
491 1817 567 1881 aut
617 1778 838 1881 sororibus
890 1819 992 1879 cum
1042 1780 1191 1881 litteris
1246 1824 1289 1886 et
1326 1795 1537 1896 mandatis

79 1931 232 2030 missus
269 1964 375 2027 esset
412 1968 422 2024 :
467 1924 646 2023 summis
683 1924 803 2023 enim
839 1924 997 2038 rebus,
1019 1957 1069 2020 ut
1104 1926 1159 2022 de
1197 1924 1313 2027 bello
1350 1969 1393 2031 et
1430 1975 1536 2073 pace

82 2112 127 2172 se
161 2071 370 2189 consuli,
404 2068 548 2206 deque
583 2061 753 2184 fratris,
789 2062 1027 2164 liberorum
1063 2101 1107 2163 et
1142 2108 1343 2171 sororum
1380 2078 1538 2199 salute,

82 2251 127 2314 et
162 2251 273 2315 statu
310 2251 454 2312 rerum
490 2209 721 2308 certiorem
759 2205 852 2307 fieri
889 2248 981 2308 non
1017 2208 1266 2313 recusabat.
1311 2217 1432 2319 Hinc
1469 2261 1538 2322 et*

81 2355 170 2459 iam
208 2357 353 2498 paucis
390 2390 491 2494 post
527 2348 744 2451 mensibus
781 2351 964 2449 Carolus
1000 2359 1066 2485 jus
1104 2356 1282 2493 Imperii
1316 2365 1533 2484 Romani,

83 2501 206 2640 quod
232 2502 374 2601 solum
412 2493 495 2596 sibi
531 2494 792 2610 retinuerat,
816 2493 864 2592 in
899 2489 1080 2594 fratrem
1107 2502 1380 2603 Fernandum
1399 2540 1539 2607 trans·

80 2641 233 2761 tulit,
270 2643 349 2784 qui
385 2653 484 2742 Rex¹
535 2674 625 2737 erat
671 2635 907 2740 Bolsemiae
943 2638 1288 2781 Hungariaeque
1318 2719 1333 2761 ,
1365 2682 1407 2746 et
1443 2659 1539 2751 Rex

82 2794 391 2886 Romanorum
428 2779 681 2882 dicebatur.

155 2937 269 3027 XLI.
342 2925 491 3024 Paucis
540 2960 640 3024 ante
694 2920 950 3043 mensibus,
987 2960 1123 3063 quam
1160 2929 1343 3030 Carolus
1385 2974 1411 3033 a
1447 2933 1539 3035 vita

84 3068 321 3168 discederet
358 3144 373 3186 ‚
414 3104 694 3207 compertum
731 3103 794 3165 est
830 3102 926 3166 tum
964 3069 1019 3166 ad
1056 3070 1330 3173 Valdolitum
1382 3110 1424 3175 et
1458 3082 1541 3178 Za-

84 3250 297 3329 moram,
326 3247 422 3310 tum
459 3211 514 3309 ad
552 3209 773 3350 Hispalim
809 3210 971 3309 multos
1007 3213 1207 3312 mortales
1244 3215 1292 3315 in
1327 3216 1541 3322 haeresim

87 3353 382 3456 Lutheranam
420 3353 617 3492 delapsos
672 3393 756 3452 esse
806 3353 957 3454 scelere
1011 3388 1053 3452 et
1088 3355 1314 3496 impieta-te
1351 3362 1540 3465 duorum

87 3499 279 3598 maxime
316 3494 647 3597 Monachorum
683 3494 872 3594 instituti
906 3496 1228 3620 Dominicani,
1252 3542 1442 3642 quorum
1477 3507 1541 3604 al-

84 3675 147 3739 ter
183 3679 273 3742 erat
310 3683 362 3741 cx
398 3652 664 3757 Roxarum,
701 3637 805 3738 alter
842 3680 893 3739 ex
929 3650 1261 3743 Guzmanorum
1305 3646 1539 3749 illustribus

86 3778 304 3902 familiis,
342 3784 421 3923 qui
471 3786 611 3883 vitam
664 3780 968 3881 monachalem
1018 3785 1167 3905 exosi,
1204 3785 1540 3930 liberioremque

63 3926 268 4024 ruivendi
304 3928 520 4034 rationem
576 3959 618 4023 et
673 3927 881 4063 peccandi
915 3925 1138 4026 licentiam
1176 3968 1451 4069 expetentes,
1487 3936 1542 4035 de

86 4065 321 4171 inficienda
358 4069 573 4210 Hispania
609 4067 861 4169 Lutlreranis
933 4070 1151 4171 erroribus
1208 4075 1547 4214 conspirarunt„

87 4208 202 4311 hanc
238 4213 488 4353 proximam
525 4212 644 4311 viam
681 4252 767 4311 esse
816 4211 898 4311 tati
948 4214 1003 4312 ad
1053 4213 1133 4333 id,
1170 4219 1294 4355 quod
1331 4219 1446 4318 uotis
1487 4262 1544 4321 o-‘

89 4354 267 4454 mnibus
306 4354 598 4497 expetebants
632 4356 780 4495 itaque
815 4357 920 4454 alter
962 4358 1017 4454 ad
1054 4358 1272 4498 Hispalim
1294 4438 1315 4479 ,
1344 4361 1450 4461 alter
1486 4365 1545 4464 ad

84 4499 362 4602 Valdolitum
401 4579 414 4619 ‚
452 4508 652 4598 Taurum
709 4537 753 4599 et
804 4504 1040 4597 Zamoram
1085 4500 1268 4601 occultis
1308 4505 1549 4646 impiisque

86 4638 319 4778 colloquiis
374 4645 653 4744 incautorum
690 4640 930 4742 hominum.
983 4678 1026 4741 et
1061 4644 1412 4748 muliercularum
1450 4651 1544 4749 ani-

81 4782 251 4885 mosin
286 4824 445 4887 errores
471 4788 633 4929 impios
670 4784 1036 4928 praecipitarunt3
1060 4788 1184 4928 quod
1220 4793 1408 4895 eumad
1444 4793 1544 4892 vin-

1474 4934 1543 5037 di-
