4124 5880
533 352 777 435 cauom
814 350 870 432 u.
908 353 1027 433 trs.
1069 356 1218 437 xvrr.
1519 367 1575 460 55

147 513 312 622 ritimo
348 548 592 656 praeesset.
637 519 778 614 Porro
814 505 1109 653 impensarum
1157 511 1360 617 omnium
1403 518 1618 623 medieta·

146 700 248 764 tem
283 658 501 767 Caroluss
538 655 713 756 alterius
757 656 1005 759 medietatis
1054 656 1226 758 tertiam
1264 697 1429 803 partem
1463 668 1620 768 Ponti.

142 803 223 911 fex
277 805 437 908 Paulus
470 841 484 911 3
515 799 734 945 reliquum
777 800 942 904 Veneti
990 802 1318 946 suppeditarent
1354 851 1367 919 3
1405 808 1620 958 simulque

145 953 346 1054 Carolus
380 987 462 1090 pro
509 942 641 1048 fratre
672 946 901 1050 Pernando
936 960 1252 1055 Romanorum
1294 988 1339 1054 et
1371 962 1622 1063 Pannoniae

150 1109 225 1200 Re
261 1139 284 1196 e
320 1092 459 1193 fidem
509 1091 721 1214 dederat,
756 1133 860 1196 eum
915 1134 990 1238 per
1025 1098 1301 1198 Pannoniam
1353 1097 1620 1227 affuturum,

150 1275 196 1341 et
226 1137 402 1340 bellum
437 1237 623 1339 summis
657 1237 747 1341 suis
779 1236 943 1383 opibus
976 1240 1257 1373 adjuturum.
1315 1243 1397 1344 Sed
1432 1285 1536 1351 cum
1572 1290 1622 1350 ea

149 1419 308 1486 aestate
343 1378 457 1482 nihil
493 1420 571 1523 per
605 1420 763 1485 terram
798 1387 1057 1521 S‘olymanus
1105 1385 1154 1486 in
1190 1384 1464 1489 Christianos
1514 1431 1620 1493 mo-

144 1565 271 1630 turus
316 1566 409 1629 esse
441 1526 700 1650 videretur,
740 1565 786 1629 et
831 1530 1035 1631 omnium
1085 1529 1226 1632 animi
1278 1532 1327 1631 in
1363 1533 1619 1678 Principum

145 1672 429 1815 colloquium
478 1708 525 1772 et
566 1670 795 1812 publicam
834 1671 1187 1777 Christianorum
1240 1714 1396 1817 pacem
1450 1681 1617 1785 consti·

146 1823 361 1919 tuendam
395 1853 536 1918 essent
570 1818 771 1938 intenti,
806 1818 1008 1959 placuit,
1043 1821 1271 1922 Andream
1312 1819 1538 1946 Doriam,
1573 1863 1617 1928 et

145 1965 428 2064 Pernandum
464 1972 730 2105 Gonzagam
769 1962 817 2061 in
852 1963 1075 2063 demortui
1109 1965 1247 2083 Ducis
1281 1962 1508 2066 Urbinatis
1544 1967 1615 2068 lo-·

143 2146 252 2209 cum
287 2104 520 2209 suffectum
556 2147 664 2210 curn
714 2105 845 2208 classe
880 2144 935 2226 et
961 2107 1271 2248 Hispanorum
1320 2148 1371 2209 ac
1406 2110 1617 2217 Italorum

146 2252 345 2361 militum
380 2250 598 2352 mediocri
632 2290 767 2352 manu
801 2250 850 2351 in
894 2290 1017 2354 oram
1053 2252 1260 2353 Graeciae
1301 2252 1357 2352 ad
1401 2290 1509 2391 rem
1533 2295 1616 2396 ge-

147 2399 368 2516 rendam,
401 2431 447 2496 et
481 2395 659 2495 classem
695 2394 934 2516 hostilem,
965 2435 1103 2538 quam
1139 2394 1415 2499 Charadinus
1450 2397 1615 2500 Barba-

148 2578 260 2641 roxa
293 2537 538 2659 ductabat,
571 2539 923 2682 oppugnandam
958 2540 1106 2640 mitti.

185 2693 397 2788 XXXIII.
445 2696 566 2785 Cum
603 2725 655 2784 ex
691 2683 912 2825 Hispania
949 2695 1152 2786 Genuam
1179 2683 1319 2787 Doria
1348 2685 1612 2804 revertisset,

145 2866 386 2973 parumper
420 2826 487 2929 ibi
524 2864 751 2948 moratus,
779 2866 885 2927 cum
920 2828 1084 2970 viginti
1111 2828 1198 2927 suis
1234 2825 1485 2930 triremibus
1520 2866 1617 2968 pro

149 2973 386 3116 greditur3
423 3009 469 3074 et
512 2972 561 3073 in
604 2973 759 3074 itincre
800 2969 970 3072 duabus
1004 2971 1231 3074 Pontificis
1274 2976 1331 3073 ad
1374 2972 1616 3075 Civitatem

145 3123 356 3222 Veterem
403 3116 640 3236 assumtis,
672 3117 719 3217 in
755 3126 983 3218 Messanae
1020 3154 1204 3259 portum
1241 3117 1482 3257 pervenit,
1519 3156 1614 3257 quo

147 3300 366 3403 practerea
402 3262 568 3405 viginti
602 3300 769 3363 novem
796 3261 993 3362 triremes
1026 3264 1279 3404 compulsae
1302 3256 1499 3362 fuerant.
1520 3271 1619 3360 Ha-'

147 3446 247 3509 rum
290 3408 493 3551 quinque
529 3406 829 3548 Neapolitanis
866 3406 1040 3506 Garcia's
1075 3407 1258 3507 Tolerus
1295 3441 1518 3548 praeerat3
1539 3444 1611 3503 sex

150 3555 230 3655 suis
268 3554 490 3656 Antonius
524 3552 696 3660 Dorias
720 3586 911 3695 quatuor
947 3551 1133 3653 Gentilis
1161 3549 1388 3693 Virginius
1424 3547 1611 3691 Anguil-

151 3696 279 3800 lariae
315 3709 519 3808 Comes3
557 3699 709 3799 decem
752 3698 903 3797 Siculis
939 3697 1229 3838 Berenguelus
1264 3693 1607 3838 Requesensius3

150 3877 341 3984 quatuor
376 3879 499 3945 erant
538 3840 763 3986 religionis
799 3841 1009 3984 equestris
1055 3842 1197 3943 Sancti
1238 3841 1467 3980 Joannis.
1505 3849 1612 3937 Huc

150 4025 339 4128 quoque
372 4025 668 4090 convenerant
702 3989 926 4091 onerariae
953 4025 1085 4092 naves
1121 3987 1447 4131 quinquaginta
1483 4015 1607 4081 octo.

146 4133 354 4232 Aderant
398 4134 590 4236 militum
626 4135 817 4279 Hispani
851 4135 1016 4279 generis
1053 4135 1252 4278 quinque
1293 4130 1459 4247 millia,
1493 4123 1612 4225 Itali-

143 4315 307 4378 corum
344 4278 436 4380 duo
453 4356 468 4399 ,
488 4319 592 4381 cum
627 4278 851 4384 Praefecto
887 4281 1142 4426 Augustino
1177 4275 1380 4418 Spinola,
1416 4269 1612 4411 utrisque
1757 4393 1759 4395 ,

147 4416 204 4521 in
239 4460 371 4523 naves
425 4425 645 4527 onerarias
696 4423 957 4566 impositis,
996 4463 1040 4526 et
1090 4425 1247 4524 harum
1284 4417 1445 4562 viginti
1471 4423 1612 4557 ,Apus-

120 4557 251 4669 liam
288 4606 434 4670 versus
469 4573 526 4670 ad
572 4571 704 4671 altera
739 4566 941 4711 quinque
975 4568 1280 4708 Hispanorum
1316 4564 1496 4684 millia,
1532 4556 1613 4702 qui

122 4711 421 4817 maritimam
458 4753 584 4820 oram
633 4711 980 4833 custodiebant,
1019 4712 1268 4817 tollendum
1302 4709 1471 4817 missis.
1509 4719 1610 4809 Do·-

1512 4887 1577 4948 na
