<?xml version="1.0" encoding="UTF-8"?>
<!DOCTYPE html PUBLIC "-//W3C//DTD XHTML 1.0 Transitional//EN"
    "http://www.w3.org/TR/xhtml1/DTD/xhtml1-transitional.dtd">
<html xmlns="http://www.w3.org/1999/xhtml" xml:lang="en" lang="en">
 <head>
  <title>
</title>
<meta http-equiv="Content-Type" content="text/html;charset=utf-8" />
  <meta name='ocr-system' content='tesseract 3.04.00' />
  <meta name='ocr-capabilities' content='ocr_page ocr_carea ocr_par ocr_line ocrx_word'/>
</head>
<body>
  <div class='ocr_page' id='page_1' title='image "./joannisgenesiis00sepgoog_0133.png"; bbox 0 0 4124 5880; ppageno 0'>
   <div class='ocr_carea' id='block_1_1' title="bbox 473 414 1526 527">
    <p class='ocr_par' dir='ltr' id='par_1_1' title="bbox 473 414 1526 527">
     <span class='ocr_line' id='line_1_1' title="bbox 473 414 1526 527; baseline -0.004 -24"><span class='ocrx_word' id='word_1_1' title='bbox 473 417 715 503; x_wconf 75' lang='lat' dir='ltr'>cauom</span> <span class='ocrx_word' id='word_1_2' title='bbox 764 420 818 499; x_wconf 86' lang='lat' dir='ltr'>v.</span> <span class='ocrx_word' id='word_1_3' title='bbox 869 420 988 498; x_wconf 78' lang='lat' dir='ltr'>tus.</span> <span class='ocrx_word' id='word_1_4' title='bbox 1032 422 1187 504; x_wconf 85' lang='lat' dir='ltr'>xvu.</span> <span class='ocrx_word' id='word_1_5' title='bbox 1472 414 1526 527; x_wconf 78' lang='lat'>63</span> 
     </span>
    </p>
   </div>
   <div class='ocr_carea' id='block_1_2' title="bbox 104 579 1578 1456">
    <p class='ocr_par' dir='ltr' id='par_1_2' title="bbox 104 579 1578 1456">
     <span class='ocr_line' id='line_1_2' title="bbox 109 579 1571 728; baseline -0.003 -39"><span class='ocrx_word' id='word_1_6' title='bbox 109 595 186 690; x_wconf 88' lang='lat' dir='ltr'>rus</span> <span class='ocrx_word' id='word_1_7' title='bbox 234 579 358 728; x_wconf 89' lang='lat' dir='ltr'>quati</span> <span class='ocrx_word' id='word_1_8' title='bbox 400 617 581 720; x_wconf 89' lang='lat' dir='ltr'>coeptus</span> <span class='ocrx_word' id='word_1_9' title='bbox 624 616 763 699; x_wconf 91' lang='lat' dir='ltr'>esset,</span> <span class='ocrx_word' id='word_1_10' title='bbox 800 579 1017 679; x_wconf 87' lang='lat' dir='ltr'>castellani</span> <span class='ocrx_word' id='word_1_11' title='bbox 1060 621 1210 684; x_wconf 89' lang='lat' dir='ltr'>omnes</span> <span class='ocrx_word' id='word_1_12' title='bbox 1253 598 1355 689; x_wconf 89' lang='lat' dir='ltr'>cum</span> <span class='ocrx_word' id='word_1_13' title='bbox 1397 584 1571 694; x_wconf 81' lang='lat' dir='ltr'>feminis</span> 
     </span>
     <span class='ocr_line' id='line_1_3' title="bbox 114 726 1574 872; baseline 0.005 -39"><span class='ocrx_word' id='word_1_14' title='bbox 114 769 160 833; x_wconf 90' lang='lat' dir='ltr'>et</span> <span class='ocrx_word' id='word_1_15' title='bbox 196 731 341 872; x_wconf 91' lang='lat' dir='ltr'>puetis</span> <span class='ocrx_word' id='word_1_16' title='bbox 377 727 424 827; x_wconf 90' lang='lat' dir='ltr'>in</span> <span class='ocrx_word' id='word_1_17' title='bbox 465 728 566 826; x_wconf 89' lang='lat' dir='ltr'>duas</span> <span class='ocrx_word' id='word_1_18' title='bbox 601 763 716 824; x_wconf 90' lang='lat' dir='ltr'>arces</span> <span class='ocrx_word' id='word_1_19' title='bbox 756 760 912 864; x_wconf 87' lang='lat' dir='ltr'>parum</span> <span class='ocrx_word' id='word_1_20' title='bbox 949 726 1139 827; x_wconf 90' lang='lat' dir='ltr'>munitas</span> <span class='ocrx_word' id='word_1_21' title='bbox 1174 768 1261 830; x_wconf 90' lang='lat' dir='ltr'>sese</span> <span class='ocrx_word' id='word_1_22' title='bbox 1302 772 1403 834; x_wconf 91' lang='lat' dir='ltr'>cum</span> <span class='ocrx_word' id='word_1_23' title='bbox 1446 736 1574 842; x_wconf 91' lang='lat' dir='ltr'>rebus</span> 
     </span>
     <span class='ocr_line' id='line_1_4' title="bbox 110 866 1572 1015; baseline 0.004 -36"><span class='ocrx_word' id='word_1_24' title='bbox 110 879 202 979; x_wconf 89' lang='lat' dir='ltr'>suis</span> <span class='ocrx_word' id='word_1_25' title='bbox 240 907 526 1015; x_wconf 86' lang='lat' dir='ltr'>receperunt.</span> <span class='ocrx_word' id='word_1_26' title='bbox 566 869 648 970; x_wconf 87' lang='lat' dir='ltr'>Sed</span> <span class='ocrx_word' id='word_1_27' title='bbox 691 866 844 969; x_wconf 90' lang='lat' dir='ltr'>batum</span> <span class='ocrx_word' id='word_1_28' title='bbox 880 869 1046 991; x_wconf 89' lang='lat' dir='ltr'>altera,</span> <span class='ocrx_word' id='word_1_29' title='bbox 1082 912 1175 1013; x_wconf 92' lang='lat' dir='ltr'>quo</span> <span class='ocrx_word' id='word_1_30' title='bbox 1219 879 1405 979; x_wconf 84' lang='lat' dir='ltr'>sexcenti</span> <span class='ocrx_word' id='word_1_31' title='bbox 1450 884 1572 985; x_wconf 89' lang='lat' dir='ltr'>circi-</span> 
     </span>
     <span class='ocr_line' id='line_1_5' title="bbox 107 1007 1575 1162; baseline 0.007 -40"><span class='ocrx_word' id='word_1_32' title='bbox 107 1060 181 1122; x_wconf 91' lang='lat' dir='ltr'>ter</span> <span class='ocrx_word' id='word_1_33' title='bbox 220 1016 421 1121; x_wconf 84' lang='lat' dir='ltr'>mortales</span> <span class='ocrx_word' id='word_1_34' title='bbox 463 1007 794 1155; x_wconf 79' lang='lat' dir='ltr'>confirgerant,</span> <span class='ocrx_word' id='word_1_35' title='bbox 831 1014 990 1114; x_wconf 89' lang='lat' dir='ltr'>eodem</span> <span class='ocrx_word' id='word_1_36' title='bbox 1015 1016 1100 1116; x_wconf 76' lang='lat' dir='ltr'>¹die</span> <span class='ocrx_word' id='word_1_37' title='bbox 1143 1059 1184 1120; x_wconf 90' lang='lat' dir='ltr'>se</span> <span class='ocrx_word' id='word_1_38' title='bbox 1206 1010 1275 1122; x_wconf 77' lang='lat' dir='ltr'>(in</span> <span class='ocrx_word' id='word_1_39' title='bbox 1317 1061 1575 1162; x_wconf 89' lang='lat' dir='ltr'>potestatem</span> 
     </span>
     <span class='ocr_line' id='line_1_6' title="bbox 107 1157 1578 1309; baseline 0.005 -44"><span class='ocrx_word' id='word_1_40' title='bbox 107 1163 338 1309; x_wconf 80' lang='lat' dir='ltr'>permisit3</span> <span class='ocrx_word' id='word_1_41' title='bbox 376 1160 538 1280; x_wconf 75' lang='lat' dir='ltr'>altera,</span> <span class='ocrx_word' id='word_1_42' title='bbox 575 1199 664 1299; x_wconf 89' lang='lat' dir='ltr'>qua</span> <span class='ocrx_word' id='word_1_43' title='bbox 691 1157 819 1271; x_wconf 52' lang='lat' dir='ltr'>,mille</span> <span class='ocrx_word' id='word_1_44' title='bbox 856 1160 1032 1259; x_wconf 89' lang='lat' dir='ltr'>ducenti</span> <span class='ocrx_word' id='word_1_45' title='bbox 1069 1164 1254 1300; x_wconf 86' lang='lat' dir='ltr'>amplius</span> <span class='ocrx_word' id='word_1_46' title='bbox 1291 1169 1578 1274; x_wconf 83' lang='lat' dir='ltr'>contineban-</span> 
     </span>
     <span class='ocr_line' id='line_1_7' title="bbox 104 1301 1576 1456; baseline -0.003 -46"><span class='ocrx_word' id='word_1_47' title='bbox 104 1346 208 1428; x_wconf 89' lang='lat' dir='ltr'><strong>tur,</strong></span> <span class='ocrx_word' id='word_1_48' title='bbox 228 1345 334 1407; x_wconf 92' lang='lat' dir='ltr'>cum</span> <span class='ocrx_word' id='word_1_49' title='bbox 370 1301 496 1404; x_wconf 92' lang='lat' dir='ltr'>bidui</span> <span class='ocrx_word' id='word_1_50' title='bbox 534 1302 917 1445; x_wconf 78' lang='lat' dir='ltr'>oppugnationem</span> <span class='ocrx_word' id='word_1_51' title='bbox 953 1303 1242 1426; x_wconf 71' lang='lat' dir='ltr'>sustinuisset,</span> <span class='ocrx_word' id='word_1_52' title='bbox 1264 1307 1357 1449; x_wconf 83' lang='lat' dir='ltr'>ipsa</span> <span class='ocrx_word' id='word_1_53' title='bbox 1394 1353 1576 1456; x_wconf 73' lang='lat' dir='ltr'>quoque</span> 
     </span>
    </p>
   </div>
   <div class='ocr_carea' id='block_1_3' title="bbox 78 1446 1688 4763">
    <p class='ocr_par' dir='ltr' id='par_1_3' title="bbox 78 1446 1688 4763">
     <span class='ocr_line' id='line_1_8' title="bbox 118 1446 1576 1590; baseline 0.003 -36"><span class='ocrx_word' id='word_1_54' title='bbox 118 1453 393 1554; x_wconf 89' lang='lat' dir='ltr'>deditionem</span> <span class='ocrx_word' id='word_1_55' title='bbox 444 1446 583 1550; x_wconf 86' lang='lat' dir='ltr'>fecit.</span> <span class='ocrx_word' id='word_1_56' title='bbox 634 1458 832 1590; x_wconf 88' lang='lat' dir='ltr'>Recepto</span> <span class='ocrx_word' id='word_1_57' title='bbox 886 1448 1076 1550; x_wconf 84' lang='lat' dir='ltr'>Castello</span> <span class='ocrx_word' id='word_1_58' title='bbox 1128 1475 1223 1550; x_wconf 71' lang='lat' dir='ltr'>nobo</span> <span class='ocrx_word' id='word_1_59' title='bbox 1274 1452 1386 1554; x_wconf 88' lang='lat' dir='ltr'>circa</span> <span class='ocrx_word' id='word_1_60' title='bbox 1421 1456 1576 1565; x_wconf 82' lang='lat' dir='ltr'>finem</span> 
     </span>
     <span class='ocr_line' id='line_1_9' title="bbox 113 1590 1619 1744; baseline 0.005 -45"><span class='ocrx_word' id='word_1_61' title='bbox 113 1597 273 1701; x_wconf 86' lang='lat' dir='ltr'>mensis</span> <span class='ocrx_word' id='word_1_62' title='bbox 315 1592 567 1713; x_wconf 91' lang='lat' dir='ltr'>Octobris,</span> <span class='ocrx_word' id='word_1_63' title='bbox 594 1593 766 1734; x_wconf 73' lang='lat' dir='ltr'>&#39;placuit</span> <span class='ocrx_word' id='word_1_64' title='bbox 809 1590 876 1691; x_wconf 91' lang='lat' dir='ltr'>ibi</span> <span class='ocrx_word' id='word_1_65' title='bbox 911 1593 995 1694; x_wconf 90' lang='lat' dir='ltr'>tria</span> <span class='ocrx_word' id='word_1_66' title='bbox 1030 1593 1169 1695; x_wconf 82' lang='lat' dir='ltr'>millia</span> <span class='ocrx_word' id='word_1_67' title='bbox 1215 1631 1260 1695; x_wconf 91' lang='lat' dir='ltr'>et</span> <span class='ocrx_word' id='word_1_68' title='bbox 1307 1599 1575 1744; x_wconf 89' lang='lat' dir='ltr'>quingentos</span> <span class='ocrx_word' id='word_1_69' title='bbox 1617 1633 1619 1635; x_wconf 75' lang='grc'><strong><em>’</em></strong></span> 
     </span>
     <span class='ocr_line' id='line_1_10' title="bbox 120 1736 1574 1884; baseline 0.002 -41"><span class='ocrx_word' id='word_1_70' title='bbox 120 1741 310 1881; x_wconf 83' lang='lat' dir='ltr'>Hispani</span> <span class='ocrx_word' id='word_1_71' title='bbox 346 1739 513 1884; x_wconf 89' lang='lat' dir='ltr'>generis</span> <span class='ocrx_word' id='word_1_72' title='bbox 550 1774 775 1840; x_wconf 88' lang='lat' dir='ltr'>veteranos</span> <span class='ocrx_word' id='word_1_73' title='bbox 811 1736 970 1838; x_wconf 87' lang='lat' dir='ltr'>milites</span> <span class='ocrx_word' id='word_1_74' title='bbox 1006 1779 1108 1841; x_wconf 91' lang='lat' dir='ltr'>cum</span> <span class='ocrx_word' id='word_1_75' title='bbox 1146 1736 1361 1881; x_wconf 83' lang='lat' dir='ltr'>praefecto</span> <span class='ocrx_word' id='word_1_76' title='bbox 1406 1753 1574 1848; x_wconf 82' lang='lat' dir='ltr'>Franci·</span> 
     </span>
     <span class='ocr_line' id='line_1_11' title="bbox 116 1881 1657 2025; baseline 0.004 -39"><span class='ocrx_word' id='word_1_77' title='bbox 116 1928 190 1988; x_wconf 90' lang='lat' dir='ltr'>sco</span> <span class='ocrx_word' id='word_1_78' title='bbox 227 1883 454 1988; x_wconf 82' lang='lat' dir='ltr'>Sarmento</span> <span class='ocrx_word' id='word_1_79' title='bbox 499 1883 713 2025; x_wconf 84' lang='lat' dir='ltr'>praesidio</span> <span class='ocrx_word' id='word_1_80' title='bbox 751 1881 1030 2025; x_wconf 69' lang='lat' dir='ltr'>relinqueres</span> <span class='ocrx_word' id='word_1_81' title='bbox 1065 1925 1146 1985; x_wconf 90' lang='lat' dir='ltr'>nec</span> <span class='ocrx_word' id='word_1_82' title='bbox 1183 1885 1306 1985; x_wconf 92' lang='lat' dir='ltr'>bono</span> <span class='ocrx_word' id='word_1_83' title='bbox 1343 1927 1421 2005; x_wconf 88' lang='lat' dir='ltr'>nec</span> <span class='ocrx_word' id='word_1_84' title='bbox 1456 1885 1576 1994; x_wconf 88' lang='lat' dir='ltr'>felici</span> <span class='ocrx_word' id='word_1_85' title='bbox 1655 1911 1657 1915; x_wconf 78' lang='grc'>’</span> 
     </span>
     <span class='ocr_line' id='line_1_12' title="bbox 117 2027 1574 2170; baseline 0.001 -39"><span class='ocrx_word' id='word_1_86' title='bbox 117 2030 333 2132; x_wconf 75' lang='lat' dir='ltr'>consilio·</span> <span class='ocrx_word' id='word_1_87' title='bbox 356 2039 477 2131; x_wconf 89' lang='lat' dir='ltr'>Nam</span> <span class='ocrx_word' id='word_1_88' title='bbox 512 2028 757 2170; x_wconf 88' lang='lat' dir='ltr'>insequenti</span> <span class='ocrx_word' id='word_1_89' title='bbox 780 2066 936 2130; x_wconf 79' lang='lat' dir='ltr'>aestate</span> <span class='ocrx_word' id='word_1_90' title='bbox 962 2031 1153 2131; x_wconf 86' lang='lat' dir='ltr'>maxima</span> <span class='ocrx_word' id='word_1_91' title='bbox 1187 2027 1425 2132; x_wconf 90' lang='lat' dir='ltr'>hominum</span> <span class='ocrx_word' id='word_1_92' title='bbox 1460 2036 1574 2134; x_wconf 63' lang='lat' dir='ltr'>mul⁴</span> 
     </span>
     <span class='ocr_line' id='line_1_13' title="bbox 114 2172 1575 2316; baseline 0.003 -40"><span class='ocrx_word' id='word_1_93' title='bbox 114 2176 263 2277; x_wconf 89' lang='lat' dir='ltr'>titudo</span> <span class='ocrx_word' id='word_1_94' title='bbox 308 2172 511 2277; x_wconf 89' lang='lat' dir='ltr'>terrestris</span> <span class='ocrx_word' id='word_1_95' title='bbox 558 2172 766 2275; x_wconf 87' lang='lat' dir='ltr'>exercitus</span> <span class='ocrx_word' id='word_1_96' title='bbox 809 2184 923 2309; x_wconf 90' lang='lat' dir='ltr'>jussu</span> <span class='ocrx_word' id='word_1_97' title='bbox 959 2173 1183 2311; x_wconf 88' lang='lat' dir='ltr'>Solymani</span> <span class='ocrx_word' id='word_1_98' title='bbox 1228 2177 1422 2316; x_wconf 88' lang='lat' dir='ltr'>undique</span> <span class='ocrx_word' id='word_1_99' title='bbox 1463 2217 1575 2280; x_wconf 86' lang='lat' dir='ltr'>con-</span> 
     </span>
     <span class='ocr_line' id='line_1_14' title="bbox 113 2317 1575 2422; baseline 0 0"><span class='ocrx_word' id='word_1_100' title='bbox 113 2320 268 2422; x_wconf 87' lang='lat' dir='ltr'>venit.</span> <span class='ocrx_word' id='word_1_101' title='bbox 308 2318 450 2421; x_wconf 82' lang='lat' dir='ltr'>Affuit</span> <span class='ocrx_word' id='word_1_102' title='bbox 496 2317 630 2418; x_wconf 91' lang='lat' dir='ltr'>etiam</span> <span class='ocrx_word' id='word_1_103' title='bbox 673 2357 776 2417; x_wconf 89' lang='lat' dir='ltr'>curn</span> <span class='ocrx_word' id='word_1_104' title='bbox 819 2319 1146 2420; x_wconf 87' lang='lat' dir='ltr'>instructissima</span> <span class='ocrx_word' id='word_1_105' title='bbox 1188 2320 1317 2420; x_wconf 85' lang='lat' dir='ltr'>classe</span> <span class='ocrx_word' id='word_1_106' title='bbox 1359 2319 1575 2422; x_wconf 88' lang='lat' dir='ltr'>Charadi-</span> 
     </span>
     <span class='ocr_line' id='line_1_15' title="bbox 114 2463 1574 2608; baseline 0.001 -43"><span class='ocrx_word' id='word_1_107' title='bbox 114 2503 219 2571; x_wconf 74' lang='lat' dir='ltr'>nust</span> <span class='ocrx_word' id='word_1_108' title='bbox 254 2463 466 2608; x_wconf 88' lang='lat' dir='ltr'>rebusque</span> <span class='ocrx_word' id='word_1_109' title='bbox 502 2463 807 2607; x_wconf 87' lang='lat' dir='ltr'>comparatis,</span> <span class='ocrx_word' id='word_1_110' title='bbox 849 2466 1100 2590; x_wconf 89' lang='lat' dir='ltr'>castellum,</span> <span class='ocrx_word' id='word_1_111' title='bbox 1128 2467 1252 2606; x_wconf 92' lang='lat' dir='ltr'>quod</span> <span class='ocrx_word' id='word_1_112' title='bbox 1286 2505 1445 2608; x_wconf 88' lang='lat' dir='ltr'>parum</span> <span class='ocrx_word' id='word_1_113' title='bbox 1480 2503 1574 2568; x_wconf 89' lang='lat' dir='ltr'>etat</span> 
     </span>
     <span class='ocr_line' id='line_1_16' title="bbox 114 2602 1577 2750; baseline 0.001 -41"><span class='ocrx_word' id='word_1_114' title='bbox 114 2646 270 2709; x_wconf 90' lang='lat' dir='ltr'>natura</span> <span class='ocrx_word' id='word_1_115' title='bbox 325 2609 594 2728; x_wconf 86' lang='lat' dir='ltr'>munitum,</span> <span class='ocrx_word' id='word_1_116' title='bbox 643 2609 839 2749; x_wconf 89' lang='lat' dir='ltr'>undique</span> <span class='ocrx_word' id='word_1_117' title='bbox 900 2646 1009 2710; x_wconf 86' lang='lat' dir='ltr'>terra</span> <span class='ocrx_word' id='word_1_118' title='bbox 1072 2610 1268 2748; x_wconf 89' lang='lat' dir='ltr'>marique</span> <span class='ocrx_word' id='word_1_119' title='bbox 1307 2602 1577 2750; x_wconf 48' lang='lat' dir='ltr'>&#39;oppugnati</span> 
     </span>
     <span class='ocr_line' id='line_1_17' title="bbox 117 2752 1579 2895; baseline 0 -43"><span class='ocrx_word' id='word_1_120' title='bbox 117 2789 328 2895; x_wconf 88' lang='lat' dir='ltr'>coeptum</span> <span class='ocrx_word' id='word_1_121' title='bbox 361 2789 486 2854; x_wconf 88' lang='lat' dir='ltr'>tanto</span> <span class='ocrx_word' id='word_1_122' title='bbox 517 2752 716 2893; x_wconf 89' lang='lat' dir='ltr'>impetu,</span> <span class='ocrx_word' id='word_1_123' title='bbox 737 2789 786 2851; x_wconf 93' lang='lat' dir='ltr'>ut</span> <span class='ocrx_word' id='word_1_124' title='bbox 822 2752 945 2855; x_wconf 87' lang='lat' dir='ltr'>brevi</span> <span class='ocrx_word' id='word_1_125' title='bbox 980 2790 1126 2851; x_wconf 93' lang='lat' dir='ltr'>murus</span> <span class='ocrx_word' id='word_1_126' title='bbox 1152 2790 1477 2853; x_wconf 89' lang='lat' dir='ltr'>tormentorum</span> <span class='ocrx_word' id='word_1_127' title='bbox 1514 2789 1579 2852; x_wconf 89' lang='lat' dir='ltr'>te-</span> 
     </span>
     <span class='ocr_line' id='line_1_18' title="bbox 116 2894 1576 3036; baseline 0.001 -43"><span class='ocrx_word' id='word_1_128' title='bbox 116 2896 167 2994; x_wconf 90' lang='lat' dir='ltr'>lis</span> <span class='ocrx_word' id='word_1_129' title='bbox 205 2897 303 2996; x_wconf 87' lang='lat' dir='ltr'>solo</span> <span class='ocrx_word' id='word_1_130' title='bbox 340 2894 604 3036; x_wconf 89' lang='lat' dir='ltr'>quibusdam</span> <span class='ocrx_word' id='word_1_131' title='bbox 656 2894 854 3036; x_wconf 91' lang='lat' dir='ltr'>partibus</span> <span class='ocrx_word' id='word_1_132' title='bbox 909 2931 1201 3036; x_wconf 86' lang='lat' dir='ltr'>aequaretur,</span> <span class='ocrx_word' id='word_1_133' title='bbox 1238 2896 1339 3036; x_wconf 86' lang='lat' dir='ltr'>qua</span> <span class='ocrx_word' id='word_1_134' title='bbox 1375 2894 1576 2995; x_wconf 89' lang='lat' dir='ltr'>hostibus</span> 
     </span>
     <span class='ocr_line' id='line_1_19' title="bbox 117 3038 1578 3182; baseline 0.001 -44"><span class='ocrx_word' id='word_1_135' title='bbox 117 3038 501 3181; x_wconf 85' lang='lat' dir='ltr'>irrumpentibus,</span> <span class='ocrx_word' id='word_1_136' title='bbox 536 3040 676 3140; x_wconf 87' lang='lat' dir='ltr'>nostri</span> <span class='ocrx_word' id='word_1_137' title='bbox 714 3077 834 3182; x_wconf 90' lang='lat' dir='ltr'>pates</span> <span class='ocrx_word' id='word_1_138' title='bbox 872 3081 959 3139; x_wconf 88' lang='lat' dir='ltr'>esse</span> <span class='ocrx_word' id='word_1_139' title='bbox 996 3078 1087 3138; x_wconf 93' lang='lat' dir='ltr'>non</span> <span class='ocrx_word' id='word_1_140' title='bbox 1123 3075 1383 3179; x_wconf 88' lang='lat' dir='ltr'>potuerunt.</span> <span class='ocrx_word' id='word_1_141' title='bbox 1426 3052 1578 3180; x_wconf 91' lang='lat' dir='ltr'>Itaque</span> 
     </span>
     <span class='ocr_line' id='line_1_20' title="bbox 121 3178 1580 3327; baseline 0.001 -46"><span class='ocrx_word' id='word_1_142' title='bbox 121 3222 274 3283; x_wconf 89' lang='lat' dir='ltr'>omnes</span> <span class='ocrx_word' id='word_1_143' title='bbox 312 3186 481 3327; x_wconf 84' lang='lat' dir='ltr'>egregie</span> <span class='ocrx_word' id='word_1_144' title='bbox 518 3184 701 3325; x_wconf 88' lang='lat' dir='ltr'>quidem</span> <span class='ocrx_word' id='word_1_145' title='bbox 746 3225 831 3284; x_wconf 88' lang='lat' dir='ltr'>sese</span> <span class='ocrx_word' id='word_1_146' title='bbox 881 3184 961 3282; x_wconf 91' lang='lat' dir='ltr'>ulti</span> <span class='ocrx_word' id='word_1_147' title='bbox 997 3218 1039 3282; x_wconf 89' lang='lat' dir='ltr'>et</span> <span class='ocrx_word' id='word_1_148' title='bbox 1074 3178 1305 3282; x_wconf 84' lang='lat' dir='ltr'>fortissime</span> <span class='ocrx_word' id='word_1_149' title='bbox 1360 3182 1580 3283; x_wconf 87' lang='lat' dir='ltr'>dimican-</span> 
     </span>
     <span class='ocr_line' id='line_1_21' title="bbox 120 3326 1578 3468; baseline 0.002 -44"><span class='ocrx_word' id='word_1_150' title='bbox 120 3360 222 3446; x_wconf 89' lang='lat' dir='ltr'>tes,</span> <span class='ocrx_word' id='word_1_151' title='bbox 261 3366 410 3429; x_wconf 87' lang='lat' dir='ltr'>tamen</span> <span class='ocrx_word' id='word_1_152' title='bbox 446 3326 501 3428; x_wconf 89' lang='lat' dir='ltr'>ab</span> <span class='ocrx_word' id='word_1_153' title='bbox 538 3326 709 3468; x_wconf 84' lang='lat' dir='ltr'>ingenti</span> <span class='ocrx_word' id='word_1_154' title='bbox 746 3328 1027 3427; x_wconf 80' lang='lat' dir='ltr'>multitudine</span> <span class='ocrx_word' id='word_1_155' title='bbox 1062 3328 1255 3466; x_wconf 88' lang='lat' dir='ltr'>undique</span> <span class='ocrx_word' id='word_1_156' title='bbox 1300 3327 1578 3468; x_wconf 87' lang='lat' dir='ltr'>pertinaciter</span> 
     </span>
     <span class='ocr_line' id='line_1_22' title="bbox 122 3466 1576 3614; baseline 0.001 -45"><span class='ocrx_word' id='word_1_157' title='bbox 122 3509 304 3614; x_wconf 89' lang='lat' dir='ltr'>urgente</span> <span class='ocrx_word' id='word_1_158' title='bbox 342 3471 535 3613; x_wconf 87' lang='lat' dir='ltr'>oppressi</span> <span class='ocrx_word' id='word_1_159' title='bbox 571 3466 851 3612; x_wconf 84' lang='lat' dir='ltr'>confectique</span> <span class='ocrx_word' id='word_1_160' title='bbox 889 3509 1023 3596; x_wconf 91' lang='lat' dir='ltr'>sunt,</span> <span class='ocrx_word' id='word_1_161' title='bbox 1061 3471 1205 3613; x_wconf 86' lang='lat' dir='ltr'>paucis</span> <span class='ocrx_word' id='word_1_162' title='bbox 1243 3469 1461 3610; x_wconf 89' lang='lat' dir='ltr'>exceptis,</span> <span class='ocrx_word' id='word_1_163' title='bbox 1496 3470 1576 3609; x_wconf 93' lang='lat' dir='ltr'>qui</span> 
     </span>
     <span class='ocr_line' id='line_1_23' title="bbox 124 3613 1576 3755; baseline 0.001 -44"><span class='ocrx_word' id='word_1_164' title='bbox 124 3615 252 3715; x_wconf 89' lang='lat' dir='ltr'>saucii</span> <span class='ocrx_word' id='word_1_165' title='bbox 289 3616 337 3716; x_wconf 93' lang='lat' dir='ltr'>in</span> <span class='ocrx_word' id='word_1_166' title='bbox 375 3615 596 3717; x_wconf 85' lang='lat' dir='ltr'>infirmam</span> <span class='ocrx_word' id='word_1_167' title='bbox 646 3653 791 3714; x_wconf 90' lang='lat' dir='ltr'>arcem</span> <span class='ocrx_word' id='word_1_168' title='bbox 828 3657 914 3716; x_wconf 89' lang='lat' dir='ltr'>sese</span> <span class='ocrx_word' id='word_1_169' title='bbox 965 3649 1245 3755; x_wconf 88' lang='lat' dir='ltr'>receperant,</span> <span class='ocrx_word' id='word_1_170' title='bbox 1285 3613 1388 3754; x_wconf 60' lang='lat' dir='ltr'>qui„</span> <span class='ocrx_word' id='word_1_171' title='bbox 1414 3649 1457 3712; x_wconf 89' lang='lat' dir='ltr'>et</span> <span class='ocrx_word' id='word_1_172' title='bbox 1493 3613 1576 3754; x_wconf 88' lang='lat' dir='ltr'>ipsi</span> 
     </span>
     <span class='ocr_line' id='line_1_24' title="bbox 120 3751 1688 3899; baseline -0.001 -44"><span class='ocrx_word' id='word_1_173' title='bbox 120 3751 232 3858; x_wconf 85' lang='lat' dir='ltr'>facta</span> <span class='ocrx_word' id='word_1_174' title='bbox 286 3759 509 3860; x_wconf 90' lang='lat' dir='ltr'>deditione</span> <span class='ocrx_word' id='word_1_175' title='bbox 560 3759 608 3858; x_wconf 90' lang='lat' dir='ltr'>in</span> <span class='ocrx_word' id='word_1_176' title='bbox 657 3756 897 3859; x_wconf 86' lang='lat' dir='ltr'>Charadini</span> <span class='ocrx_word' id='word_1_177' title='bbox 950 3795 1211 3899; x_wconf 87' lang='lat' dir='ltr'>potestatem</span> <span class='ocrx_word' id='word_1_178' title='bbox 1259 3752 1575 3899; x_wconf 73' lang='lat' dir='ltr'>peruenerunt.</span> <span class='ocrx_word' id='word_1_179' title='bbox 1687 3752 1688 3755; x_wconf 5' lang='grc' dir='ltr'>Ὺ</span> 
     </span>
     <span class='ocr_line' id='line_1_25' title="bbox 121 3898 1578 4044; baseline -0.001 -45"><span class='ocrx_word' id='word_1_180' title='bbox 121 3898 361 4004; x_wconf 87' lang='lat' dir='ltr'>Praefectus</span> <span class='ocrx_word' id='word_1_181' title='bbox 413 3904 505 4044; x_wconf 90' lang='lat' dir='ltr'>ipse</span> <span class='ocrx_word' id='word_1_182' title='bbox 560 3900 804 4002; x_wconf 87' lang='lat' dir='ltr'>Franciscus</span> <span class='ocrx_word' id='word_1_183' title='bbox 854 3916 1098 4004; x_wconf 83' lang='lat' dir='ltr'>Sarmentus</span> <span class='ocrx_word' id='word_1_184' title='bbox 1147 3900 1254 4001; x_wconf 86' lang='lat' dir='ltr'>civis</span> <span class='ocrx_word' id='word_1_185' title='bbox 1311 3936 1354 4001; x_wconf 92' lang='lat' dir='ltr'>et</span> <span class='ocrx_word' id='word_1_186' title='bbox 1402 3914 1578 4000; x_wconf 86' lang='lat' dir='ltr'>Senator</span> 
     </span>
     <span class='ocr_line' id='line_1_26' title="bbox 122 4042 1577 4186; baseline 0 -45"><span class='ocrx_word' id='word_1_187' title='bbox 122 4047 387 4185; x_wconf 88' lang='lat' dir='ltr'>Burgensis,</span> <span class='ocrx_word' id='word_1_188' title='bbox 431 4049 539 4147; x_wconf 89' lang='lat' dir='ltr'>dum</span> <span class='ocrx_word' id='word_1_189' title='bbox 591 4047 822 4147; x_wconf 86' lang='lat' dir='ltr'>necessaria</span> <span class='ocrx_word' id='word_1_190' title='bbox 874 4047 1142 4186; x_wconf 88' lang='lat' dir='ltr'>imperaret,</span> <span class='ocrx_word' id='word_1_191' title='bbox 1178 4086 1365 4185; x_wconf 88' lang='lat' dir='ltr'>suosque</span> <span class='ocrx_word' id='word_1_192' title='bbox 1415 4042 1577 4143; x_wconf 87' lang='lat' dir='ltr'>cohor-</span> 
     </span>
     <span class='ocr_line' id='line_1_27' title="bbox 125 4185 1583 4333; baseline 0.001 -50"><span class='ocrx_word' id='word_1_193' title='bbox 125 4219 314 4305; x_wconf 89' lang='lat' dir='ltr'>taretur,</span> <span class='ocrx_word' id='word_1_194' title='bbox 351 4226 392 4287; x_wconf 89' lang='lat' dir='ltr'>et</span> <span class='ocrx_word' id='word_1_195' title='bbox 439 4191 659 4290; x_wconf 91' lang='lat' dir='ltr'>interdum</span> <span class='ocrx_word' id='word_1_196' title='bbox 716 4231 849 4291; x_wconf 89' lang='lat' dir='ltr'>manu</span> <span class='ocrx_word' id='word_1_197' title='bbox 901 4227 1144 4333; x_wconf 84' lang='lat' dir='ltr'>pugnaret,</span> <span class='ocrx_word' id='word_1_198' title='bbox 1183 4191 1302 4290; x_wconf 91' lang='lat' dir='ltr'>ducis</span> <span class='ocrx_word' id='word_1_199' title='bbox 1354 4185 1483 4285; x_wconf 88' lang='lat' dir='ltr'>simul</span> <span class='ocrx_word' id='word_1_200' title='bbox 1533 4226 1583 4285; x_wconf 90' lang='lat' dir='ltr'>ac</span> 
     </span>
     <span class='ocr_line' id='line_1_28' title="bbox 126 4328 1579 4477; baseline 0 -47"><span class='ocrx_word' id='word_1_201' title='bbox 126 4331 273 4432; x_wconf 89' lang='lat' dir='ltr'>militis</span> <span class='ocrx_word' id='word_1_202' title='bbox 311 4328 461 4432; x_wconf 86' lang='lat' dir='ltr'>officio</span> <span class='ocrx_word' id='word_1_203' title='bbox 498 4335 672 4477; x_wconf 82' lang='lat' dir='ltr'>egregie</span> <span class='ocrx_word' id='word_1_204' title='bbox 709 4331 1012 4476; x_wconf 78' lang='lat' dir='ltr'>fungebatut3</span> <span class='ocrx_word' id='word_1_205' title='bbox 1049 4336 1128 4475; x_wconf 90' lang='lat' dir='ltr'>qui</span> <span class='ocrx_word' id='word_1_206' title='bbox 1164 4372 1266 4432; x_wconf 91' lang='lat' dir='ltr'>curn</span> <span class='ocrx_word' id='word_1_207' title='bbox 1303 4340 1393 4462; x_wconf 86' lang='lat' dir='ltr'>jam</span> <span class='ocrx_word' id='word_1_208' title='bbox 1443 4328 1579 4431; x_wconf 87' lang='lat' dir='ltr'>bosti-</span> 
     </span>
     <span class='ocr_line' id='line_1_29' title="bbox 123 4465 1579 4618; baseline 0 -46"><span class='ocrx_word' id='word_1_209' title='bbox 123 4465 199 4572; x_wconf 90' lang='lat' dir='ltr'>bus</span> <span class='ocrx_word' id='word_1_210' title='bbox 235 4475 539 4618; x_wconf 89' lang='lat' dir='ltr'>ingruentibus</span> <span class='ocrx_word' id='word_1_211' title='bbox 592 4479 648 4577; x_wconf 91' lang='lat' dir='ltr'>ad</span> <span class='ocrx_word' id='word_1_212' title='bbox 702 4480 895 4594; x_wconf 90' lang='lat' dir='ltr'>turrim,</span> <span class='ocrx_word' id='word_1_213' title='bbox 934 4515 1025 4614; x_wconf 91' lang='lat' dir='ltr'>quo</span> <span class='ocrx_word' id='word_1_214' title='bbox 1079 4475 1212 4574; x_wconf 89' lang='lat' dir='ltr'>saucii</span> <span class='ocrx_word' id='word_1_215' title='bbox 1263 4468 1549 4616; x_wconf 80' lang='lat' dir='ltr'>confugerant</span> <span class='ocrx_word' id='word_1_216' title='bbox 1564 4552 1579 4594; x_wconf 92' lang='lat'>,</span> 
     </span>
     <span class='ocr_line' id='line_1_30' title="bbox 78 4617 1588 4763; baseline 0.001 -49"><span class='ocrx_word' id='word_1_217' title='bbox 78 4751 79 4754; x_wconf 4' lang='lat' dir='ltr'>w</span> <span class='ocrx_word' id='word_1_218' title='bbox 122 4651 225 4718; x_wconf 88' lang='lat' dir='ltr'>curn</span> <span class='ocrx_word' id='word_1_219' title='bbox 274 4660 464 4761; x_wconf 88' lang='lat' dir='ltr'>quatuor</span> <span class='ocrx_word' id='word_1_220' title='bbox 518 4658 590 4722; x_wconf 87' lang='lat' dir='ltr'>aut</span> <span class='ocrx_word' id='word_1_221' title='bbox 628 4621 829 4763; x_wconf 83' lang='lat' dir='ltr'>quinque</span> <span class='ocrx_word' id='word_1_222' title='bbox 880 4619 1092 4740; x_wconf 85' lang='lat' dir='ltr'>militibus</span> <span class='ocrx_word' id='word_1_223' title='bbox 1144 4617 1448 4740; x_wconf 89' lang='lat' dir='ltr'>constitisset,</span> <span class='ocrx_word' id='word_1_224' title='bbox 1483 4617 1588 4716; x_wconf 90' lang='lat' dir='ltr'>hor·</span> 
     </span>
    </p>
   </div>
   <div class='ocr_carea' id='block_1_4' title="bbox 114 4763 1587 4998">
    <p class='ocr_par' dir='ltr' id='par_1_4' title="bbox 114 4763 1587 4998">
     <span class='ocr_line' id='line_1_31' title="bbox 114 4763 1585 4910; baseline 0.003 -57"><span class='ocrx_word' id='word_1_225' title='bbox 114 4786 240 4862; x_wconf 86' lang='lat' dir='ltr'>tante</span> <span class='ocrx_word' id='word_1_226' title='bbox 270 4765 485 4866; x_wconf 88' lang='lat' dir='ltr'>Machino</span> <span class='ocrx_word' id='word_1_227' title='bbox 513 4768 763 4910; x_wconf 85' lang='lat' dir='ltr'>Monguia,</span> <span class='ocrx_word' id='word_1_228' title='bbox 787 4765 868 4909; x_wconf 87' lang='lat' dir='ltr'>qui</span> <span class='ocrx_word' id='word_1_229' title='bbox 904 4800 993 4863; x_wconf 86' lang='lat' dir='ltr'>erat</span> <span class='ocrx_word' id='word_1_230' title='bbox 1030 4804 1082 4863; x_wconf 85' lang='lat' dir='ltr'>ex</span> <span class='ocrx_word' id='word_1_231' title='bbox 1111 4763 1373 4880; x_wconf 88' lang='lat' dir='ltr'>vulneratis,</span> <span class='ocrx_word' id='word_1_232' title='bbox 1398 4797 1448 4860; x_wconf 94' lang='lat' dir='ltr'>ut</span> <span class='ocrx_word' id='word_1_233' title='bbox 1486 4800 1585 4860; x_wconf 88' lang='lat' dir='ltr'>suae</span> 
     </span>
     <span class='ocr_line' id='line_1_32' title="bbox 434 4941 1587 4998; baseline 0.002 -2"><span class='ocrx_word' id='word_1_234' title='bbox 434 4957 436 4961; x_wconf 95' lang='lat'>·</span> <span class='ocrx_word' id='word_1_235' title='bbox 1016 4950 1018 4955; x_wconf 50' lang='lat'>&gt;</span> <span class='ocrx_word' id='word_1_236' title='bbox 1520 4941 1587 4998; x_wconf 82' lang='lat' dir='ltr'>sa-</span> 
     </span>
    </p>
   </div>
   <div class='ocr_carea' id='block_1_5' title="bbox 0 0 2073 5876">
    <p class='ocr_par' dir='ltr' id='par_1_5' title="bbox 0 0 2073 5876">
     <span class='ocr_line' id='line_1_33' title="bbox 0 0 2073 5876; baseline 0 0"><span class='ocrx_word' id='word_1_237' title='bbox 0 0 2073 5876; x_wconf 95' lang='lat' dir='ltr'> </span> 
     </span>
    </p>
   </div>
  </div>
 </body>
</html>
