4124 5880
580 415 823 496 caxotr
865 415 918 495 v.
961 416 1073 495 ΜΒ.
1115 422 1235 499 xix.
1522 444 1598 530 103

182 604 278 678 ram
328 581 499 716 partem
550 566 825 670 obtinerent.
886 578 1105 671 Praeterea
1155 573 1262 672 locis
1319 572 1485 681 idoneis
1541 584 1646 724 equi

183 720 423 863 dispositi,
459 710 621 856 quibus
674 713 859 813 Carolus
909 725 1104 840 Caesar,
1140 717 1303 821 Carolo
1356 759 1398 836 et
1447 729 1644 829 Henrico

180 858 526 966 adolescentibus
561 855 690 998 regiis
727 858 887 958 eodem
925 860 1066 958 modo
1102 864 1506 1005 prosequentibus,
1542 911 1643 973 ute-

181 1005 341 1115 batur,
382 1003 454 1103 scd
491 1000 550 1100 ita
587 1036 636 1101 ut
672 1040 764 1102 non
799 1002 985 1143 amplius
1021 1012 1140 1135 justo
1176 1047 1271 1107 non
1314 1014 1645 1150 properantium

182 1148 335 1253 itinere
372 1143 632 1248 conficeret.
677 1153 801 1244 Nam
837 1184 941 1245 cum
978 1182 1092 1247 totas
1129 1188 1277 1250 noctes
1316 1153 1456 1290 quieti
1492 1145 1640 1279 daret,
1771 1275 1773 1282 Ι

182 1295 249 1395 die
288 1331 473 1434 quoque
510 1288 738 1399 remissum
774 1327 951 1391 cursum
988 1330 1064 1430 per
1112 1292 1244 1436 longa
1293 1294 1522 1399 intervalla
1575 1339 1644 1401 re-

180 1435 390 1578 petebat,
427 1475 453 1533 a
490 1475 583 1574 quo
621 1433 718 1574 ipso
740 1511 755 1552 ‚
777 1445 895 1535 'cum
931 1435 1213 1579 Burdigalam
1268 1446 1454 1543 ventum
1510 1480 1645 1566 esset,
1789 1440 1791 1443 i

178 1581 370 1682 omnino
407 1577 607 1698 destitit,
644 1617 669 1674 a
705 1577 836 1716 regiis
872 1578 1251 1702 adolescentibus,
1287 1621 1337 1684 ut
1374 1585 1536 1690 itineris
1580 1585 1649 1700 fa-¹

172 1726 326 1835 ciendi
360 1721 576 1824 rationem
613 1756 836 1841 mutaret,
872 1758 1099 1824 exoratus.
1145 1735 1300 1867 ltaque
1336 1733 1647 1835 commodiora

162 1879 383 2001 jumenta
419 1865 598 2010 singulis
633 1866 689 1965 ad
726 1865 949 2006 reliquum
974 1867 1074 1969 viae
1110 1874 1410 2013 peragendum
1445 1872 1519 1975 ltic
1554 1871 1657 1977 fue·¹

155 2051 283 2115 runt
320 2008 557 2113 attributa.
595 2018 674 2112 Per
696 2007 983 2131 Pictavium,
1019 2011 1279 2116 Ambasiam
1307 2096 1322 2137 ‚
1354 2018 1562 2145 Blaesos,
1600 2059 1644 2122 et

152 2158 410 2260 Aureliam
445 2153 613 2299 oppida
664 2150 834 2255 nobilia
883 2192 1134 2298 progressus
1169 2159 1391 2282 Carolus,
1427 2172 1519 2294 jam
1573 2163 1648 2284 ei,

152 2305 313 2445 quod
346 2306 525 2405 Lorclras,
565 2298 751 2420 dicunt,
788 2296 1208 2445 appropinquabat,
1244 2345 1348 2407 cum
1400 2308 1457 2407 ad
1502 2307 1647 2447 ipsum

149 2458 280 2553 Rex
317 2483 359 2549 et
393 2449 565 2590 Regina
599 2445 842 2550 multorum
878 2445 1052 2552 dierum
1087 2449 1169 2550 iter
1212 2447 1399 2552 obviam
1442 2491 1645 2594 progres·
1743 2484 1750 2513 ³

152 2593 210 2694 si
256 2630 585 2735 pervenerunt,
622 2630 666 2693 et
702 2633 1007 2735 magnacum
1060 2593 1222 2695 laetitia
1274 2595 1649 2736 gratulationeque

151 2773 221 2838 et
263 2737 539 2839 amicissimis
575 2736 846 2877 amplexibus
883 2775 1173 2878 exceperunt.
1224 2734 1298 2837 Ab
1335 2779 1390 2837 eo
1427 2739 1528 2839 loco
1564 2749 1651 2838 Lu-

36 2931 39 2936 ,
159 2880 347 2982 tetiam
379 2923 519 3023 usque
557 2880 757 3021 planities
801 2882 1031 2982 intercedit
1082 2881 1228 2982 hieme
1264 2879 1502 2986 viatoribus
1555 2921 1655 3023 per·-

158 3025 409 3146 molesta,
444 3029 542 3126 luto
579 3060 622 3125 et
657 3026 781 3167 aquis
827 3026 1041 3169 impedita
1079 3068 1089 3123 ε
1128 3028 1185 3126 ad
1221 3023 1333 3125 hanc
1373 3027 1654 3126 commodius

157 3171 569 3271 transmittendam
605 3248 621 3291 ,
659 3206 861 3312 paratum
912 3203 1002 3271 erat
1059 3171 1287 3310 quoddam
1336 3169 1458 3272 velut
1506 3167 1656 3270 taber-

158 3313 397 3417 naculum
433 3356 485 3416 ex
522 3313 652 3457 lignis
690 3354 818 3455 supra
853 3317 956 3414 duas
991 3310 1134 3415 trabes
1170 3313 1501 3434 aedificatum,
1538 3316 1655 3413 duo-

163 3456 361 3598 busque
412 3458 556 3598 parvis
607 3454 818 3558 cubiculis
871 3457 1177 3577 distinctum,
1213 3498 1326 3599 quae
1374 3496 1451 3597 per
1500 3456 1658 3558 vitreas

166 3597 399 3702 fenestras
443 3601 595 3703 lumen
653 3599 994 3704 admittebant:
1037 3601 1124 3702 ltoc
1176 3604 1299 3742 equis
1335 3601 1660 3744 quinquaginta

157 3744 503 3867 trahentibus,
531 3746 716 3849 Carolus
744 3756 901 3847 Caesar
937 3747 1265 3886 Franciscusque
1294 3758 1392 3847 Rex
1428 3785 1530 3846 cum
1570 3737 1660 3847 Re-

148 3893 304 4033 gina
336 3887 596 4034 duobusque
633 3889 732 3992 filiis
769 3926 812 3991 et
849 3890 939 3991 lilia
976 3928 1019 3992 et
1048 3930 1162 3991 nuru
1198 3888 1430 4009 convecti,
1469 3890 1518 3989 in
1545 3899 1660 3987 Fon-

148 4027 477 4137 tenoblaeum
514 4036 816 4156 diverterant,
842 4035 1042 4178 regaliter
1078 4036 1340 4136 instructum
1376 4069 1419 4132 et
1445 4065 1662 4137 ornatum

140 4177 502 4317 Praetorium,
539 4221 632 4322 quo
667 4193 807 4323 Reges
843 4180 1008 4281 Galliae
1060 4179 1146 4283 otii
1182 4175 1518 4319 venationisque
1560 4214 1662 4318 gra-

145 4322 248 4422 tia
288 4324 487 4423 secedere
524 4323 744 4445 solebant.
1315 4375 1317 4379 ·

227 4475 375 4583 ,Vnt
450 4469 541 4567 Hic
577 4507 683 4569 curn
736 4467 827 4568 dies
865 4467 1122 4608 quindecim
1159 4462 1484 4600 jucundissimis
1527 4464 1666 4567 collo<

155 4607 311 4746 quiis
356 4644 399 4706 et
449 4613 674 4751 splendide
711 4653 761 4711 ac
798 4606 980 4755 opipare
1033 4612 1248 4752 apparatis
1303 4611 1440 4754 epulis
1495 4634 1665 4712 summa

151 4747 410 4853 hilaritate
460 4757 794 4859 consumsissent
830 4835 845 4876 ‚
885 4755 1108 4859 Lutetiam
1160 4754 1425 4859 Parisiorum
1481 4784 1665 4896 progre⁴

1537 4899 1667 4996 diun-
