4102 5864
543 448 873 537 caaotrv
931 446 1576 553 tm.xxv1.361
1643 443 1648 464 “

42 604 44 607 ’
160 599 416 753 pollicentes
458 599 742 718 detulerunts
779 611 981 773 dictaque
1015 610 1072 712 ab
1110 611 1174 711 his
1216 651 1259 712 et
1294 611 1431 716 Dotia
1469 617 1616 717 reddi-¹

156 790 293 894 taque
344 757 475 855 salute
512 752 839 894 ,Philippus,
876 756 956 894 qui
1006 796 1049 853 se
1095 758 1150 854 acl
1187 757 1338 854 omnia
1378 757 1611 897 perhuma-

154 936 287 998 num
311 831 618 1035 affabilemque
666 895 934 1058 praebebat,
969 894 1248 1059 digreditur,
1284 898 1354 995 die
1389 902 1527 998 ventis
1568 936 1610 1000 et

153 1038 334 1174 nivibus
370 1039 653 1178 asperrimo,
687 1037 802 1137 ratio
840 1040 958 1137 enlm
991 1040 1175 1199 suscepti
1211 1040 1378 1137 itineris
1426 1039 1607 1180 longio-

154 1216 223 1277 res
258 1218 403 1279 moras
438 1219 529 1278 non
568 1172 834 1318 patiebatur.
898 1189 976 1278 Per
1012 1181 1129 1278 viam
1164 1179 1300 1318 igitur
1340 1219 1494 1320 sponte
1530 1223 1605 1280 sua

155 1308 468 1419 difficillimam
515 1356 558 1419 et
610 1322 844 1438 arduam,
881 1355 932 1435 ut
981 1357 1081 1420 sunt
1129 1321 1331 1460 pleraque
1365 1324 1516 1423 omnia
1555 1324 1603 1421 in

153 1440 381 1560 montibus
415 1461 679 1600 Ligusticis,
716 1497 840 1560 tanto
879 1461 1028 1560 labore
1064 1497 1109 1560 et
1141 1463 1332 1622 periculo
1387 1466 1603 1603 praecipi

158 1604 279 1701 tandi
317 1642 477 1743 agmen
513 1599 776 1722 ferebatur,
813 1637 863 1700 ut
892 1588 1168 1762 Philippus
1157 1642 1250 1742 rpse
1284 1640 1326 1701 et
1364 1607 1601 1704 Cardintlis

153 1745 446 1843 Tridentinus
475 1745 734 1904 ceterique
731 1744 816 1842 viti
852 1744 1064 1883 prmcipes
1103 1745 1157 1841 ad
1181 1747 1327 1890 pedes
1367 1747 1598 1847 descende-

152 1922 228 2003 re,
265 1922 309 1983 et
342 1922 524 2046 partem
552 1885 716 1983 itineris
767 1884 851 1982 suis
901 1885 1084 2031 pedibus
1135 1881 1287 1982 facere
1315 1923 1602 2026 cogerentur.

152 2033 232 2123 Per
274 2040 557 2185 Burgum
513 2025 643 2169 ioitut
690 2059 733 2123 et
776 2024 937 2125 Gabim
976 2026 1272 2126 Genuensium
1321 2027 1476 2125 finium
1525 2032 1613 2127 ει

155 2167 304 2285 stella,
341 2167 496 2267 ubi
459 2163 645 2268 civitatis
681 2166 910 2314 diligentia
947 2201 991 2265 et
1027 2165 1280 2265 liberalitate
1319 2171 1374 2267 de
1421 2206 1465 2267 re
1507 2164 1603 2268 fru-

153 2308 363 2408 mentaria
395 2309 653 2449 reliquoque
688 2343 951 2408 commeatu
987 2303 1226 2470 provisum
1246 2344 1381 2427 erat,
1418 2314 1598 2410 Alexan

153 2454 276 2550 driam
310 2453 459 2569 venit,
498 2486 610 2613 quae
645 2448 779 2550 Pallae
814 2451 1185 2596 cognominatur,
1210 2487 1262 2550 ιιι
1290 2387 1459 2552 finibus
1492 2452 1597 2552 Me

153 2591 414 2691 diolanensis
451 2595 746 2732 Principatus
927 2671 929 2675 ,
1008 2671 1011 2677 „
1290 2628 1295 2635 ’
1587 2623 1590 2631 ’

189 2745 391 2835 ΧΧΝ.
464 2735 768 2834 Alexandriam
822 2732 1044 2833 accedenti
1079 2733 1285 2872 Philippo
1334 2771 1423 2833 non
1460 2734 1596 2830 modo

151 2872 304 2973 civitas
331 2870 524 2976 solemni
558 2915 720 3017 pompa
761 2915 867 2976 cum
913 2871 1131 3015 praefecto
1170 2872 1370 2975 Gonzalo
1403 2875 1596 2974 Rodeti-

151 3055 207 3113 co
236 3017 482 3117 Salamanca
519 3016 700 3116 obviam
736 3056 956 3159 progressa
991 3056 1089 3134 est,
1136 3019 1208 3116 sed
1246 3019 1377 3116 etiam
1429 3016 1595 3152 equites

150 3156 414 3296 cataphracti
452 3160 760 3301 quadringenti
797 3201 849 3258 ex
889 3159 1110 3299 praesidiis
1159 3155 1594 3263 Mediolanensibus;

151 3299 280 3435 qul,
316 3300 530 3438 adjunctis
564 3294 783 3442 equitibus
814 3306 1133 3418 Archibusariis,
1171 3298 1422 3437 dequibus
1470 3334 1606 3533 supra

151 3440 590 3558 demonstravimus,
629 3479 780 3540 omnes
820 3441 962 3543 seticis
1013 3438 1252 3539 vestibus
1241 3440 1520 3595 insignesP
1571 3492 1595 3512 -

150 3578 321 3719 lippum
357 3620 431 3720 pet
467 3589 717 3681 Tortonam
750 3616 793 3680 et
833 3578 1060 3721 Papiam,
1096 3619 1209 3719 quae
1247 3579 1346 3679 urbs
1390 3576 1598 3676 Ticinum

152 3756 335 3858 quoque
368 3762 394 3820 a
430 3725 754 3862 praeterfluente
788 3723 929 3824 fluvio
964 3722 1253 3838 nominatur,
1287 3719 1595 3820 Mediolanum
1686 3758 1689 3759 f

151 3863 420 3961 deduxerunt
453 3896 734 4007 ,exceptum
772 3862 938 4000 ubique
975 3897 1077 3962 cum
1113 3899 1284 4001 magna
1320 3859 1596 4019 popularium

151 4001 464 4140 gratulatione.
514 4018 719 4107 Ceterum
773 4007 828 4104 ad
865 4013 1112 4103 Tortonam
1149 4011 1343 4138 Joannes
1395 3999 1596 4102 Marchio

151 4141 371 4303 Bergensis
418 4144 536 4244 affuit
568 4220 584 4268 ,
619 4189 645 4247 a
661 4145 860 4305 Reginis
913 4146 1059 4246 amitis
1097 4145 1152 4243 ad
1187 4144 1437 4295 Philippum
1490 4141 1598 4240 salu·

153 4286 275 4383 tandi
315 4318 370 4383 et
386 4277 594 4385 officii
565 4287 702 4440 gratia
750 4328 802 4385 ex
837 4284 1116 4389 Bruxellis
1077 4286 1256 4384 missus.
1313 4287 1395 4382 Ad
1421 4282 1600 4420 Papiam

153 4416 414 4583 Philippus
442 4458 559 4526 non
568 4424 709 4526 sollum
740 4460 918 4575 aspectu
962 4424 1083 4524 urbis
1122 4425 1386 4523 delectatus
1383 4459 1487 4540 est,
1517 4461 1600 4520 an

153 4565 334 4702 tiquae
340 4598 413 4663 et
411 4562 588 4690 studiis
640 4564 895 4669 litteratum
925 4567 1110 4701 inclytae
1156 4603 1208 4664 et
1259 4567 1430 4704 magnis
1474 4501 1611 4717 hellis

150 4706 414 4861 praeliisque
450 4678 702 4811 nobilitatae
723 4706 826 4819 ssed
847 4705 1002 4851 urbem
1030 4745 1251 4847 egressus,
1270 4742 1437 4848 septum
1471 4742 1601 4940 multo

150 4850 345 4949 Tum
366 4859 420 4950 II.
1174 4856 1239 4948 Zz
1558 4882 1606 4940 Ο,
