4034 5858
86 533 286 636 respondet,
298 555 333 607 et
349 563 381 608 se
393 537 507 609 falsam
525 532 658 606 laudem
678 528 758 606 con·

87 659 235 710 temnere
254 636 426 708 ostendit.
452 642 496 707 II.
529 656 609 729 533.
641 637 756 731 Sepul-

87 737 189 808 tedae
205 736 401 809 facultatem
418 733 650 834 percontandi,
666 759 756 828 quo-

87 837 147 908 ties
169 846 234 927 'res
249 854 396 934 poscat,
429 861 497 906 non
523 835 693 930 denegat,
721 853 754 902 et

87 936 132 1007 ad
160 955 275 1035 togata
306 936 429 1006 sincere
474 959 512 1004 ac
537 956 639 1029 paene
675 931 753 1000 reli-

87 1036 178 1133 giose
202 1033 403 1131 respondet.
430 1038 476 1103 11.
503 1054 583 1126 533.
611 1050 645 1101 et
673 1052 752 1124 534.

87 1142 224 1206 Peccata
247 1152 280 1204 et
311 1136 425 1230 culpas
447 1155 582 1202 suorum
613 1129 754 1200 libenter

87 1242 239 1304 excusat.
260 1235 307 1302 II.
330 1253 410 1327 534.
432 1233 622 1302 Luculento
637 1253 753 1300 exem·

87 1333 145 1430 plo
168 1331 289 1402 evincit
316 1356 348 1403 se
373 1331 458 1403 falsis
488 1329 644 1401 laudibus
665 1331 753 1399 cele-

89 1430 179 1501 brari
210 1432 317 1500 nolle.
350 1436 397 1500 II.
429 1450 510 1523 534.
542 1428 636 1500 Pauli
666 1428 754 1520 Jouii

89 1528 261 1600 avaritiam
285 1528 438 1601 cohibet.
463 1533 511 1598 ΙΙ.
539 1549 619 1622 534.
647 1526 754 1597 Pensi-

88 1629 246 1700 unculam
273 1628 410 1699 tandem
439 1626 538 1721 Jovio
572 1625 751 1711 attribuit,

87 1727 144 1799 sed
162 1728 208 1798 ita
235 1747 274 1798 ut
298 1746 453 1825 appareat
486 1748 519 1796 se
543 1724 656 1822 generi
676 1747 753 1820 pre-

90 1827 184 1900 cibus
221 1824 369 1913 cedere,
401 1823 483 1896 nihil
513 1824 629 1894 merita
664 1823 752 1914 Jovii

89 1945 258 2024 spectare.
285 1928 330 1994 11.
363 1946 444 2017 535.
481 1927 623 1992 Annum
656 1945 754 2018 agens

90 2049 183 2101 xxvr.
214 2046 353 2093 uxorem
401 2020 531 2117 Hispali
569 2019 663 2090 ducit
686 2024 755 2091 lsa-

91 2127 242 2205 bellam,
266 2140 299 2190 et
329 2120 372 2190 ab
391 2144 433 2191 eo
466 2140 616 2215 tempore
645 2119 754 2198 comi-

91 2224 162 2295 tiali
184 2221 306 2292 morbo
320 2219 501 2291 liberatur.
529 2223 576 2288 II.
597 2223 675 2313 536.
700 2222 754 2291 Ex

90 2323 157 2396 hoc
180 2319 396 2391 matrimonio
420 2319 642 2417 Philippum,
676 2320 755 2389 Ma·

92 2424 208 2507 riam,
240 2440 342 2513 atque
382 2422 547 2511 Joannam
577 2437 753 2513 procreat.

89 2525 135 2594 11.
168 2524 246 2614 536.
281 2519 435 2589 filiarum
461 2515 640 2615 pudicitiae
678 2516 756 2587 dili·

89 2621 273 2722 gentissime
290 2617 446 2715 prospicit
459 2666 469 2687 .
482 2620 528 2686 11.
550 2622 629 2712 536.
651 2618 756 2708 Joan·

91 2744 169 2792 nam
199 2718 362 2789 minorem
379 2737 461 2789 natu
486 2744 505 2788 a
521 2741 632 2788 sorore
648 2717 756 2788 Maria

90 2821 139 2892 ob
172 2820 378 2891 honestatem
400 2835 548 2914 separat,
579 2836 756 2912 postquam

90 2920 173 2993 haec
190 2916 424 2990 Maximiliano
444 2936 549 3011 nupta
579 2914 756 3012 Hispaniae

92 3023 253 3114 Regnum
288 3034 472 3112 procurat.
511 3016 556 3082 11.
592 3037 669 3108 537.
714 3015 756 3081 In

91 3117 220 3188 cunctis
236 3114 303 3189 fere
315 3117 413 3186 rebus
427 3113 642 3210 suspiciosus,
660 3135 756 3211 prae-

90 3217 203 3290 sertim
238 3218 273 3287 in
295 3221 485 3297 senectute,
514 3213 676 3285 habetur.
709 3214 755 3281 11.

95 3338 175 3410 537.
206 3322 283 3387 Post
301 3315 390 3387 Covi
415 3333 448 3384 et
476 3314 674 3384 Granvellae
690 3312 757 3382 ob·

90 3416 178 3488 itum
227 3413 311 3485 nulli
347 3413 416 3485 fere
458 3413 643 3483 consiliario
681 3411 757 3481 satis

90 3514 189 3590 fidit.
216 3514 262 3581 11.
296 3535 374 3606 537.
410 3514 586 3588 Delatores
608 3530 757 3604 quanto-

90 3637 169 3713 pere
188 3611 380 3709 improbet,
412 3614 539 3709 magnis
568 3609 756 3682 documen-

92 3715 134 3785 tis
171 3712 337 3783 declarat.
390 3712 436 3779 11.
477 3730 557 3803 537.
612 3713 756 3779 fernan-

92 3811 129 3884 di
167 3812 265 3882 Avali
297 3835 339 3882 ex
383 3809 573 3906 Portugalia
628 3807 758 3878 reducis

92 3911 275 3984 delatorem
329 3909 421 4006 gravi
472 3931 626 4004 responso
661 3911 757 3978 co‘e‘r-

91 4029 165 4083 cet·
204 4010 250 4078 Π.
295 4028 375 4100 537.
413 4007 662 4102 Hieronymum
678 4004 757 4077 Lei·

91 4132 171 4180 vam
190 4156 201 4191 ‚
220 4107 286 4201 qui
318 4105 412 4176 Vasti
439 4107 672 4178 Marchioncm
695 4103 758 4176 fal-

89 4234 128 4282 so
142 4208 297 4291 incusat,
318 4229 353 4277 re
364 4226 555 4302 comperta,
571 4207 678 4304 capite
694 4228 758 4301 pu·

91 4308 167 4383 nit.
205 4309 251 4376 11.
280 4307 360 4399 538.
397 4307 545 4403 Epistola
576 4306 756 4402 intercepta

90 4407 257 4480 Pernandi
299 4407 485 4503 Gonzagae
531 4428 633 4475 manu
677 4403 759 4474 sub-

91 4508 243 4601 scripta,
272 4529 374 4600 quam
399 4502 517 4600 aliquis
536 4502 758 4575 calumniator

91 4604 278 4678 confixisset
305 4655 317 4688 ‚
346 4606 548 4702 Gonzagam
580 4601 623 4675 ad
656 4626 689 4673 se
720 4604 756 4674 in

90 4703 247 4802 Belgium
280 4723 411 4788 vocat,
445 4723 478 4774 et
514 4727 547 4773 re
583 4721 756 4799 comperta

90 4827 171 4887 eos,
199 4801 258 4894 qui
289 4799 324 4870 in
350 4804 569 4898 suspicionem
612 4800 756 4874 criminis

89 4920 270 4985 venerant,
289 4898 500 4998 praefecturis
521 4922 554 4974 er
581 4902 756 5003 magistra-

855 531 946 605 tibus
968 534 1107 633 privat,
1135 541 1321 636 Gonzagae
1348 562 1427 612 vero
1445 564 1523 616 suc-

857 658 1014 706 cessorem
1052 635 1132 706 dat.
1172 641 1217 706 II.
1266 659 1344 731 539.
1388 643 1521 714 Novem

858 734 1025 806 mensibus
1043 736 1126 805 nulli
1151 761 1213 808 nec
1229 736 1366 821 libello,
1383 764 1443 811 nec
1472 741 1527 812 di·

858 835 998 930 plumati
1031 835 1208 906 subscribit
1237 862 1306 907 non
1337 838 1402 906 sine
1426 842 1527 939 suspi⁴

859 934 954 1002 cione
980 934 1098 1003 mentis
1125 935 1344 1006 imminutae.
1368 938 1414 1007 11.
1433 958 1525 1032 ¹539.

858 1033 991 1129 Integra
1026 1034 1218 1105 valetudine
1253 1034 1401 1132 gaudens
1432 1038 1536 1113 omni

859 1131 947 1227 regia
974 1130 1131 1225 civilique
1154 1134 1277 1204 virtute
1299 1154 1461 1229 praestat.
1479 1141 1530 1209 11.

861 1251 940 1320 540.
980 1235 1084 1300 Atrae
1100 1231 1173 1303 bilis
1200 1233 1325 1303 morbis
1351 1253 1526 1308 tentatur.

858 1331 904 1397 II.
925 1347 1004 1418 540.
1028 1330 1147 1401 insitae
1170 1333 1312 1421 justitiae
1335 1332 1526 1408 documen-

859 1447 934 1497 tum
964 1428 1044 1511 dat,
1067 1429 1149 1500 dum
1169 1431 1228 1502 sibi
1260 1432 1455 1506 valetudinis
1481 1437 1528 1509 ad

859 1526 1092 1622 imperandum
1128 1531 1258 1626 ineptae
1291 1533 1440 1605 conscius
1469 1560 1529 1609 sua

860 1646 978 1721 sponte
1004 1649 1069 1696 sese
1104 1629 1252 1726 Imperiis
1279 1632 1436 1704 omnibus
1467 1636 1531 1706 ab·

860 1724 971 1794 dicat.
1008 1727 1054 1794 11.
1094 1746 1172 1818 540.
1206 1733 1261 1802 Ex
1299 1733 1415 1830 Belgio
1449 1757 1529 1811 cum

860 1823 994 1893 duobus
1020 1828 1188 1897 sororibus
1203 1829 1238 1896 in
1266 1831 1460 1927 Hispaniam
1477 1859 1526 1904 re*

860 1944 971 1991 versus
989 1921 1023 1990 in
1045 1925 1248 1996 coenobium
1275 1924 1359 2016 iusti
1388 1932 1529 2003 secedit.

859 2022 906 2089 11.
927 2041 1006 2110 540.
1033 2022 1113 2110 Ejus
1134 2024 1180 2094 rei
1203 2025 1309 2124 gratia
1334 2028 1429 2099 aedes
1449 2055 1528 2101 coe-

860 2119 965 2190 nobio
986 2120 1162 2219 contiguas
1177 2148 1246 2195 non
1265 2125 1450 2200 admodum
1466 2155 1529 2203 nec

860 2241 994 2314 capaces
1028 2243 1089 2291 nec
1111 2224 1268 2319 superbas
1290 2231 1530 2301 construendas

862 2319 972 2389 multo
999 2339 1096 2390 antea
1118 2322 1273 2394 mandat.
1290 2327 1336 2394 II.
1364 2349 1443 2420 540.
1468 2334 1528 2400 Se-

860 2415 999 2488 cedendi
1011 2419 1184 2493 consilium
1199 2449 1267 2494 non
1287 2446 1357 2496 tam
1382 2452 1424 2501 ex
1437 2454 1525 2500 mor-

861 2517 1051 2611 bis,quam
1078 2541 1120 2593 ex
1144 2522 1257 2594 taedio
1289 2532 1529 2623 negotiorum,

859 2615 995 2686 isabella
1020 2618 1120 2690 etiam
1155 2622 1286 2693 vivente
1322 2646 1355 2695 et
1387 2631 1530 2712 conscia,

861 2717 944 2787 init.
972 2718 1019 2783 ΙΙ.
1056 2738 1134 2809 540.
1163 2735 1198 2789 et
1222 2746 1302 2813 54¹·
1342 2729 1375 2795 Α
1399 2730 1530 2818 Joanne

861 2815 1010 2886 Genesio
1033 2819 1216 2913 Septalveda
1253 2821 1297 2892 ad
1329 2826 1531 2898 coenobium

861 2938 893 2984 se
916 2913 1000 2983 adiri
1033 2935 1065 2985 et
1092 2918 1225 2988 salutari
1255 2922 1403 3016 patitur,
1430 2951 1449 2994 a
1475 2950 1530 2997 ce⁴

859 3013 936 3083 teris
953 3037 1027 3083 raro
1044 3015 1243 3100 admodum,
1257 3039 1314 3089 aut
1329 3045 1530 3117 numquam.

860 3113 907 3180 11.
935 3134 1015 3202 54¹·
1056 3117 1110 3185 De
1131 3119 1266 3188 summis
1288 3138 1400 3191 tamen
1418 3125 1530 3210 rebus,

861 3230 900 3280 ut
920 3209 962 3281 de
982 3212 1071 3284 bello
1081 3236 1115 3285 et
1141 3237 1240 3311 pace,
1266 3240 1298 3287 se
1318 3224 1459 3306 consuli,
1474 3225 1532 3296 do

861 3333 928 3404 que
942 3308 1078 3396 fratris,
1105 3313 1287 3385 liberorum
1311 3337 1345 3387 et
1375 3344 1530 3394 sororum

860 3411 965 3479 salute
988 3412 1162 3483 certiorem
1189 3414 1260 3485 fieri
1282 3441 1352 3486 non
1380 3442 1528 3493 recusat.

861 3511 908 3577 ΙΙ.
941 3528 1023 3599 54ι.
1050 3512 1108 3601 Jus
1143 3515 1278 3610 Imperii
1310 3520 1460 3590 Romani
1494 3521 1529 3592 in

860 3606 997 3680 fratrem
1023 3612 1234 3682 chandum
1264 3614 1442 3688 transfert.
1482 3622 1532 3689 11.

865 3728 945 3798 541.
975 3714 1009 3779 A
1024 3712 1153 3800 Joanna
1170 3711 1237 3782 filia
1263 3735 1320 3808 per
1339 3715 1464 3789 litteras
1487 3717 1532 3789 de

861 3809 1091 3902 Hispanorum
1121 3810 1363 3884 haereticorum
1390 3817 1530 3888 crimine

861 3906 987 3977 certior
1009 3905 1117 3978 factus
1133 3955 1144 3991 ,
1159 3933 1217 4005 per
1232 3913 1387 3983 nuntium
1415 3916 1530 3986 Ludo·

861 4006 974 4077 vicum
998 4006 1192 4096 Qrixadam
1228 4013 1392 4102 Joannam
1420 4033 1454 4083 et
1477 4028 1531 4086 ttr-

862 4107 1014 4199 quiritem
1042 4128 1157 4177 monet
1178 4157 1190 4192 ‚
1211 4128 1249 4179 ut
1275 4111 1309 4179 in
1326 4133 1367 4180 eo
1392 4115 1531 4184 crimine

861 4203 1065 4277 vindicando
1109 4229 1275 4278 summam
1322 4208 1551 4308 diligentiam>

860 4302 1065 4374 adhibeant.
1088 4306 1135 4373 11.
1165 4331 1245 4399 542.
1275 4308 1335 4377 Ad
1349 4328 1528 4382 testamen·

860 4419 937 4471 tum
959 4400 1087 4474 factum
1104 4405 1274 4478 codicillos
1299 4407 1334 4477 in
1358 4405 1447 4481 idem
1474 4434 1530 4480 ar-

861 4520 1063 4597 gumentum
1092 4501 1240 4591 adjicit,
1280 4505 1403 4598 quibus
1441 4532 1532 4580 seve-

861 4599 996 4671 ritatem
1013 4601 1046 4671 in
1068 4601 1204 4674 crimine
1216 4605 1390 4700 puniendo
1404 4609 1533 4707 Philip-

861 4723 908 4796 po
926 4699 997 4771 filio
1015 4704 1256 4774 commendat.
1278 4707 1323 4774 u.
1344 4727 1424 4796 540.
1444 4710 1531 4779 Obit

859 4797 904 4870 ad
932 4795 1016 4888 iusti
1045 4801 1245 4875 coenobium
1272 4827 1319 4876 xr.
1347 4808 1424 4876 Kal.
1448 4811 1531 4880 Oct.

860 4902 952 4971 Ann.
986 4897 1111 4975 Christi
1151 4928 1190 4978 u·
1210 4927 1340 4985 mvn·
1367 4907 1416 4981 ΙΙ.
1450 4926 1531 5001 543·

1460 5011 1528 5080 Ca·
