4034 5858
477 461 726 544 cauorr
762 463 815 542 v.
855 464 971 545 riu.
1004 465 1143 545 xxx.
1407 491 1489 576 525

81 623 387 754 „Britannum
415 622 859 760 ¹Neapolitanumque
915 634 1088 761 Regem
1140 622 1408 747 transferre,
1443 674 1535 771 quo

81 769 312 896 „consilio
348 805 419 864 me
463 802 553 863 non
605 798 703 864 ante
751 802 878 861 usum
922 759 1050 862 fuisse
1101 764 1231 864 doleo
1266 809 1278 875 ·‚
1320 773 1394 868 sed
1430 816 1537 877 cum
1605 797 1608 805 ’

79 915 236 1042 „aliae
273 909 457 1043 rationes
493 944 598 1004 nonw
620 904 933 1046 improbabiles
971 905 1262 1028 obstiterunt,
1289 945 1384 1049 rum
1423 926 1535 1045 ejus„

80 1058 232 1177 „dem
266 1049 460 1189 Philippi
495 1045 688 1148 absentia
702 1121 723 1168 ,·
738 1088 843 1147 cum
878 1089 970 1188 quo
1007 1087 1227 1186 praesente
1264 1053 1376 1154 milri
1414 1097 1536 1159 erant

82 1194 312 1318 „consilia
356 1186 748 1290 communicanda.
801 1200 953 1331 Itaque
991 1230 1081 1290 non
1127 1194 1268 1294 solum
1304 1195 1535 1299 Britanno-

82 1376 230 1459 „rum
266 1337 465 1476 Reginae
501 1333 772 1432 matrimonii
808 1410 823 1450 ,
861 1336 934 1432 sed
971 1331 1099 1462 hujus
1136 1336 1268 1437 etiam
1304 1340 1364 1438 rei
1413 1381 1537 1445 causa

83 1482 276 1620 „ipsum
313 1518 365 1575 ex
401 1477 617 1614 Hispania
653 1476 701 1574 in
740 1475 813 1572 has
848 1474 1044 1616 regiones
1081 1479 1289 1580 evocavi.
1330 1487 1536 1586 Consiliis

85 1623 270 1762 „igitur
305 1621 416 1719 inter
451 1658 530 1717 nos
566 1617 900 1717 communicatis
933 1694 951 1735 ,
983 1619 1235 1757 cunctisque
1252 1662 1254 1666 ⁴
1270 1622 1395 1723 rebus
1432 1668 1541 1730 con·

83 1763 327 1886 „stitutis,
363 1763 487 1900 quod
523 1769 613 1890 jam
651 1759 822 1898 pridem
874 1759 1025 1858 animo
1067 1760 1309 1898 gerebam,
1346 1765 1540 1904 perfecis

84 1985 113 2028 „
130 1943 170 2009 et
212 1944 316 2004 cum
353 1901 469 2041 prius
527 1903 713 2000 aliarum
762 1901 962 2040 gentium
998 1911 1159 2040 Regno
1196 1905 1238 2001 et
1290 1908 1541 2050 Principatu

84 2048 350 2169 „cessissem
383 2120 398 2162 ,
435 2079 532 2141 tum
568 2044 624 2141 ad
674 2043 896 2140 decimum
945 2043 1179 2182 septimum
1214 2047 1433 2149 Kalendas
1462 2065 1541 2151 Fe.-

84 2267 116 2312 „
134 2187 360 2305 bruarias,
396 2224 488 2324 quo
539 2184 616 2284 dic
663 2181 736 2283 has
783 2186 952 2284 advos
1000 2185 1165 2284 litteras
1215 2189 1449 2313 dedimus,
1486 2195 1544 2295 de

91 2331 341 2452 „Castellae
377 2327 672 2468 Legionisque
726 2325 941 2465 Regnis,
998 2361 1041 2424 et
1065 2374 1068 2383 ·
1093 2330 1314 2469 quidquid
1369 2336 1417 2434 in
1453 2350 1546 2436 Ca.-

84 2473 273 2597 „stellae
309 2467 476 2572 ditione
513 2508 563 2566 ac
599 2466 788 2608 imperio
825 2503 887 2566 est
902 2543 915 2585 ,
938 2468 1080 2568 eidem
1117 2469 1328 2613 Philippo
1360 2479 1544 2597 decessi,

86 2693 117 2737 „
139 2614 356 2752 scripturis
393 2648 436 2710 et
470 2611 674 2750 legitimis
709 2610 1049 2728 instrumentis,
1095 2653 1206 2750 quae
1245 2614 1343 2715 lruic
1379 2619 1439 2734 rei
1476 2654 1544 2716 te-

86 2835 116 2877 „
134 2755 345 2855 arimonio
381 2755 498 2871 sint,
523 2748 757 2851 confectis.
795 2759 914 2851 Nam
952 2791 1035 2891 pro
1071 2753 1275 2895 singulari
1307 2768 1396 2887 ejus
1433 2799 1578 2900 pru-.,

86 2974 118 3020 „
134 2899 317 3016 dentia,
355 2894 515 3024 justitia
568 2928 611 2992 tt
647 2894 952 2993 moderatione
975 2971 1006 3036 ,Κ
1024 2898 1272 3040 ceterisque
1308 2901 1545 3004 virtutibus
1591 2914 1603 2994 s

90 3117 120 3160 „
135 3040 181 3137 in
215 3039 308 3179 ipsa
343 3034 589 3279 Hispaniae·
618 3037 923 3173 procuratione
959 3040 1231 3175 perspectis,
1272 3083 1433 3185 magna
1471 3089 1544 3148 me

84 3221 224 3322 „spes
258 3216 376 3282 tenet
435 3217 553 3295 ore,
602 3213 652 3276 ut
687 3179 885 3278 mortales
921 3177 1004 3278 sibi
1056 3180 1279 3310 subjectos.
1317 3187 1369 3283 in
1403 3204 1507 3326 pace
1521 3265 1543 3307 ,

91 3400 122 3443 „
139 3324 370 3423 concordia
424 3357 466 3420 et
515 3313 667 3419 officio
708 3316 888 3420 feliciter
938 3321 1158 3424 contineat
1195 3403 1210 3444 ,
1261 3361 1309 3425 ct
1354 3327 1411 3426 ab
1466 3371 1543 3429 cx-

88 3540 119 3585 „
137 3467 267 3566 ternis
301 3462 470 3593 injuriis
506 3499 673 3563 strenue
709 3502 759 3560 ac
789 3457 961 3565 fortiter
998 3500 1195 3566 tucatur.
1233 3480 1302 3567 De
1339 3510 1428 3610 qua
1463 3511 1545 3571 no-

87 3682 118 3727 „
135 3642 220 3706 stra
254 3608 528 3724 voluntate,
567 3605 767 3704 instituto
828 3643 871 3704 et
916 3608 1108 3706 cessione
1155 3609 1347 3749 placuit,
1384 3648 1435 3711 ut
1471 3655 1543 3713 ce·

83 3783 238 3870 „teras
282 3750 511 3865 civitates,
548 3747 618 3846 sic·
644 3787 722 3846 vos
777 3749 975 3878 certiores
1025 3745 1199 3869 facere,
1235 3788 1284 3850 ut
1336 3758 1546 3860 eumdem

90 3889 393 4028 „Philippum
429 3903 604 4030 Regem
639 3924 858 4006 vestrum,
905 3929 1001 3990 non
1036 3930 1154 3990 secus
1196 3932 1245 3991 ac
1280 3895 1314 3993 si
1350 3936 1434 4039 ego
1470 3936 1546 4037 pa-

89 4064 206 4151 „ter
248 4032 339 4130 vita
391 4033 658 4131 excessissem
696 4108 712 4150 ,
749 4033 991 4172 agnoscatis
1045 4034 1386 4174 recipiamque-3
1423 4041 1546 4179 quod

91 4208 187 4293 „ut
222 4167 431 4292 faciatis,
462 4214 539 4273 vos
576 4171 728 4272 hortor
781 4210 833 4274 ct·
861 4176 1036 4305 jube0,
1079 4214 1354 4316 vestramque
1388 4182 1544 4283 volun·

90 4353 274 4433 „tatem
329 4353 373 4414 et
409 4355 666 4415 consensum
718 4315 920 4416 tollendis
970 4327 1058 4444 ejus
1110 4320 1293 4417 nomine
1351 4323 1552 4443 vexillis,

87 4493 177 4576 „et
235 4459 368 4599 signis
405 4457 665 4558 militaribus
703 4496 778 4597 per
831 4496 940 4557 arces
998 4497 1050 4555 ac
1085 4461 1198 4558 edita
1251 4462 1346 4559 loca
1371 4497 1547 4607 propo,

86 4600 316 4718 „nendis,
348 4636 572 4741 ceteraque
613 4635 814 4699 consueta¹
847 4599 1109 4698 caerimonia
1145 4601 1390 4731 declaretis,
1421 4644 1466 4706 et
1491 4650 1547 4708 o-

79 4815 119 4865 „
137 4741 342 4845 omnibus
373 4739 532 4848 officiis.
551 4743 676 4884 Regi
711 4739 873 4884 delpitis
913 4744 1119 4844 eumdem
1145 4741 1328 4868 fideliter
1358 4749 1546 4849 colentes
1630 4807 1633 4811 >

1410 4965 1443 5018 „
1462 4891 1547 4993 im-
