4102 5864
520 370 608 488 386
896 381 984 467 nu
1022 320 1219 466 nunus
1255 384 1495 471 ousrrs

479 579 531 644 ro
567 553 691 682 Rege
728 537 956 640 durissimo
983 549 1080 674 ejus
1116 575 1317 682 tempore
1350 537 1536 664 defecit,
1563 578 1666 643 cum
1694 539 1781 643 isa
1817 534 1937 645 Cha-

479 684 635 787 radino
676 681 918 783 Barbaroxa
956 690 1128 783 Tunete
1178 682 1324 824 pulsus
1364 680 1570 805 fuisset,
1567 719 1645 785 et
1694 685 1934 821 Solymano

481 830 721 927 Turcarum
757 825 951 966 Principi
992 864 1077 926 sese
1112 826 1159 925 in
1194 861 1451 965 potestatem
1489 826 1827 968 clientelamque
1867 829 1935 929 di·

483 969 618 1069 cavit.
657 969 910 1103 Solymanus
946 1004 1094 1067 autem
1128 965 1492 1070 Chanchirivium
1521 967 1764 1069 Charadini
1797 965 1934 1073 fratris

482 1109 702 1212 filiurn
667 1109 832 1209 civitati
874 1108 1123 1254 praefecit3
1166 1111 1239 1209 sed
1282 1109 1369 1209 hoc
1412 1150 1592 1272 quoque
1632 1109 1693 1210 ob
1735 1116 1934 1214 eamdem

482 1292 716 1374 causam,
746 1254 870 1396 quod
905 1292 1033 1354 avare
1073 1288 1117 1352 et
1158 1253 1439 1354 crudeliter
1427 1287 1706 1394 rmperaret,
1753 1293 1932 1376 exacto,

383 1498 403 1534 Ρ,
482 1391 836 1536 Aphrodisienses
870 1396 971 1497 loco
1007 1394 1413 1536 munitionibusque
1448 1391 1625 1493 fidentes
1673 1435 1762 1496 sese
1814 1397 1861 1495 in
1894 1399 1935 1498 li
1975 1469 1976 1474 κ

476 1535 699 1639 :bertatem
734 1538 1050 1639 vindicarunt.
1076 1552 1284 1639 Ceterum
1318 1552 1528 1679 Dragutes
1565 1538 1728 1678 praedo
1763 1541 1932 1643 natione

453 1677 636 1780 'Turta
671 1720 773 1821 per
772 1679 1143 1841 oppidanorum
1148 1667 1412 1781 discordiam
1442 1715 1486 1778 et
1520 1680 1819 1840 quorumdam
1842 1720 1931 1844 pro

478 1822 702 1938 ditionem
738 1825 1011 1959 tyrannidem
1056 1821 1241 1921 civitatis
1278 1824 1367 1953 ejus
1403 1821 1596 1930 invasit3
1639 1857 1683 1922 et
1724 1825 1930 1964 proximis

485 1962 701 2065 castellis
703 1967 972 2107 occupatis,-
969 1964 1067 2065 ibi
1095 1963 1255 2063 sedem
1291 1967 1346 2113 ad
1387 1964 1687 2105 praedandum
1728 1963 1930 2066 Christia-
2014 2075 2022 2104 .

486 2147 669 2250 nosque
692 2110 937 2211 vexandum
975 2103 1349 2248 peropportunam
1386 2106 1640 2227 constituit,
1676 2108 1794 2207 unde
1831 2108 1929 2209 Siti

486 2250 636 2369 liam,
674 2245 872 2372 ltaliam,
910 2252 1069 2392 quibus
1106 2250 1422 2403 Aphrodisium
1458 2248 1761 2370 imminebat,
1787 2286 1833 2356 et
1865 2252 1932 2354 Hi

477 2393 719 2533 ¹spaniam
715 2330 1036 2495 excursionibus
1058 2431 1211 2497 vexare
1238 2432 1330 2496 non
1356 2391 1612 2494 desistebat.
1648 2328 1783 2494 Gallis
1819 2396 1931 2496 enim

486 2534 734 2677 parcebat,
751 2545 936 2679 propter
970 2537 1138 2638 initam
1163 2537 1266 2637 cunt
1300 2540 1498 2680 ipsorum
1533 2541 1656 2678 Rege
1691 2541 1933 2658 Francisco,

486 2716 530 2778 et
565 2676 666 2823 hoc
689 2718 870 2781 mortuo
922 2679 1224 2783 confirmatam
1259 2719 1362 2784 cum
1408 2680 1607 2782 Henrico
1643 2678 1738 2781 filio
1774 2684 1931 2783 Turta·
2012 2697 2016 2708 '

480 2861 587 2923 rum
627 2820 902 2925 amicitiam
1086 2888 1088 2891 v
1494 2877 1498 2887 κ
1565 2864 1571 2871 ·

334 3044 341 3057 .
474 3040 482 3047 -.
506 2975 717 3067 LXIV.
793 2967 879 3066 His
921 2964 1044 3064 malis
1088 2964 1272 3069 Carolus
1312 3003 1362 3068 ut
1406 3001 1694 3087 occurreret,
1736 2966 1794 3065 ad
1842 2964 1933 3067 An·

486 3100 653 3205 dream
674 3102 861 3208 Doriam
897 3107 1079 3226 scribit,
1104 3144 1153 3207 ut
1183 3107 1434 3211 triremium
1470 3144 1622 3208 coacta
1655 3041 1787 3208 classe
1832 3121 1934 3210 Dra·

486 3284 655 3390 guttm¹
683 3248 1021 3389 insequeretur,
1064 3185 1207 3412 deque
1244 3245 1393 3353 medio
1434 3252 1712 3372 tollendum,
1750 3286 1796 3351 et
1835 3250 1935 3352 clas-

487 3429 578 3491 sem
616 3402 704 3525 ejus
733 3394 957 3496 delendam
993 3394 1158 3493 cunctis
1183 3393 1498 3495 rationibus
1456 3430 1694 3494 niteretur
1729 3393 1940 3513 Andreas,

478 3572 690 3676 suscepto
725 3536 942 3677 negotio,
976 3536 1136 3636 milites
1171 3537 1392 3675 Hispanos
1428 3530 1548 3636 mille
1584 3572 1628 3637 et
1663 3535 1940 3678 octingentos

488 3718 541 3776 ex
576 3677 974 3780 Mediolanensibus
1011 3713 1054 3778 et
1096 3680 1397 3817 Neapolitanis
1433 3679 1651 3820 praesidiis
1687 3623 1819 3779 sibi
1815 3680 1942 3780 artri

482 3816 578 3920 bui
601 3820 859 3960 postulavit3
895 3817 1071 3960 quibus
1089 3820 1315 3964 deductis,
1355 3822 1486 3921 etad
1521 3822 1722 3960 Spediam
1759 3830 1943 3961 Neapo

487 3962 703 4105 limque
690 3963 943 4127 impositis,
980 4001 1198 4103 praeterea
1234 3966 1389 4075 Cosmi
1424 3964 1619 4063 Medicus
1667 3965 1944 4064 Florentino·

388 4119 390 4122 ‘
489 4144 585 4246 rum
623 4107 758 4210 Ducis
793 4106 936 4248 longis
972 4107 1153 4209 navibus
1189 4108 1324 4209 tribus
1338 4106 1655 4248 ,totidemque
1682 4106 1797 4241 Julii
1837 4111 1947 4206 Ter·

473 4251 540 4349 tii
577 4253 800 4382 Pontificis
836 4192 1026 4359 Maximi
1062 4247 1145 4351 sibi
1180 4247 1463 4384 adjunctis,
1451 4288 1498 4349 tn
1535 4249 1724 4351 Siciliam
1762 4250 1947 4389 naviga-

489 4392 582 4499 vit3
621 4369 845 4536 ibique
808 4434 910 4497 cum
959 4401 1151 4558 joanne
1170 4405 1297 4557 Vega
1333 4403 1519 4535 Prorege
1556 4432 1856 4536 congressus,
1891 4386 1951 4491 ab

478 4535 647 4634 eodem
690 4540 956 4681 quingentos
992 4539 1098 4641 item
1139 4539 1361 4681 Hispanos
1406 4572 1569 4637 veteres
1617 4537 1778 4637 milites
1815 4575 1949 4635 acce·

485 4675 554 4853 pit
595 4718 699 4782 cum
746 4685 910 4788 Alvato
940 4693 1071 4827 Vega
1115 4682 1207 4786 lilio
1251 4676 1518 4823 praefectur
1564 4679 1621 4781 ad
1679 4691 1948 4821 Depranum

1672 4896 1678 4908 ·
1734 4904 1736 4907 -
1818 4861 1945 4963 quo·
