3998 5850
484 390 830 474 canotrv.
880 393 994 471 Lm.
1036 397 1202 474 xxix.
1440 385 1526 501 483

110 565 289 694 ejusque
326 547 439 651 filius
469 541 616 690 ‘stirpis
653 541 1177 694 maximus'Varoicensis
1213 561 1410 675 Comes,
1440 550 1568 658 item-

104 739 193 841 que
229 693 549 796 Northantonis
585 691 785 794 Marchio
822 734 874 793 ex
909 731 1006 792 arce
1043 733 1121 834 per
1156 735 1318 836 aquam
1370 698 1415 797 in
1452 711 1567 800 Vas-

105 838 313 945 mestram
348 840 514 981 regiam
573 835 761 963 traducti
797 872 946 957 sunt,
998 836 1227 979 adquam
1277 837 1567 948 tribunalfest

102 984 249 1088 rerum
305 978 590 1128 capitalium3
628 974 833 1120 dictaque
877 1014 1041 1124 causa,
1077 984 1221 1122 capite
1258 978 1486 1103 damnati,
1521 1024 1566 1088 et·

103 1130 152 1230 in
187 1121 330 1229 arcem
366 1124 565 1229 reducti.
605 1126 819 1227 Postridie
855 1129 1011 1226 eodem
1047 1128 1186 1225 modo
1210 1129 1404 1229 Andreas
1431 1132 1566 1229 Duel-

102 1271 145 1372 la
181 1271 366 1408 Joannis
402 1271 535 1371 Pocai
570 1267 698 1371 hater
730 1345 745 1390 ,
783 1276 980 1407 Joannes
1016 1280 1170 1369 Gattus
1207 1270 1403 1372 cohortis
1440 1311 1565 1410 prae-

105 1415 242 1515 toriae
281 1411 561 1556 praefectus,
594 1449 636 1514 et
670 1414 800 1516 Arius
836 1408 999 1532 frater,
1036 1404 1228 1553 cumque
1264 1413 1330 1514 his
1367 1412 1564 1518 Thomas

107 1560 340 1662 Palmierus
377 1560 536 1659 eodem
572 1560 715 1660 modo
750 1555 1034 1657 condemnati
1068 1593 1196 1658 sunt.
1231 1552 1266 1637 s
1355 1547 1361 1557 ’
1474 1592 1476 1595 ·

11 1724 68 1779 f
174 1713 278 1804 XV.
354 1713 541 1803 Instante
576 1705 690 1802 necis
726 1703 925 1840 tempore
940 1776 954 1819 ,
981 1739 1045 1800 res
1081 1701 1232 1800 divina
1268 1696 1315 1801 in
1350 1701 1459 1803 'arcis
1495 1745 1563 1805 sa-

105 1844 215 1945 cello
251 1841 363 1945 facta
399 1879 462 1946 est
499 1921 515 1966 ,
555 1845 628 1946 cui
664 1858 766 1946 Dux
802 1844 923 1945 idem
965 1840 1393 1944 Northumberlanus
1445 1882 1564 1947 cete-

103 1989 225 2127 rique
274 1987 472 2086 damnati
521 1980 846 2106 interfuerunt,
882 2024 935 2085 ac
969 1985 1054 2084 ritu
1090 1983 1321 2086 Catholico
1358 1988 1563 2090 Euchari-

102 2131 233 2231 stiam
270 2125 342 2276 pia
366 2161 514 2230 mente
543 2164 813 2229 sumserunt.
850 2127 1096 2269 Tertioque
1132 2129 1236 2252 die,
1262 2131 1340 2270 qui
1362 2125 1445 2233 fixit
1480 2170 1561 2234 un-

103 2272 298 2372 decimus
352 2272 647 2372 Kalendarum
698 2270 1009 2412 Septembris,
1062 2285 1165 2374 Dux
1214 2272 1333 2372 idem
1396 2284 1561 2378 Poeaus

102 2450 296 2562 cumque
347 2454 402 2514 eo
438 2423 636 2552 Joann'es
686 2408 842 2515 Gattus
884 2449 937 2514 et
981 2413 1181 2516 Thomas
1216 2417 1453 2519 Palmierus
1505 2421 1561 2521 ad

103 2550 276 2658 necem
294 2558 343 2657 in
378 2552 529 2658 locum
566 2558 831 2659 destinatum
867 2558 1208 2698 producuntur,
1244 2596 1338 2698 quo
1373 2563 1562 2703 populus

102 2693 473 2841 frequentissimus
508 2700 732 2842 spectandi
767 2701 907 2843 gratia
940 2700 1233 2802 confluxerat.
1273 2712 1376 2803 Erat
1412 2739 1560 2805 autem
1619 2723 1622 2730 ’

103 2880 356 2985 suggestum
393 2846 576 2944 adrem
614 2843 755 2985 palam
793 2885 845 2945 ex
880 2883 1007 2985 more
1044 2844 1334 2988 peragendam
1376 2876 1561 2987 praepa-

102 3020 277 3130 ratum,
318 3027 413 3129 quo
446 3025 680 3090 conscenso
723 3000 827 3090 Dux
862 2990 917 3088 ad
953 2980 1171 3130 populum
1207 3026 1439 3090 conversus
1475 2988 1561 3090 hu·

99 3130 296 3260 jusmodi
332 3125 580 3233 orationem
616 3129 798 3233 habuit.
835 3143 952 3254 „En
987 3132 1178 3250 adsum,
1211 3130 1298 3230 viri
1334 3132 1559 3253 Britanni,

100 3268 211 3394 „eo
242 3274 342 3375 loco
378 3276 639 3378 constitutus
674 3314 820 3416 ,quo
856 3314 929 3375 me
966 3315 1064 3375 mea
1100 3269 1323 3393 fortuna,
1358 3275 1427 3377 vel
1462 3313 1560 3376 mea

100 3481 136 3538 „
153 3416 299 3659 [potius
329 3410 487 3519 delicta
522 3423 841 3562 perduxerunt,
863 3454 913 3520 ut
948 3415 1205 3552 hominibus
1242 3417 1442 3553 moriens
1462 3456 1557 3559 spe·

100 3598 174 3678 „c
194 3559 321 3661 aculo
357 3552 439 3663 sim
494 3599 538 3662 et
589 3563 829 3703 exemp10,
865 3563 945 3700 uti
966 3598 1119 3665 omnes
1156 3561 1440 3707 intelligant,
1480 3558 1560 3699 qui

51 3787 53 3796 .
100 3740 292 3817 „meam
329 3705 469 3807 vitam
505 3706 652 3807 multis
688 3706 941 3808 criminibus
976 3704 1324 3806 contaminatam
1364 3701 1557 3804 imitabi-

103 3842 137 3961 ,ζ
152 3879 255 3963 tur,
290 3844 407 3948 hunc
442 3849 491 3949 in
525 3890 579 3950 eo
616 3849 807 3951 similem
843 3841 1009 3950 exitum
1047 3869 1301 3990 exspectare
1321 3880 1556 3989 oportere.

99 3989 378 4105 „Quoniam
420 3991 557 4132 igitur
592 4032 671 4094 vos
721 3987 1096 4134 frequentissimos
1147 3992 1369 4133 spectandi
1419 3989 1558 4133 gratia

99 4162 133 4248 5,
150 4125 402 4275 conuenisse
437 4128 611 4258 video,
643 4175 715 4235 me
740 4165 817 4272 res
853 4127 946 4278 ipsa
980 4135 1234 4275 patriaeque
1269 4133 1415 4249 caritas
1451 4130 1559 4231 hor-

100 4308 132 4391 3,
145 4306 266 4373 tatur
290 4346 312 4394 ι,
340 4308 405 4374 ‘ut
430 4268 569 4379 uobis
620 4312 812 4381 extremo
865 4279 1059 4419 alloquio
1096 4316 1277 4417 pauca,
1326 4314 1419 4376 non
1467 4273 1559 4376 mei

100 4469 140 4561 ‚·‚⁸
152 4411 423 4560 purgandi,
459 4416 533 4521 sed
577 4425 709 4525 vestri
758 4422 969 4524 monendi
1004 4459 1128 4521 causa
1176 4412 1556 4519 commemorem.

102 4609 136 4672 „
149 4554 298 4658 Fateor
347 4561 467 4662 enim
519 4600 596 4665 me
642 4566 705 4668 ita
741 4557 894 4666 vixisse
937 4640 952 4683 ,
1003 4595 1052 4662 ut
1103 4571 1199 4692 jure
1246 4599 1420 4702 possem
1472 4559 1559 4692 alio

99 4704 306 4847 „mortis
331 4706 484 4807 ‘multo
518 4708 721 4852 graviore
756 4699 914 4852 genere
949 4696 1177 4827 mulctari,
1196 4743 1288 4806 non
1319 4704 1463 4805 solum
1498 4698 1561 4800 ob

208 4879 214 4882 ’
978 4856 1121 4991 Pppa
1430 4918 1461 4964 „
1478 4839 1566 4942 cri-
