4102 5864
493 416 578 503 330
632 415 661 424 ..
861 396 953 478 uu
986 391 1197 477 nauus
1244 390 1511 476 uust1s=
1630 475 1632 478 ,

453 625 486 677 ,,
502 556 565 656 ria
601 592 665 654 res
701 553 938 654 Genuensis
988 550 1306 690 auctoritasque
1342 549 1479 651 crevit
1515 627 1530 669 ‚
1564 548 1647 649 viti
1698 545 1832 650 forres
1871 587 1923 652 et

455 770 489 821 „
504 695 669 838 probi,
704 695 840 795 etiam
876 693 1045 796 nobiles
1082 732 1126 795 et
1162 691 1369 795 honorari
1389 770 1403 813 ,
1425 694 1552 833 quasi
1587 691 1761 834 uulgus.
1777 693 1921 833 igno·

456 915 489 962 „
508 841 627 973 bile,
647 841 695 970 in
731 837 916 939 obscuro
953 876 1100 941 sumus
1118 914 1133 957 ,
1148 873 1202 937 et
1239 877 1352 978 quae
1387 837 1489 976 ipsis
1526 834 1729 954 libuerit,
1766 837 1921 936 decer-

459 1060 490 1107 „
506 1023 642 1103 nere,
675 989 752 1081 au't
789 982 972 1083 decretis
1010 992 1054 1080 et
1089 980 1209 1113 jussis
1245 1019 1323 1122 pet
1359 981 1544 1081 dedecus
1579 976 1804 1118 suffragari
1840 1019 1921 1079 co·

458 1203 489 1246 „
507 1126 689 1268 gimut:
725 1125 785 1225 ita
822 1124 982 1264 quibus
1018 1123 1203 1224 minime
1239 1120 1513 1265 oportebat,
1550 1122 1797 1222 contemtui
1844 1162 1921 1223 su·

461 1308 605 1393 „mus
641 1304 773 1407 atque
810 1266 1030 1369 ludibrio.
1076 1280 1227 1386 Quam
1262 1264 1572 1408 indignitatem
1608 1263 1771 1365 diutius
1814 1302 1923 1404 pet-‚

467 1410 641 1552 „peti,
677 1449 757 1509 nec
808 1405 992 1513 fortium
1028 1428 1129 1530 est,
1169 1424 1271 1510 nec
1302 1409 1597 1552 ingenuorum
1647 1404 1922 1515 hominum.

464 1630 495 1674 „
508 1550 871 1696 Expergiscimini
910 1553 1059 1694 ‘igitur
1109 1553 1349 1693 aliquando
1367 1604 1385 1674 ·,
1420 1550 1505 1653 viti
1554 1547 1723 1670 fortes,
1755 1584 1800 1650 er
1839 1588 1925 1650 vos

463 1696 804 1837 „patriamque
822 1694 869 1795 in
904 1695 1189 1816 libertatem,
1224 1735 1296 1798 me
1332 1695 1402 1795 vel
1432 1696 1549 1794 duce
1580 1692 1687 1814 ,vel
1721 1693 1928 1793 commi-

343 1852 345 1855 ’
465 1914 497 1962 „
513 1839 687 1957 litone,¹
719 1837 935 1942 vindicate
953 1847 981 1942 .’
1004 1851 1091 1940 Res
1128 1838 1272 1938 estin
1309 1839 1542 1978 expedito,
1569 1835 1746 1976 incepto
1781 1836 1930 1936 dum·-

464 2016 628 2101 „taxat
665 2019 775 2121 opus
797 1989 902 2082 est.
953 1981 1070 2123 Ego
1089 1981 1209 2081 enim
1244 1982 1300 2081 ad
1337 1995 1431 2081 'rem
1466 1992 1564 2079 tum
1599 1977 1731 2079 initio
1770 1975 1933 2089 confr-¹

467 2199 498 2245 ,‚
512 2125 739 2244 ciendam,
773 2129 868 2224 tur'n
891 2123 1099 2259 'tyrannis
1135 2124 1294 2223 exactis
1329 2122 1581 2265 Principum
1616 2119 1777 2221 auxilio
1816 2160 1935 2224 cou-

469 2265 771 2391 „firmandam
807 2303 941 2406 atque
979 2268 1229 2386 tuendam,
1264 2265 1495 2368 necessaria
1529 2263 1817 2405 comparavi.
1838 2282 1872 2324 “

517 2417 705 2511 XXVII.
759 2416 884 2507 Haec
905 2434 1011 2508 curn
1043 2409 1253 2535 dixisset,
1275 2411 1427 2511 ceteris
1453 2404 1659 2509 omnibus
1693 2406 1938 2520 assentiens

472 2546 588 2684 tibus
601 2626 616 2670 ,
640 2549 732 2650 duo
764 2550 1018 2671 dumtaxat,
1054 2553 1244 2692 Baptista
1265 2562 1480 2652 Cataneus
1497 2548 1646 2670 Baba,
1672 2576 1715 2650 et
1731 2550 1939 2691 Baptista

472 2691 784 2828 Justinianus,
815 2693 902 2793 viri
936 2691 1148 2820 nobiles,
1183 2693 1471 2836 periculosum
1505 2708 1550 2793 et
1584 2732 1739 2834 anceps
1775 2693 1939 2793 consi-

473 2833 583 2933 lium
609 2875 706 2967 *sese
742 2835 927 2936 minime
962 2834 1148 2976 probare
1185 2837 1385 2936 dixerunt
1421 2879 1432 2938 ε
1463 2837 1612 2976 itaque
1646 2833 1713 2936 his
1747 2836 1799 2936 in
1849 2875 1938 2944 cur

474 2971 669 3074 biculum
704 2977 911 3098 inclusis,
948 3014 991 3078 et
1026 2975 1195 3079 foribus
1245 2974 1492 3098 obseratis,
1525 2995 1689 3078 ceteros
1736 3017 1963 3088 numero¹

477 3116 644 3216 circiter
679 3123 888 3220 trecentos
923 3137 1059 3219 armat
1072 3132 1087 3242 ,'
1117 3156 1160 3220 et
1194 3121 1336 3220 domo
1372 3122 1486 3221 circa
1508 3122 1714 3222 mediam
1750 3157 1934 3229 noctem

479 3258 656 3390 educit.
716 3263 856 3360 Erant
881 3262 928 3362 in
963 3299 1097 3401 portu
1128 3261 1335 3363 'triremes
1381 3303 1512 3364 naves
1560 3259 1765 3363 omnibus
1804 3261 1933 3363 rebus

479 3402 523 3498 et
557 3401 749 3501 militum
784 3440 972 3504 numero
1008 3414 1203 3536 majore,
1240 3415 1380 3546 quam·
1415 3445 1495 3545 pto
1531 3405 1787 3511 triremium
1821 3445 1933 3515 conf

480 3544 742 3666 suetudine,
777 3544 1045 3686 instructae,
1081 3587 1186 3688 quas
1218 3548 1375 3648 *Paulus
1411 3545 1611 3649 Pontifex
1650 3547 1733 3688 ipsi
1770 3547 1932 3653 Comi.-

468 3684 516 3783 -ri
549 3685 597 3786 in
632 3684 782 3807 hunc,
820 3694 869 3787 u't
905 3689 1120 3790 creditum
1156 3724 1255 3809 est,
1290 3714 1418 3792 usum
1446 3693 1850 3809 commodaverat,
1877 3693 2001 3808 de,

483 3824 644 3965 quibus
681 3835 806 3968 supra
841 3831 1215 3935 memoravimus.
1251 3833 1444 3939 Aloisius
1480 3835 1641 3977 igitur,
1660 3834 1801 3973 copiis
1838 3870 2029 3972 pars-3,

332 4092 335 4095 Ι
483 3967 611 4087 titis,
644 3965 828 4072 fratrum
863 3975 990 4073 adteri·
1022 3975 1255 4116 negotium
1290 3979 1399 4096 dat,
1440 4012 1498 4077 ut
1526 3976 1718 4078 triremes
1766 3972 1843 4074 has
1887 3973 2032 4092 itu

482 4109 632 4212 locum
656 4116 776 4244 juxta
813 4115 972 4214 navalis
994 4117 1159 4218 ostium
1195 4118 1375 4219 adrem
1409 4120 1645 4260 gerendam
1681 4148 2032 4249 accommoot

483 4254 636 4353 datum
690 4255 931 4398 impelleret
965 4298 978 4365 3
1015 4260 1139 4359 alteri
1170 4337 1185 4381 ‚
1237 4298 1287 4362 ut
1323 4295 1493 4404 porram
1513 4317 1527 4364 ρ
1541 4261 1662 4364 urbis
1684 4333 1687 4365 2
1712 4260 2031 4408 practoriii

482 4391 711 4534 hortisque
751 4401 947 4501 Andreae
972 4399 1204 4543 ,quibus
1223 4403 1329 4544 ipse.
1350 4412 1406 4506 'et
1427 4405 1731 4544 *Joa'nnetinus
1754 4473 1756 4481 ι
1786 4404 2032 4536 ὤνειζςε

485 4532 684 4637 sabantur
718 4616 733 4658 ,
769 4542 1049 4678 proximam,
1090 4585 1265 4687 quaque
1294 4548 1412 4669 illis,
1449 4549 1655 4670 exaudito
1697 4547 2020 4681 tumulum,

484 4675 533 4777 in
566 4677 724 4782 urbem
759 4686 932 4787 venturi
967 4727 1054 4789 esse
1089 4689 1398 4830 putabantur,
1418 4688 1665 4797 obsideret.
1704 4701 1798 4833 Ipse
1835 4729 1930 4791 cu:
1945 4733 1996 4806 a]

1702 4858 1746 4934 “.
1833 4892 1848 4939 t.
1865 4870 1958 4934 [C-
