4110 5888
509 369 668 443 XLVIII.
971 364 1113 438 SUM
1139 367 1335 438 MAR'I
1362 365 1395 434 U
1421 367 1473 436 M.

501 540 504 575 ;
551 495 730 580 LXXIX.
789 499 888 582 Inter
932 496 1025 580 haec
1079 518 1197 581 castra
1317 491 1534 576 LXXXIV.
1571 493 1844 608 ¹Expugnato·
1875 495 1963 581 dire·

490 613 710 699 muniuntur
726 678 739 720 ,
755 640 794 700 et
820 615 1055 730 oppugnatio
1086 641 1191 698 reno
1254 633 1398 724 ptoque
1424 608 1652 722 Aphrodisio
1697 610 1819 694 diruta
1863 643 1960 700 moe·

491 755 620 816 vatur.
646 733 723 819 Sed
748 732 1037 848 oppugnationis
1058 755 1197 816 aterra
1253 728 1314 811 nia
1343 725 1585 829 reficiunmr3
1613 725 1680 811 sed
1718 728 1843 839 paucis
1875 757 1962 844 post

492 844 709 935 difficultate
745 878 791 933 ex
825 845 981 965 perfuga
1024 848 1196 964 cognita,
1252 844 1357 928 annis
1399 843 1557 928 Carolus
1595 872 1641 928 ea
1693 844 1862 931 demoliri
1903 848 1957 961 ju-

493 991 541 1051 et‘
559 995 600 1051 re
629 995 674 1052 cx
704 965 912 1051 triremibus
954 993 1035 1050 non
1067 994 1198 1079 proce-
1256 963 1339 1048 bet.

491 1084 606 1169 dente
625 1145 638 1191 ,
655 1113 757 1170 nova
788 1083 885 1168 ratio
912 1082 1023 1166 initur
1039 1083 1197 1167 Garciae
1328 1081 1528 1165 LXXXV.
1601 1079 1718 1164 Doria
1748 1085 1959 1200 Dragutem

491 1199 617 1335 Toleti
644 1199 876 1319 potissimum
908 1199 1059 1317 ingenio
1091 1227 1197 1286 exeo
1253 1199 1421 1332 persequi
1450 1224 1606 1333 pergens
1642 1198 1832 1332 Meningis
1862 1206 1960 1290 insu-

490 1343 710 1520 gitiic'nor.
773 1441 833 1520 nx
865 1435 1008 1522 ansts
1039 1435 1195 1522 menr-
1251 1315 1606 1548 &XXXIX
1645 1315 1810 1517 iiiiii
1841 1324 1961 1524 ..iii

490 1553 560 1638 bus
584 1555 755 1638 machina
783 1554 1001 1658 exstruitur,
1018 1577 1133 1668 atque
1157 1554 1197 1638 in
1253 1551 1356 1634 diens
1387 1550 1525 1635 exitum
1553 1549 1707 1634 navibus
1730 1551 1871 1664 aperit,
1895 1556 1957 1642 de·

489 1700 574 1756 eam
611 1694 798 1757 tormenta
826 1672 1044 1784 imponunt.
1076 1676 1192 1756 Anto
1251 1667 1410 1784 lusoque
1448 1668 1566 1754 Doria
1600 1667 1791 1754 incolumis
1828 1671 1953 1785 profu·

489 1789 540 1872 nii
570 1790 710 1875 Doriae
739 1815 779 1874 et
806 1789 928 1874 Marci
957 1788 1197 1874 *Centurionis
1251 1787 1324 1902 git.

488 1905 643 1993 redinu.
1312 1907 1526 1990 LXXXVI.
1584 1909 1684 1991 Inter
1722 1906 1814 1991 haec
1846 1911 1959 1998 Caro

557 2026 735 2111 LXXXI.
805 2031 1080 2144 Coagmentata
1123 2059 1199 2114 ma·
1252 2020 1359 2108 lusa
1389 2024 1586 2109 fernando
1636 2020 1748 2110 fratre
1782 2027 1959 2114 omnibus

487 2139 599 2226 china
628 2141 793 2229 remulco
826 2145 1045 2250 deducitur,
1075 2145 1197 2230 simul-
1251 2141 1420 2254 precibus
1450 2140 1678 2246 contendit,
1701 2167 1745 2228 ut
1772 2142 1960 2258 Philippus

488 2288 564 2374 que
624 2259 740 2347 tribus
790 2290 836 2347 ex
891 2263 1055 2377 partibus
1102 2265 1198 2349 muri
1251 2256 1344 2344 lilius
1381 2260 1526 2374 Imperii
1569 2259 1732 2342 Romani
1773 2288 1957 2348 successor

496 2379 763 2464 concutiunmr
794 2408 806 2483 3
834 2379 903 2465 sed
939 2379 1073 2491 injecto
1110 2380 1199 2497 igne
1252 2405 1301 2460 eo
1328 2376 1481 2463 volente
1509 2374 1773 2462 constituatur.
1804 2381 1958 2467 Feman·

493 2495 687 2581 machinae
717 2520 862 2613 partem
892 2496 1116 2582 incendunt.
1252 2494 1323 2580 dus
1356 2493 1407 2578 ad
1422 2492 1715 2579 Marumilianum
1738 2491 1853 2578 lilium
1880 2526 1959 2582 ma·

552 2614 745 2707 LXXXII
807 2611 883 2697 Vix
901 2612 1073 2700 incendio
1095 2642 1198 2703 com·
1253 2610 1470 2726 gbedarn,
1497 2641 1614 2727 quarn
1641 2610 1689 2697 ad
1711 2639 1750 2696 se
1771 2609 1960 2722 hujusmo

494 2757 619 2843 presso
677 2729 906 2817 tormentari
954 2731 1106 2819 ministri
1148 2736 1199 2822 ad
1253 2728 1292 2814 di
1334 2728 1531 2847 negotium
1579 2727 1761 2848 pertinere
1807 2756 1959 2846 respon·

491 2848 649 2933 Doriam
682 2850 836 2935 mittunt
864 2907 876 2952 ,
904 2873 950 2934 ut
989 2849 1198 2937 machinam
1253 2845 1336 2933 det.

489 2963 569 3050 telis
586 2965 774 3051 hostilibus
789 2966 1080 3063 subtrahendam
1098 2999 1196 3056 man
1315 2967 1547 3055 LXXXVII.
1620 2965 1893 3053 Maximilianus
1913 2992 1962 3058 ex

489 3081 580 3166 det.
605 3082 736 3169 Oriola
760 3108 886 3168 tamen
916 3085 1085 3170 centurio
1109 3115 1199 3173 cum
1253 3083 1432 3201 Hispania
1478 3088 1518 3171 in
1563 3082 1732 3200 Belgium
1782 3110 1961 3173 evocatus

488 3222 639 3284 centum
665 3199 951 3316 manipularibus
988 3203 1198 3293 machinam
1253 3199 1359 3287 nullis
1398 3205 1566 3319 precibus
1607 3200 1751 3287 exorari
1788 3232 1827 3288 se
1870 3205 1961 3319 pati

489 3320 741 3405 conscendens
777 3347 909 3404 eorum
938 3319 1082 3406 animos
1106 3350 1198 3407 con·
1252 3341 1337 3404 tur.
1370 3323 1547 3435 Ejusdem
1573 3319 1750 3405 orationis
1777 3320 1914 3406 uiuus.

372 3475 374 3478 v
432 3451 434 3457 ’
490 3429 632 3518 firmat.
669 3437 802 3522 Eidem
834 3435 996 3552 graviter
1028 3439 1199 3525 vulnera·
1310 3439 1553 3525 LXXXVIH.
1620 3440 1733 3521 Hanc
1775 3438 1960 3553 repulsam

491 3573 535 3634 to
555 3550 701 3638 Solisius
731 3549 931 3654 sufficitur,
957 3582 1038 3668 quo
1070 3584 1199 3642 curan·
1251 3552 1407 3668 Hispani
1448 3556 1551 3641 haud
1641 3557 1757 3641 aviter
1812 3552 1960 3643 fotura.

492 3690 531 3750 te
561 3669 662 3752 bona
705 3699 787 3786 pars
822 3670 920 3754 muri
959 3673 1095 3758 eodem
1139 3676 1199 3775 die
1253 3672 1378 3756 Caroli
1403 3672 1554 3779 bella‚'
1609 3674 1675 3757 niti
1705 3697 1882 3778 sumuas,
1910 3677 1962 3760 ab

491 3781 678 3895 dejicitur.
1251 3789 1432 3904 Hispania
1481 3790 1644 3875 absentia
1673 3806 1752 3893 ,ἐι
1799 3790 1957 3906 Philippi

566 3904 775 3987 LXXXIII.
850 3906 1034 4012 Postridie
1071 3909 1201 3997 milites
1251 3907 1452 4022 Hispaniae
1481 3907 1721 3994 desiderium.

490 4044 646 4133 accepto
670 4050 693 4103 a
719 4022 829 4136 Vega
852 4023 959 4138 signo
978 4024 1093 4112 tribus
1119 4058 1197 4142 par·
1312 4027 1524 4110 LXXXIX.
1596 4023 1781 4138 Philippus
1829 4053 1961 4140 repen-

492 4135 588 4220 tibus
637 4137 835 4250 irrumpere
884 4139 1074 4228 nituntur.
1120 4150 1200 4231 Fer·
1253 4141 1331 4225 tina
1362 4138 1454 4226 febri
1494 4139 1712 4256 pleurisique
1744 4142 1959 4255 corripitur3

494 4254 641 4338 nandus
686 4252 843 4339 Tolerus
891 4257 1047 4344 militurn
1089 4263 1200 4345 tribu·
1256 4258 1468 4344 valetudine
1501 4282 1649 4372 recepta
1679 4259 1962 4372 inHaspaniam

492 4396 564 4452 nus
610 4369 847 4455 interficitur.
901 4377 1203 4490 Aphrodisienses
1255 4401 1302 4460 cx
1329 4382 1502 4494 Augusta
1530 4375 1788 4490 proficiscitur.
1940 4395 1945 4407 ’

489 4481 680 4569 fortissime
733 4517 997 4607 propugnant.
1051 4494 1197 4607 Aphro
1327 4495 1412 4576 XC.
1490 4493 1782 4576 Christianonun
1824 4489 1962 4577 Princi-

486 4601 621 4687 disium
666 4605 819 4689 tandem
859 4609 896 4689 in
941 4609 1198 4725 Hispanorum
1256 4638 1347 4723 purn
1376 4638 1468 4721 pax.
1513 4608 1671 4693 Carolus
1698 4603 1854 4690 afflictae
1892 4638 1959 4722 per

485 4741 710 4831 potestatem
741 4721 929 4836 pervenit.
1256 4725 1499 4813 Gcmraniam
1553 4724 1719 4839 religioni
1765 4722 1962 4828 subvenire

484 4905 486 4908 .
1895 4868 1957 4929 cu·
