4110 5888
519 431 770 517 CAROLI
820 431 874 515 V.
910 434 1041 516 ’[ΙΒ.
1082 439 1207 523 XVI.
1496 456 1545 519 11

121 585 272 695 litteris
302 594 353 692 'et
368 593 369 597 ‘
384 589 559 692 'nuntio
596 589 753 696 Cosmi
797 600 1062 734 senatusque
1109 591 1244 696 factus
1296 591 1494 723 certior,
1531 605 1588 705 ad

115 745 296 840 Petrum
341 737 559 838 Toletum
604 746 844 877 Protegem
892 739 1286 878 Neapolitanum,
1329 780 1372 843 et
1419 739 1585 847 Alfon-

117 923 215 984 sum
253 881 447 999 Attalum
484 879 610 984 Vasti
654 877 1008 1004 Marchionem,
1041 888 1376 1031 Genuensesque
1422 889 1582 994 litteras

120 1027 306 1127 dimittit
341 1103 356 1147 ‚
401 1064 451 1127 ut
496 1065 610 1168 quae
664 1028 721 1127 ad
756 1027 985 1126 tutandam
1031 1028 1297 1131 Florentiam
1341 1070 1583 1176 omnesque

119 1211 238 1273 casus
274 1170 511 1272 necessaria
546 1170 640 1270 visa
675 1165 872 1288 fuerint,
907 1169 1252 1308 provideantur.
1294 1184 1456 1315 »Itaque
1493 1182 1584 1279 Hi-

118 1355 357 1457 spanorum
392 1317 486 1415 duo
521 1315 708 1434 millia,
740 1353 852 1456 quos
888 1351 1029 1456 nuper
1065 1318 1257 1417 Andreas
1292 1322 1432 1419 Doria
1482 1324 1583 1423 red-'-

118 1461 214 1561 iens
258 1505 307 1563 ex
355 1460 573 1601 Hispania
617 1459 972 1599 Perpinianoque
1026 1460 1274 1563 triremibus
1326 1464 1581 1605 deportave·

118 1641 220 1730 tat,
258 1608 305 1706 in
340 1602 588 1707 Liburnum
623 1639 805 1744 portum
839 1605 1021 1704 devecta
1054 1639 1189 1747 atque
1223 1606 1449 1747 exposita,
1484 1611 1582 1710 Flos

120 1748 278 1851 tentiae
315 1789 419 1850 cum
456 1741 676 1891 praefecto
713 1746 934 1848 Francisco
979 1762 1208 1850 Sarmento
1251 1751 1580 1893 appropinqua⁴

119 1932 160 1994 re
198 1894 307 2026 jussi
360 1930 498 2001 sunt3
534 1889 750 2033 simulque
799 1934 825 1993 a
878 1891 1004 1990 Vasti
1046 1891 1311 1996 Marchione
1368 1899 1579 1999 Germani

118 2035 236 2137 mille
272 2038 321 2138 in
354 2035 576 2137 Etruriam
611 2035 754 2135 missi.
795 2038 1007 2137 Ceterum
1041 2036 1281 2139 Florentini
1316 2037 1463 2161 cives,
1497 2043 1579 2182 qui

118 2192 292 2284 Romae
328 2177 650 2301 morabantur,
683 2218 788 2279 cum
824 2180 880 2279 de
915 2179 1153 2281 Alexandri
1189 2221 1295 2281 nece
1331 2186 1578 2327 cognovis-

117 2363 245 2447 sent,
278 2325 467 2430 consiliis
503 2322 876 2443 communicatis,
913 2324 1165 2426 conandum
1201 2323 1294 2427 sibi
1319 2329 1484 2428 cunctis
1522 2367 1577 2429 o·

116 2468 244 2613 pibus
279 2506 560 2590 statuerunt,
592 2469 629 2571 si
665 2467 851 2609 patriam
887 2505 1066 2607 possent
1115 2474 1191 2610 per
1245 2511 1343 2571 eam
1380 2471 1578 2575 occasio-

117 2652 217 2716 nem
254 2615 302 2715 in
336 2611 611 2715 libertatem
630 2611 860 2754 pristinam
896 2611 1118 2713 vindicate
1140 2654 1152 2722 3
1177 2614 1383 2755 datoque
1433 2655 1578 2758 nego·

117 2759 181 2860 tio
218 2755 424 2862 Robetto
460 2770 616 2858 Strozo
650 2754 846 2896 Philippi
881 2752 981 2854 filio·
1025 2756 1217 2857 militem
1266 2759 1572 2879 conducendi,

118 2907 313 3038 Joannes
359 2903 566 3003 Salviatus
605 2978 619 3022 ,
656 2901 867 3001 Nicolaus
917 2900 1182 3042 Rodulphus
1218 2978 1232 3020 ,
1273 2937 1316 3001 et
1363 2901 1576 3002 Nicolaus

119 3047 283 3145 Gadius
317 3046 598 3170 Cardinales,
626 3080 669 3144 et
702 3042 1060 3179 Bartholomaeus
1095 3046 1309 3149 Valorcus
1344 3086 1397 3146 ex
1435 3045 1576 3147 consi·

123 3188 166 3289 lii
202 3190 416 3290 sententia
451 3188 713 3291 Florentiam
763 3190 819 3289 ad
869 3188 1152 3330 popularium
1203 3191 1375 3292 animos
1428 3188 1577 3290 solici-

124 3336 269 3434 tandos
305 3334 671 3477 proficiscuntur.
709 3333 793 3433 His
828 3333 957 3432 multi
991 3334 1106 3434 cives
1141 3334 1352 3475 longius,
1386 3335 1460 3434 sed
1497 3373 1574 3473 ap·

124 3477 518 3620 propinquantibus
555 3479 647 3619 ipse
684 3517 867 3619 quoque
902 3487 1126 3601 Cosmus,
1160 3479 1240 3620 qui
1291 3517 1443 3579 omnes
1502 3517 1576 3576 ex*
1658 3489 1665 3507 '

124 3623 224 3722 sules
262 3625 410 3725 edicto
447 3621 629 3766 publico
664 3621 938 3741 restituerat,
964 3621 1148 3723 obviam
1182 3622 1417 3763 processit.
1455 3631 1579 3721 Cum

112 3800 266 3868 autem
302 3803 442 3869 essent
477 3767 525 3867 in
560 3766 685 3865 aedes
720 3765 897 3867 Salviati
946 3764 1157 3886 deducti,
1189 3803 1372 3907 magnus
1409 3764 1465 3866 ad
1502 3803 1578 3864 eos

101 3911 396 4050 popularium
439 3949 674 4013 concursus
708 3986 735 4030 ,.
772 3908 1056 4010 commutatis
1112 3909 1269 4012 animis
1318 3987 1334 4031 ,
1376 3907 1579 4051 quotidie

99 4047 298 4153 fiebat:
343 4057 464 4196 quod
502 4055 852 4156 animadvertens
888 4064 1077 4155 Cosmus
1113 4054 1309 4156 Medices
1341 4131 1356 4174 ,
1393 4091 1435 4153 et
1471 4049 1580 4151 Ale·-

96 4199 275 4298 rander
313 4200 529 4316 Vitellus,
560 4199 666 4300 arcis
702 4234 837 4343 atque
873 4199 1077 4341 praesidii
1111 4195 1386 4343 praefectus,
1421 4193 1581 4337 cogni⁴
1648 4276 1652 4281 .

102 4369 261 4482 toque
284 4341 599 4446 >Cardinalium
635 4344 822 4444 consilio
855 4421 870 4464 ,
906 4342 1118 4445 militibus
1151 4419 1167 4463 ,
1204 4342 1437 4480 quierant
1477 4335 1581 4438 urbi

109 4486 334 4615 praesidio
354 4552 373 4607 ,v
406 4528 592 4590 numero
629 4487 803 4588 circiter
840 4487 993 4603 mille,
1028 4488 1144 4588 vias·
1172 4482 1373 4586 obsidere
1426 4484 1576 4615 jussis,

114 4631 428 4733 Cardinalibus
465 4625 776 4735 denuntiatum
813 4630 1030 4751 mittunt,
1054 4665 1105 4729 ut
1140 4665 1237 4729 tum
1274 4631 1357 4770 ipsi
1391 4629 1446 4731 ab
1482 4626 1583 4726 ani·-

128 4766 222 4869 mis·
259 4775 430 4877 civium
479 4777 751 4879 solicitandis
801 4777 1056 4896 desistant,
1091 4811 1191 4876 tum
1226 4773 1384 4874 milites
1420 4849 1435 4891 ,
1471 4807 1586 4910 quos

154 4953 159 4964 ’
1112 4934 1192 5023 Ba
1490 4926 1585 5012 Ro·
