4102 5864
513 404 616 515 388.
848 413 961 493 na
993 408 1219 491 nunus
1231 404 1453 491 castra

471 571 638 672 rimum
682 556 881 672 interesse
929 569 1062 668 docet
1098 554 1352 679 Carolum
1370 581 1597 668 Caesarem
1646 562 1926 706 Aplrrodisio

472 715 670 877 potiri,
692 746 765 831 et,
801 711 941 852 quid
948 698 1048 810 sibi
1067 699 1255 850 placeat,
1288 710 1502 829 ostendit,
1527 708 1845 850 hortaturque,
1877 748 1927 812 ut

473 858 566 1018 ipse
608 894 787 995 quoque
832 853 1062 994 negotium
1106 852 1353 991 suscipiat,
1388 889 1432 952 et
1467 892 1529 951 res
1572 851 1689 954 bello
1726 891 1922 954 necessa-

473 1000 554 1098 rias
590 999 644 1112 ad
680 996 868 1097 Siciliam
884 1032 986 1137 pro
1021 1033 1100 1094 suo
1136 996 1324 1158 imperio
1360 1031 1403 1093 et
1440 994 1669 1135 prudentia
1697 1034 1924 1135 compara

474 1141 510 1240 ri
545 1139 725 1271 jubeat,
759 1173 810 1237 ut
845 1174 921 1238 res
944 1140 1171 1236 communi
1214 1139 1435 1278 utriusque
1482 1176 1613 1284 opera
1656 1174 1699 1237 et
1742 1139 1923 1239 consilio
2020 1246 2022 1250 ,

475 1282 857 1424 administrentur
915 1282 986 1379 Ad
1023 1320 1080 1379 ea
1128 1287 1323 1417 Joannes
1361 1291 1498 1422 Vega
1546 1280 1718 1380 consilii
1768 1280 1922 1380 dubius

474 1417 586 1524 nibil
637 1418 846 1522 constitui
897 1419 1148 1562 respondit
1202 1435 1492 1564 Quamquam
1535 1423 1653 1520 enim
1695 1421 1924 1561 Aphrodi-

476 1566 590 1666 sium
625 1566 671 1685 in
705 1565 853 1665 Caroli
888 1565 1084 1664 Caesaris
1119 1601 1374 1727 potestatem
1409 1565 1549 1706 redigi
1584 1565 1782 1704 publicae
1819 1566 1922 1663 salu-

476 1708 550 1807 tis
580 1698 962 1808 Christianorum
980 1711 1132 1849 magni
1174 1709 1377 1807 interesse
1426 1703 1744 1844 intelligebat,
1780 1741 1922 1805 tamen

477 1847 650 1950 rebus
638 1849 885 2012 imparatis,
907 1851 1175 1995 tantulaque
1210 1889 1342 1950 manu
1369 1885 1542 1948 tantum
1580 1845 1815 1989 negotium
1843 1887 1921 1946 sus-

476 1992 619 2132 cipere
655 1991 904 2092 temeritatis
940 2031 1027 2090 esse
1061 1989 1310 2121 judicabat.
1350 1988 1625 2108 Accedebat,
1655 1993 1779 2128 quod
1817 2027 1920 2128 pau-

476 2135 537 2234 cis
575 2170 673 2237 ante
709 2134 862 2253 annis,
900 2172 1002 2232 cum
1038 2135 1092 2233 de
1108 2127 1243 2261 bello
1279 2125 1433 2256 Africo
1469 2128 1807 2250 deliberaretur,
1838 2143 1920 2231 Ca·

477 2278 573 2401 rolo
609 2278 779 2376 Caesari
832 2276 1093 2415 placuerat,
1138 2310 1187 2373 ut
1230 2283 1417 2422 Meryna
1458 2272 1593 2372 insula
1636 2274 1831 2411 primum
1872 2312 1922 2371 o·

478 2419 683 2535 mnium,
728 2414 842 2516 duco
875 2418 1031 2518 eodem
1065 2427 1220 2557 Vega,
1246 2451 1509 2535 tentaretur,
1538 2415 1652 2513 nulla
1679 2417 1734 2514 de
1754 2413 1923 2554 Aphro·

340 2610 341 2613 ¹
479 2561 591 2660 disio
627 2555 741 2660 facta
777 2559 1029 2668 mentiones
1066 2559 1139 2658 sed
1175 2561 1397 2659 consecuti
1432 2556 1682 2658 Germanici
1713 2556 1819 2655 belli
1853 2596 1919 2656 cu·

382 2713 384 2716 ’
477 2741 522 2801 ra
557 2741 754 2803 animum
791 2703 939 2802 Caroli
982 2702 1171 2803 Caesaris
1207 2699 1263 2800 ab
1304 2699 1511 2848 omnibus
1547 2697 1709 2799 bellicis
1745 2700 1922 2842 cogita

482 2845 678 2946 tionibus
712 2879 952 2969 averterat.
1531 2876 1536 2889 ·

549 2996 770 3085 LXVII.
801 2977 1009 3087 Ceterum
1043 2996 1200 3128 Vega,
1235 3025 1289 3087 ne
1325 2985 1405 3088 virt
1390 2981 1762 3127 prudentissimi
1799 3021 1843 3086 et
1869 2983 1924 3086 rei

478 3127 675 3227 militaris
710 3127 959 3288 peritissimi
994 3131 1225 3230 consilium
1262 3167 1424 3231 temere
1460 3133 1663 3228 damnare
1692 3128 1925 3250 videretur,

479 3273 703 3430 joannem
730 3268 971 3370 Οιοιίιιιιι
1001 3266 1176 3370 affinem
1221 3310 1381 3371 suum
1392 3272 1558 3390 misit,
1604 3272 1683 3412 qui
1726 3311 1856 3370 suum
1889 3269 1929 3369 ei

417 3421 419 3426 ’
479 3411 678 3514 animum
710 3406 1081 3554 voluntatemque
1116 3407 1333 3533 deferret,
1376 3414 1591 3554 simulque
1627 3408 1932 3538 difficultates,

480 3588 623 3701 quae
628 3546 684 3653 ab
721 3596 775 3655 eo
811 3555 995 3654 consilio
1030 3552 1391 3702 dehortarentur,
1430 3593 1727 3701 proponeret,
1747 3591 1794 3655 et
1825 3555 1935 3696 quid

480 3729 586 3796 esset
619 3694 762 3797 rerum
797 3698 1128 3822 necessariarum
1163 3693 1210 3795 in
1246 3698 1385 3799 Sicilia
1420 3735 1763 3840 comparatum,
1798 3700 1935 3797 doce-

480 3872 588 3936 ret·
579 3904 590 3945 ι
626 3842 776 3974 (nam
813 3814 916 3939 belli
958 3833 1094 3940 Africi
1139 3840 1454 3982 exspectatione
1499 3876 1590 3941 non
1636 3839 1745 3943 nibil
1793 3835 1937 3940 fiserat

479 3981 744 4129 provisum)
780 4016 822 4080 et
859 4024 971 4122 quae
1008 3986 1289 4122 comparandi
1323 3980 1501 4087 facultas
1539 4022 1698 4104 esset,
1735 4023 1943 4124 expono*

479 4157 571 4224 ret.
614 4136 724 4274 Quo
761 4162 967 4263 responso
1003 4130 1196 4227 Andreas
1232 4164 1447 4268 accepto,
1479 4127 1644 4227 cunctis
1693 4122 1938 4269 difficultaf

481 4263 645 4366 tibus
632 4307 745 4423 rpsos
781 4268 1044 4409 diligentia
1038 4305 1081 4368 et
1115 4271 1342 4425 longarum
1384 4271 1564 4370 navium
1594 4269 1811 4369 celeritate
1842 4307 1940 4366 me

482 4409 576 4506 deti
618 4448 739 4565 posse
780 4410 1113 4530 confirmabat,
1155 4451 1235 4511 nec
1280 4448 1370 4514 tarn
1413 4422 1679 4554 praesentem
1702 4409 1941 4550 Dragutis

481 4545 707 4672 absentis,
739 4590 790 4653 et
824 4555 971 4696 exigui
1015 4490 1133 4657 urbis
1174 4557 1382 4696 praesidii
1421 4594 1695 4708 occasronerrr
1702 4589 1942 4748 praeter-

479 4695 692 4799 condam
704 4692 1014 4805 contendebat
1092 4761 1171 4788 .«
1230 4780 1235 4787 ,

1705 4990 1707 4995 .
1827 4848 1935 4943 Hoc
