<?xml version="1.0" encoding="UTF-8"?>
<!DOCTYPE html PUBLIC "-//W3C//DTD XHTML 1.0 Transitional//EN"
    "http://www.w3.org/TR/xhtml1/DTD/xhtml1-transitional.dtd">
<html xmlns="http://www.w3.org/1999/xhtml" xml:lang="en" lang="en">
 <head>
  <title>
</title>
<meta http-equiv="Content-Type" content="text/html;charset=utf-8" />
  <meta name='ocr-system' content='tesseract 3.04.00' />
  <meta name='ocr-capabilities' content='ocr_page ocr_carea ocr_par ocr_line ocrx_word'/>
</head>
<body>
  <div class='ocr_page' id='page_1' title='image "./joannisgenesiis00sepgoog_0445.png"; bbox 0 0 3998 5850; ppageno 0'>
   <div class='ocr_carea' id='block_1_1' title="bbox 446 359 1516 523">
    <p class='ocr_par' dir='ltr' id='par_1_1' title="bbox 446 359 1516 523">
     <span class='ocr_line' id='line_1_1' title="bbox 446 359 1516 523; baseline 0.017 -21"><span class='ocrx_word' id='word_1_1' title='bbox 446 359 791 502; x_wconf 32' lang='lat' dir='ltr'>cnxoxriv.</span> <span class='ocrx_word' id='word_1_2' title='bbox 840 360 1232 501; x_wconf 76' lang='lat' dir='ltr'>rruxxvrrr.</span> <span class='ocrx_word' id='word_1_3' title='bbox 1428 424 1516 523; x_wconf 82' lang='lat'>449</span> 
     </span>
    </p>
   </div>
   <div class='ocr_carea' id='block_1_2' title="bbox 47 572 1581 3436">
    <p class='ocr_par' dir='ltr' id='par_1_2' title="bbox 90 572 1558 1975">
     <span class='ocr_line' id='line_1_2' title="bbox 97 572 1558 698; baseline -0.001 -15.004"><span class='ocrx_word' id='word_1_4' title='bbox 97 576 229 698; x_wconf 90' lang='lat' dir='ltr'>fuit,</span> <span class='ocrx_word' id='word_1_5' title='bbox 267 615 370 677; x_wconf 91' lang='lat' dir='ltr'>cum</span> <span class='ocrx_word' id='word_1_6' title='bbox 405 574 454 677; x_wconf 95' lang='lat' dir='ltr'>in</span> <span class='ocrx_word' id='word_1_7' title='bbox 489 575 703 677; x_wconf 80' lang='lat' dir='ltr'><strong>Gallicam</strong></span> <span class='ocrx_word' id='word_1_8' title='bbox 739 575 894 677; x_wconf 93' lang='lat' dir='ltr'>decem</span> <span class='ocrx_word' id='word_1_9' title='bbox 930 572 1179 674; x_wconf 84' lang='lat' dir='ltr'>triremium</span> <span class='ocrx_word' id='word_1_10' title='bbox 1215 573 1390 679; x_wconf 80' lang='lat' dir='ltr'>classem</span> <span class='ocrx_word' id='word_1_11' title='bbox 1434 579 1558 682; x_wconf 89' lang='lat' dir='ltr'>litto</span> 
     </span>
     <span class='ocr_line' id='line_1_3' title="bbox 96 715 1557 885; baseline 0.001 -59"><span class='ocrx_word' id='word_1_12' title='bbox 96 763 145 827; x_wconf 89' lang='lat' dir='ltr'>ra</span> <span class='ocrx_word' id='word_1_13' title='bbox 184 722 403 885; x_wconf 84' lang='lat' dir='ltr'>legentem</span> <span class='ocrx_word' id='word_1_14' title='bbox 452 719 565 821; x_wconf 85' lang='lat' dir='ltr'>circa</span> <span class='ocrx_word' id='word_1_15' title='bbox 600 715 887 822; x_wconf 89' lang='lat' dir='ltr'>Plumbinum</span> <span class='ocrx_word' id='word_1_16' title='bbox 940 717 1208 818; x_wconf 92' lang='lat' dir='ltr'>incidisset·</span> <span class='ocrx_word' id='word_1_17' title='bbox 1199 786 1212 829; x_wconf 83' lang='lat'>‚</span> <span class='ocrx_word' id='word_1_18' title='bbox 1249 723 1440 862; x_wconf 88' lang='lat' dir='ltr'>reliquae</span> <span class='ocrx_word' id='word_1_19' title='bbox 1476 727 1557 828; x_wconf 89' lang='lat' dir='ltr'>Li-</span> 
     </span>
     <span class='ocr_line' id='line_1_4' title="bbox 97 860 1554 1006; baseline 0.001 -36"><span class='ocrx_word' id='word_1_20' title='bbox 97 866 275 970; x_wconf 85' lang='lat' dir='ltr'>burno</span> <span class='ocrx_word' id='word_1_21' title='bbox 291 864 548 1006; x_wconf 82' lang='lat' dir='ltr'>appulsae,</span> <span class='ocrx_word' id='word_1_22' title='bbox 583 865 701 962; x_wconf 92' lang='lat' dir='ltr'>unde</span> <span class='ocrx_word' id='word_1_23' title='bbox 738 860 927 1002; x_wconf 84' lang='lat' dir='ltr'>expositi</span> <span class='ocrx_word' id='word_1_24' title='bbox 962 861 1121 961; x_wconf 86' lang='lat' dir='ltr'>milites</span> <span class='ocrx_word' id='word_1_25' title='bbox 1158 902 1236 1003; x_wconf 92' lang='lat' dir='ltr'>per</span> <span class='ocrx_word' id='word_1_26' title='bbox 1279 903 1471 987; x_wconf 89' lang='lat' dir='ltr'>tertam,</span> <span class='ocrx_word' id='word_1_27' title='bbox 1509 906 1554 971; x_wconf 89' lang='lat' dir='ltr'>et</span> 
     </span>
     <span class='ocr_line' id='line_1_5' title="bbox 98 939 1555 1148; baseline 0.001 -34"><span class='ocrx_word' id='word_1_28' title='bbox 98 1010 344 1127; x_wconf 81' lang='lat' dir='ltr'>Germani,</span> <span class='ocrx_word' id='word_1_29' title='bbox 380 1010 435 1108; x_wconf 91' lang='lat' dir='ltr'>de</span> <span class='ocrx_word' id='word_1_30' title='bbox 471 939 632 1148; x_wconf 90' lang='lat' dir='ltr'>quibus</span> <span class='ocrx_word' id='word_1_31' title='bbox 669 1011 1015 1107; x_wconf 88' lang='lat' dir='ltr'>demonstratum</span> <span class='ocrx_word' id='word_1_32' title='bbox 1059 1042 1155 1125; x_wconf 89' lang='lat' dir='ltr'>est,</span> <span class='ocrx_word' id='word_1_33' title='bbox 1191 1008 1237 1107; x_wconf 93' lang='lat' dir='ltr'>in</span> <span class='ocrx_word' id='word_1_34' title='bbox 1273 1043 1406 1109; x_wconf 87' lang='lat' dir='ltr'>castra</span> <span class='ocrx_word' id='word_1_35' title='bbox 1454 1054 1555 1116; x_wconf 92' lang='lat' dir='ltr'>cum</span> 
     </span>
     <span class='ocr_line' id='line_1_6' title="bbox 100 1083 1557 1296; baseline 0.001 -41"><span class='ocrx_word' id='word_1_36' title='bbox 100 1154 438 1296; x_wconf 86' lang='lat' dir='ltr'>pervenissent,</span> <span class='ocrx_word' id='word_1_37' title='bbox 473 1148 751 1250; x_wconf 86' lang='lat' dir='ltr'>Marchio</span> <span class='ocrx_word' id='word_1_38' title='bbox 716 1189 883 1250; x_wconf 78' lang='lat' dir='ltr'>circum</span> <span class='ocrx_word' id='word_1_39' title='bbox 918 1163 1044 1250; x_wconf 88' lang='lat' dir='ltr'>Senas</span> <span class='ocrx_word' id='word_1_40' title='bbox 1080 1190 1106 1248; x_wconf 88' lang='lat' dir='ltr'>a</span> <span class='ocrx_word' id='word_1_41' title='bbox 1141 1083 1259 1250; x_wconf 85' lang='lat' dir='ltr'>inille</span> <span class='ocrx_word' id='word_1_42' title='bbox 1302 1187 1346 1253; x_wconf 88' lang='lat' dir='ltr'>et</span> <span class='ocrx_word' id='word_1_43' title='bbox 1382 1194 1408 1252; x_wconf 86' lang='lat' dir='ltr'>a</span> <span class='ocrx_word' id='word_1_44' title='bbox 1444 1157 1557 1257; x_wconf 90' lang='lat' dir='ltr'>duo</span> 
     </span>
     <span class='ocr_line' id='line_1_7' title="bbox 95 1292 1557 1442; baseline 0 -44"><span class='ocrx_word' id='word_1_45' title='bbox 95 1297 179 1399; x_wconf 90' lang='lat' dir='ltr'>bus</span> <span class='ocrx_word' id='word_1_46' title='bbox 215 1334 417 1436; x_wconf 82' lang='lat' dir='ltr'>passuum</span> <span class='ocrx_word' id='word_1_47' title='bbox 465 1292 691 1394; x_wconf 73' lang='lat' dir='ltr'>millibus¹</span> <span class='ocrx_word' id='word_1_48' title='bbox 694 1293 907 1434; x_wconf 86' lang='lat' dir='ltr'>praetoria</span> <span class='ocrx_word' id='word_1_49' title='bbox 962 1329 1005 1394; x_wconf 93' lang='lat' dir='ltr'>et</span> <span class='ocrx_word' id='word_1_50' title='bbox 1040 1292 1260 1394; x_wconf 88' lang='lat' dir='ltr'>coenobia</span> <span class='ocrx_word' id='word_1_51' title='bbox 1289 1297 1417 1416; x_wconf 90' lang='lat' dir='ltr'>locis</span> <span class='ocrx_word' id='word_1_52' title='bbox 1468 1341 1557 1442; x_wconf 89' lang='lat' dir='ltr'>op</span> 
     </span>
     <span class='ocr_line' id='line_1_8' title="bbox 90 1436 1553 1602; baseline 0.002 -61"><span class='ocrx_word' id='word_1_53' title='bbox 90 1439 313 1602; x_wconf 86' lang='lat' dir='ltr'>portunis</span> <span class='ocrx_word' id='word_1_54' title='bbox 331 1439 600 1579; x_wconf 90' lang='lat' dir='ltr'>occupavit,</span> <span class='ocrx_word' id='word_1_55' title='bbox 636 1473 680 1538; x_wconf 91' lang='lat' dir='ltr'>et</span> <span class='ocrx_word' id='word_1_56' title='bbox 716 1437 920 1576; x_wconf 90' lang='lat' dir='ltr'>operibus</span> <span class='ocrx_word' id='word_1_57' title='bbox 964 1436 1275 1578; x_wconf 88' lang='lat' dir='ltr'>praesidiisque</span> <span class='ocrx_word' id='word_1_58' title='bbox 1328 1437 1553 1564; x_wconf 87' lang='lat' dir='ltr'>firmavit,</span> 
     </span>
     <span class='ocr_line' id='line_1_9' title="bbox 100 1578 1558 1748; baseline 0.001 -63"><span class='ocrx_word' id='word_1_59' title='bbox 100 1619 144 1685; x_wconf 90' lang='lat' dir='ltr'>et</span> <span class='ocrx_word' id='word_1_60' title='bbox 178 1584 237 1685; x_wconf 91' lang='lat' dir='ltr'>sic</span> <span class='ocrx_word' id='word_1_61' title='bbox 271 1582 354 1684; x_wconf 87' lang='lat' dir='ltr'>viis</span> <span class='ocrx_word' id='word_1_62' title='bbox 389 1578 599 1682; x_wconf 90' lang='lat' dir='ltr'>omnibus</span> <span class='ocrx_word' id='word_1_63' title='bbox 635 1578 812 1682; x_wconf 89' lang='lat' dir='ltr'>obsessis</span> <span class='ocrx_word' id='word_1_64' title='bbox 848 1578 1125 1682; x_wconf 92' lang='lat' dir='ltr'>obsidionem</span> <span class='ocrx_word' id='word_1_65' title='bbox 1163 1619 1318 1743; x_wconf 83' lang='lat' dir='ltr'>urgere</span> <span class='ocrx_word' id='word_1_66' title='bbox 1346 1587 1558 1748; x_wconf 80' lang='lat' dir='ltr'>coepit,</span> 
     </span>
     <span class='ocr_line' id='line_1_10' title="bbox 101 1721 1557 1866; baseline 0.001 -38"><span class='ocrx_word' id='word_1_67' title='bbox 101 1763 146 1828; x_wconf 91' lang='lat' dir='ltr'>ct</span> <span class='ocrx_word' id='word_1_68' title='bbox 179 1726 323 1828; x_wconf 91' lang='lat' dir='ltr'>hostes</span> <span class='ocrx_word' id='word_1_69' title='bbox 359 1721 675 1827; x_wconf 86' lang='lat' dir='ltr'>commeatibus</span> <span class='ocrx_word' id='word_1_70' title='bbox 710 1760 876 1826; x_wconf 90' lang='lat' dir='ltr'>arcere</span> <span class='ocrx_word' id='word_1_71' title='bbox 883 1799 900 1843; x_wconf 91' lang='lat'>,</span> <span class='ocrx_word' id='word_1_72' title='bbox 908 1723 1355 1866; x_wconf 88' lang='lat' dir='ltr'>quotidianisque</span> <span class='ocrx_word' id='word_1_73' title='bbox 1344 1730 1557 1831; x_wconf 73' lang='lat' dir='ltr'>incursio⁴</span> 
     </span>
     <span class='ocr_line' id='line_1_11' title="bbox 91 1866 492 1975; baseline -0.003 -4"><span class='ocrx_word' id='word_1_74' title='bbox 91 1870 228 1975; x_wconf 66' lang='lat' dir='ltr'>,nibus</span> <span class='ocrx_word' id='word_1_75' title='bbox 264 1866 492 1970; x_wconf 86' lang='lat' dir='ltr'>infestare</span> 
     </span>
    </p>

    <p class='ocr_par' dir='ltr' id='par_1_3' title="bbox 47 2012 1581 3436">
     <span class='ocr_line' id='line_1_12' title="bbox 169 2012 1555 2154; baseline 0.003 -42"><span class='ocrx_word' id='word_1_76' title='bbox 169 2023 284 2113; x_wconf 90' lang='lat' dir='ltr'><strong>XIII.</strong></span> <span class='ocrx_word' id='word_1_77' title='bbox 357 2023 523 2112; x_wconf 88' lang='lat' dir='ltr'>Interea</span> <span class='ocrx_word' id='word_1_78' title='bbox 557 2024 755 2112; x_wconf 89' lang='lat' dir='ltr'>Senenses</span> <span class='ocrx_word' id='word_1_79' title='bbox 802 2043 847 2108; x_wconf 90' lang='lat' dir='ltr'>et</span> <span class='ocrx_word' id='word_1_80' title='bbox 880 2019 1031 2110; x_wconf 90' lang='lat' dir='ltr'>Petrus</span> <span class='ocrx_word' id='word_1_81' title='bbox 1066 2014 1273 2129; x_wconf 87' lang='lat' dir='ltr'>Strozus,</span> <span class='ocrx_word' id='word_1_82' title='bbox 1308 2012 1388 2154; x_wconf 92' lang='lat' dir='ltr'>qui</span> <span class='ocrx_word' id='word_1_83' title='bbox 1423 2025 1555 2117; x_wconf 89' lang='lat' dir='ltr'>Hen-</span> 
     </span>
     <span class='ocr_line' id='line_1_13' title="bbox 105 2152 1557 2295; baseline 0.001 -39"><span class='ocrx_word' id='word_1_84' title='bbox 105 2155 186 2257; x_wconf 89' lang='lat' dir='ltr'>tici</span> <span class='ocrx_word' id='word_1_85' title='bbox 220 2154 356 2295; x_wconf 86' lang='lat' dir='ltr'>Regis</span> <span class='ocrx_word' id='word_1_86' title='bbox 393 2155 618 2256; x_wconf 86' lang='lat' dir='ltr'>voluntate</span> <span class='ocrx_word' id='word_1_87' title='bbox 653 2188 754 2294; x_wconf 89' lang='lat' dir='ltr'>post</span> <span class='ocrx_word' id='word_1_88' title='bbox 773 2153 947 2253; x_wconf 89' lang='lat' dir='ltr'>Termis</span> <span class='ocrx_word' id='word_1_89' title='bbox 983 2152 1218 2254; x_wconf 90' lang='lat' dir='ltr'>discessum</span> <span class='ocrx_word' id='word_1_90' title='bbox 1259 2152 1376 2256; x_wconf 90' lang='lat' dir='ltr'>urbis</span> <span class='ocrx_word' id='word_1_91' title='bbox 1412 2194 1557 2260; x_wconf 85' lang='lat' dir='ltr'>custo-</span> 
     </span>
     <span class='ocr_line' id='line_1_14' title="bbox 94 2295 1557 2438; baseline 0.003 -40"><span class='ocrx_word' id='word_1_92' title='bbox 94 2300 200 2398; x_wconf 87' lang='lat' dir='ltr'>diae</span> <span class='ocrx_word' id='word_1_93' title='bbox 250 2331 477 2438; x_wconf 86' lang='lat' dir='ltr'>praeerat,</span> <span class='ocrx_word' id='word_1_94' title='bbox 513 2335 589 2438; x_wconf 88' lang='lat' dir='ltr'>per</span> <span class='ocrx_word' id='word_1_95' title='bbox 637 2295 817 2397; x_wconf 86' lang='lat' dir='ltr'>nuntios</span> <span class='ocrx_word' id='word_1_96' title='bbox 853 2332 898 2395; x_wconf 91' lang='lat' dir='ltr'>et</span> <span class='ocrx_word' id='word_1_97' title='bbox 933 2295 1098 2395; x_wconf 87' lang='lat' dir='ltr'>litteras</span> <span class='ocrx_word' id='word_1_98' title='bbox 1136 2297 1381 2400; x_wconf 88' lang='lat' dir='ltr'>Henticum</span> <span class='ocrx_word' id='word_1_99' title='bbox 1426 2340 1557 2402; x_wconf 91' lang='lat' dir='ltr'>eum</span> 
     </span>
     <span class='ocr_line' id='line_1_15' title="bbox 99 2434 1556 2561; baseline 0.006 -21"><span class='ocrx_word' id='word_1_100' title='bbox 99 2442 204 2541; x_wconf 90' lang='lat' dir='ltr'>dem</span> <span class='ocrx_word' id='word_1_101' title='bbox 237 2441 292 2539; x_wconf 91' lang='lat' dir='ltr'>de</span> <span class='ocrx_word' id='word_1_102' title='bbox 325 2439 452 2539; x_wconf 86' lang='lat' dir='ltr'>rebus</span> <span class='ocrx_word' id='word_1_103' title='bbox 488 2438 698 2542; x_wconf 89' lang='lat' dir='ltr'>omnibus</span> <span class='ocrx_word' id='word_1_104' title='bbox 733 2438 964 2539; x_wconf 89' lang='lat' dir='ltr'>certiorem</span> <span class='ocrx_word' id='word_1_105' title='bbox 999 2434 1208 2561; x_wconf 89' lang='lat' dir='ltr'>faciunt,</span> <span class='ocrx_word' id='word_1_106' title='bbox 1250 2476 1293 2544; x_wconf 94' lang='lat' dir='ltr'>et</span> <span class='ocrx_word' id='word_1_107' title='bbox 1344 2444 1556 2549; x_wconf 89' lang='lat' dir='ltr'>auxilium</span> 
     </span>
     <span class='ocr_line' id='line_1_16' title="bbox 102 2519 1556 2723; baseline 0.001 -39"><span class='ocrx_word' id='word_1_108' title='bbox 102 2619 264 2708; x_wconf 81' lang='lat' dir='ltr'>orant,</span> <span class='ocrx_word' id='word_1_109' title='bbox 301 2580 759 2723; x_wconf 88' lang='lat' dir='ltr'>conquisitoribusque</span> <span class='ocrx_word' id='word_1_110' title='bbox 796 2566 983 2680; x_wconf 88' lang='lat' dir='ltr'>dimissis</span> <span class='ocrx_word' id='word_1_111' title='bbox 1019 2519 1247 2684; x_wconf 82' lang='lat' dir='ltr'>Galloruin</span> <span class='ocrx_word' id='word_1_112' title='bbox 1290 2623 1376 2722; x_wconf 91' lang='lat' dir='ltr'>ope</span> <span class='ocrx_word' id='word_1_113' title='bbox 1413 2586 1556 2685; x_wconf 86' lang='lat' dir='ltr'>infi-</span> 
     </span>
     <span class='ocr_line' id='line_1_17' title="bbox 47 2722 1557 2844; baseline 0.002 -17"><span class='ocrx_word' id='word_1_114' title='bbox 47 2784 48 2787; x_wconf 24' lang='grc' dir='ltr'>ι</span> <span class='ocrx_word' id='word_1_115' title='bbox 103 2725 230 2828; x_wconf 89' lang='lat' dir='ltr'>nibus</span> <span class='ocrx_word' id='word_1_116' title='bbox 278 2724 662 2844; x_wconf 85' lang='lat' dir='ltr'>Ferratiensibus,</span> <span class='ocrx_word' id='word_1_117' title='bbox 699 2722 1041 2844; x_wconf 84' lang='lat' dir='ltr'>Parmensibus,</span> <span class='ocrx_word' id='word_1_118' title='bbox 1086 2729 1219 2826; x_wconf 90' lang='lat' dir='ltr'>etad</span> <span class='ocrx_word' id='word_1_119' title='bbox 1256 2727 1557 2831; x_wconf 87' lang='lat' dir='ltr'>Mirandulam</span> 
     </span>
     <span class='ocr_line' id='line_1_18' title="bbox 102 2864 1555 3011; baseline -0.001 -40"><span class='ocrx_word' id='word_1_120' title='bbox 102 2868 354 2972; x_wconf 86' lang='lat' dir='ltr'>Italicorum</span> <span class='ocrx_word' id='word_1_121' title='bbox 389 2868 492 3008; x_wconf 83' lang='lat' dir='ltr'>pedi</span> <span class='ocrx_word' id='word_1_122' title='bbox 494 2904 590 2971; x_wconf 90' lang='lat' dir='ltr'>tum</span> <span class='ocrx_word' id='word_1_123' title='bbox 626 2908 697 2967; x_wconf 91' lang='lat' dir='ltr'>sex</span> <span class='ocrx_word' id='word_1_124' title='bbox 732 2865 871 2966; x_wconf 87' lang='lat' dir='ltr'>millia</span> <span class='ocrx_word' id='word_1_125' title='bbox 905 2864 1105 2967; x_wconf 88' lang='lat' dir='ltr'>confecta</span> <span class='ocrx_word' id='word_1_126' title='bbox 1140 2903 1273 2987; x_wconf 90' lang='lat' dir='ltr'>sunt,</span> <span class='ocrx_word' id='word_1_127' title='bbox 1313 2903 1355 2968; x_wconf 87' lang='lat' dir='ltr'>et</span> <span class='ocrx_word' id='word_1_128' title='bbox 1391 2873 1555 3011; x_wconf 89' lang='lat' dir='ltr'>equites</span> 
     </span>
     <span class='ocr_line' id='line_1_19' title="bbox 105 3011 1581 3150; baseline 0.001 -38"><span class='ocrx_word' id='word_1_129' title='bbox 105 3013 294 3115; x_wconf 85' lang='lat' dir='ltr'>sexcenti</span> <span class='ocrx_word' id='word_1_130' title='bbox 328 3011 502 3112; x_wconf 85' lang='lat' dir='ltr'>levioris</span> <span class='ocrx_word' id='word_1_131' title='bbox 538 3048 827 3115; x_wconf 82' lang='lat' dir='ltr'>armaturae,</span> <span class='ocrx_word' id='word_1_132' title='bbox 888 3044 1104 3150; x_wconf 87' lang='lat' dir='ltr'>praeterea</span> <span class='ocrx_word' id='word_1_133' title='bbox 1141 3021 1393 3147; x_wconf 88' lang='lat' dir='ltr'>Grysonum</span> <span class='ocrx_word' id='word_1_134' title='bbox 1449 3024 1556 3113; x_wconf 90' lang='lat' dir='ltr'>Ger</span> <span class='ocrx_word' id='word_1_135' title='bbox 1576 3134 1581 3149; x_wconf 21' lang='lat' dir='ltr'>x</span> 
     </span>
     <span class='ocr_line' id='line_1_20' title="bbox 105 3154 1556 3316; baseline 0.001 -59"><span class='ocrx_word' id='word_1_136' title='bbox 105 3194 429 3296; x_wconf 90' lang='lat' dir='ltr'>manorumque</span> <span class='ocrx_word' id='word_1_137' title='bbox 450 3189 641 3316; x_wconf 81' lang='lat' dir='ltr'>quatuor</span> <span class='ocrx_word' id='word_1_138' title='bbox 678 3154 816 3256; x_wconf 86' lang='lat' dir='ltr'>millia</span> <span class='ocrx_word' id='word_1_139' title='bbox 852 3156 1094 3261; x_wconf 82' lang='lat' dir='ltr'>conducta3</span> <span class='ocrx_word' id='word_1_140' title='bbox 1083 3194 1228 3296; x_wconf 88' lang='lat' dir='ltr'>‚quae</span> <span class='ocrx_word' id='word_1_141' title='bbox 1262 3194 1416 3255; x_wconf 89' lang='lat' dir='ltr'>manus</span> <span class='ocrx_word' id='word_1_142' title='bbox 1452 3171 1556 3258; x_wconf 82' lang='lat' dir='ltr'>curn</span> 
     </span>
     <span class='ocr_line' id='line_1_21' title="bbox 104 3297 1556 3436; baseline 0.003 -39"><span class='ocrx_word' id='word_1_143' title='bbox 104 3299 335 3399; x_wconf 86' lang='lat' dir='ltr'>adventare</span> <span class='ocrx_word' id='word_1_144' title='bbox 383 3297 605 3399; x_wconf 89' lang='lat' dir='ltr'>nuntiatae</span> <span class='ocrx_word' id='word_1_145' title='bbox 648 3332 839 3416; x_wconf 90' lang='lat' dir='ltr'>essent,</span> <span class='ocrx_word' id='word_1_146' title='bbox 875 3304 1024 3397; x_wconf 90' lang='lat' dir='ltr'>Petrus</span> <span class='ocrx_word' id='word_1_147' title='bbox 1072 3308 1285 3416; x_wconf 87' lang='lat' dir='ltr'>Strozus‚</span> <span class='ocrx_word' id='word_1_148' title='bbox 1328 3299 1383 3396; x_wconf 89' lang='lat' dir='ltr'>ad</span> <span class='ocrx_word' id='word_1_149' title='bbox 1421 3337 1556 3436; x_wconf 87' lang='lat' dir='ltr'>quem</span> 
     </span>
    </p>
   </div>
   <div class='ocr_carea' id='block_1_3' title="bbox 43 3435 1794 3544">
    <p class='ocr_par' dir='ltr' id='par_1_4' title="bbox 43 3435 1794 3544">
     <span class='ocr_line' id='line_1_22' title="bbox 43 3435 1794 3544; baseline -0.003 0"><span class='ocrx_word' id='word_1_150' title='bbox 43 3537 47 3544; x_wconf 83' lang='lat'><strong>.</strong></span> <span class='ocrx_word' id='word_1_151' title='bbox 106 3479 276 3542; x_wconf 85' lang='lat' dir='ltr'>summa</span> <span class='ocrx_word' id='word_1_152' title='bbox 327 3437 432 3540; x_wconf 89' lang='lat' dir='ltr'>belli</span> <span class='ocrx_word' id='word_1_153' title='bbox 482 3439 814 3540; x_wconf 86' lang='lat' dir='ltr'>administrandi</span> <span class='ocrx_word' id='word_1_154' title='bbox 861 3435 917 3538; x_wconf 90' lang='lat' dir='ltr'>ab</span> <span class='ocrx_word' id='word_1_155' title='bbox 967 3440 1165 3541; x_wconf 89' lang='lat' dir='ltr'>Henrico</span> <span class='ocrx_word' id='word_1_156' title='bbox 1220 3475 1263 3539; x_wconf 89' lang='lat' dir='ltr'>et</span> <span class='ocrx_word' id='word_1_157' title='bbox 1299 3439 1555 3541; x_wconf 87' lang='lat' dir='ltr'>Senensibus</span> <span class='ocrx_word' id='word_1_158' title='bbox 1648 3524 1654 3535; x_wconf 96' lang='lat'>.</span> <span class='ocrx_word' id='word_1_159' title='bbox 1788 3445 1794 3456; x_wconf 77' lang='grc'>’</span> 
     </span>
    </p>
   </div>
   <div class='ocr_carea' id='block_1_4' title="bbox 100 3580 1674 4723">
    <p class='ocr_par' dir='ltr' id='par_1_5' title="bbox 106 3580 1601 3866">
     <span class='ocr_line' id='line_1_23' title="bbox 106 3580 1557 3723; baseline -0.001 -39"><span class='ocrx_word' id='word_1_160' title='bbox 106 3586 247 3685; x_wconf 85' lang='lat' dir='ltr'>delata</span> <span class='ocrx_word' id='word_1_161' title='bbox 283 3619 408 3702; x_wconf 83' lang='lat' dir='ltr'>erat,</span> <span class='ocrx_word' id='word_1_162' title='bbox 429 3618 480 3683; x_wconf 93' lang='lat' dir='ltr'>ut</span> <span class='ocrx_word' id='word_1_163' title='bbox 515 3582 735 3683; x_wconf 91' lang='lat' dir='ltr'>venientes</span> <span class='ocrx_word' id='word_1_164' title='bbox 772 3580 1017 3722; x_wconf 86' lang='lat' dir='ltr'>exciperet,</span> <span class='ocrx_word' id='word_1_165' title='bbox 1047 3582 1282 3723; x_wconf 85' lang='lat' dir='ltr'>simulque</span> <span class='ocrx_word' id='word_1_166' title='bbox 1304 3583 1557 3683; x_wconf 90' lang='lat' dir='ltr'>commeati-</span> 
     </span>
     <span class='ocr_line' id='line_1_24' title="bbox 106 3723 1601 3866; baseline -0.001 -39"><span class='ocrx_word' id='word_1_167' title='bbox 106 3726 233 3828; x_wconf 93' lang='lat' dir='ltr'>bus</span> <span class='ocrx_word' id='word_1_168' title='bbox 222 3765 270 3827; x_wconf 91' lang='grc' dir='ltr'>ιιι</span> <span class='ocrx_word' id='word_1_169' title='bbox 304 3723 459 3827; x_wconf 87' lang='lat' dir='ltr'>urbem</span> <span class='ocrx_word' id='word_1_170' title='bbox 494 3726 705 3865; x_wconf 88' lang='lat' dir='ltr'>congestis</span> <span class='ocrx_word' id='word_1_171' title='bbox 742 3762 1016 3863; x_wconf 83' lang='lat' dir='ltr'>parceretur,</span> <span class='ocrx_word' id='word_1_172' title='bbox 1055 3724 1271 3866; x_wconf 85' lang='lat' dir='ltr'>proficisci</span> <span class='ocrx_word' id='word_1_173' title='bbox 1309 3761 1475 3865; x_wconf 88' lang='lat' dir='ltr'>parat,</span> <span class='ocrx_word' id='word_1_174' title='bbox 1512 3734 1601 3826; x_wconf 62' lang='lat' dir='ltr'>et&#39;</span> 
     </span>
    </p>

    <p class='ocr_par' dir='ltr' id='par_1_6' title="bbox 106 3858 1674 4723">
     <span class='ocr_line' id='line_1_25' title="bbox 107 3858 1674 4033; baseline -0.001 -65"><span class='ocrx_word' id='word_1_175' title='bbox 107 3879 211 3969; x_wconf 91' lang='lat' dir='ltr'>cum</span> <span class='ocrx_word' id='word_1_176' title='bbox 251 3904 440 4033; x_wconf 78' lang='lat' dir='ltr'>quatuor</span> <span class='ocrx_word' id='word_1_177' title='bbox 475 3865 713 3969; x_wconf 91' lang='lat' dir='ltr'>hominum</span> <span class='ocrx_word' id='word_1_178' title='bbox 747 3865 941 3969; x_wconf 86' lang='lat' dir='ltr'>millibus</span> <span class='ocrx_word' id='word_1_179' title='bbox 1001 3903 1044 3966; x_wconf 90' lang='lat' dir='ltr'>et</span> <span class='ocrx_word' id='word_1_180' title='bbox 1099 3865 1322 4011; x_wconf 91' lang='lat' dir='ltr'>equitibus</span> <span class='ocrx_word' id='word_1_181' title='bbox 1358 3869 1556 3968; x_wconf 88' lang='lat' dir='ltr'>trecentis</span> <span class='ocrx_word' id='word_1_182' title='bbox 1628 3885 1630 3887; x_wconf 80' lang='grc'><strong>’</strong></span> <span class='ocrx_word' id='word_1_183' title='bbox 1670 3858 1674 3867; x_wconf 3' lang='grc' dir='ltr'>γ’</span> 
     </span>
     <span class='ocr_line' id='line_1_26' title="bbox 106 4006 1650 4151; baseline -0.003 -39"><span class='ocrx_word' id='word_1_184' title='bbox 106 4008 246 4128; x_wconf 91' lang='lat' dir='ltr'>urbe,</span> <span class='ocrx_word' id='word_1_185' title='bbox 264 4011 418 4115; x_wconf 86' lang='lat' dir='ltr'>nostris</span> <span class='ocrx_word' id='word_1_186' title='bbox 454 4007 781 4151; x_wconf 89' lang='lat' dir='ltr'>spectantibus,</span> <span class='ocrx_word' id='word_1_187' title='bbox 801 4050 881 4113; x_wconf 91' lang='lat' dir='ltr'>nec</span> <span class='ocrx_word' id='word_1_188' title='bbox 916 4006 1221 4112; x_wconf 88' lang='lat' dir='ltr'>obsistentibus</span> <span class='ocrx_word' id='word_1_189' title='bbox 1240 4010 1545 4151; x_wconf 87' lang='lat' dir='ltr'>‚digreditur,</span> <span class='ocrx_word' id='word_1_190' title='bbox 1648 4058 1650 4063; x_wconf 44' lang='lat'><strong>⁴</strong></span> 
     </span>
     <span class='ocr_line' id='line_1_27' title="bbox 106 4152 1647 4296; baseline -0.003 -41"><span class='ocrx_word' id='word_1_191' title='bbox 106 4153 368 4296; x_wconf 84' lang='lat' dir='ltr'>magnisque</span> <span class='ocrx_word' id='word_1_192' title='bbox 420 4152 645 4255; x_wconf 79' lang='lat' dir='ltr'>itineribus</span> <span class='ocrx_word' id='word_1_193' title='bbox 695 4192 773 4292; x_wconf 90' lang='lat' dir='ltr'>per</span> <span class='ocrx_word' id='word_1_194' title='bbox 834 4153 1101 4255; x_wconf 86' lang='lat' dir='ltr'>Florentinos</span> <span class='ocrx_word' id='word_1_195' title='bbox 1153 4152 1259 4254; x_wconf 88' lang='lat' dir='ltr'>fines</span> <span class='ocrx_word' id='word_1_196' title='bbox 1312 4190 1557 4293; x_wconf 87' lang='lat' dir='ltr'>progressus</span> <span class='ocrx_word' id='word_1_197' title='bbox 1641 4216 1647 4221; x_wconf 87' lang='lat'><em>-</em></span> 
     </span>
     <span class='ocr_line' id='line_1_28' title="bbox 107 4294 1558 4436; baseline -0.003 -39"><span class='ocrx_word' id='word_1_198' title='bbox 107 4304 283 4398; x_wconf 82' lang='lat' dir='ltr'>Arnum</span> <span class='ocrx_word' id='word_1_199' title='bbox 332 4295 496 4396; x_wconf 81' lang='lat' dir='ltr'>fl&#39;umcn</span> <span class='ocrx_word' id='word_1_200' title='bbox 544 4296 781 4397; x_wconf 92' lang='lat' dir='ltr'>duodecim</span> <span class='ocrx_word' id='word_1_201' title='bbox 829 4334 1032 4436; x_wconf 89' lang='lat' dir='ltr'>passuum</span> <span class='ocrx_word' id='word_1_202' title='bbox 1081 4294 1220 4395; x_wconf 90' lang='lat' dir='ltr'>millia</span> <span class='ocrx_word' id='word_1_203' title='bbox 1268 4333 1395 4434; x_wconf 86' lang='lat' dir='ltr'>supra</span> <span class='ocrx_word' id='word_1_204' title='bbox 1447 4297 1558 4396; x_wconf 92' lang='lat' dir='ltr'>Pisas</span> 
     </span>
     <span class='ocr_line' id='line_1_29' title="bbox 100 4436 1560 4602; baseline -0.002 -62.983"><span class='ocrx_word' id='word_1_205' title='bbox 100 4439 312 4571; x_wconf 86' lang='lat' dir='ltr'>trajecit,</span> <span class='ocrx_word' id='word_1_206' title='bbox 348 4439 678 4602; x_wconf 87' lang='lat' dir='ltr'>ingressusque</span> <span class='ocrx_word' id='word_1_207' title='bbox 682 4448 891 4539; x_wconf 89' lang='lat' dir='ltr'>Lucenses</span> <span class='ocrx_word' id='word_1_208' title='bbox 926 4437 1065 4556; x_wconf 86' lang='lat' dir='ltr'>fines,</span> <span class='ocrx_word' id='word_1_209' title='bbox 1099 4476 1194 4537; x_wconf 91' lang='grc' dir='ltr'>ιιοιι</span> <span class='ocrx_word' id='word_1_210' title='bbox 1227 4436 1367 4539; x_wconf 87' lang='lat' dir='ltr'>invita</span> <span class='ocrx_word' id='word_1_211' title='bbox 1403 4436 1560 4538; x_wconf 87' lang='lat' dir='ltr'>civita-</span> 
     </span>
     <span class='ocr_line' id='line_1_30' title="bbox 108 4579 1559 4723; baseline -0.001 -43"><span class='ocrx_word' id='word_1_212' title='bbox 108 4615 198 4694; x_wconf 87' lang='lat' dir='ltr'>te,</span> <span class='ocrx_word' id='word_1_213' title='bbox 238 4579 302 4683; x_wconf 90' lang='lat' dir='ltr'>ibi</span> <span class='ocrx_word' id='word_1_214' title='bbox 356 4580 523 4684; x_wconf 87' lang='lat' dir='ltr'>stativis</span> <span class='ocrx_word' id='word_1_215' title='bbox 558 4581 702 4684; x_wconf 87' lang='lat' dir='ltr'>castris</span> <span class='ocrx_word' id='word_1_216' title='bbox 753 4579 933 4683; x_wconf 91' lang='lat' dir='ltr'>munitis</span> <span class='ocrx_word' id='word_1_217' title='bbox 987 4581 1133 4723; x_wconf 88' lang='lat' dir='ltr'>copias</span> <span class='ocrx_word' id='word_1_218' title='bbox 1168 4586 1262 4711; x_wconf 88' lang='lat' dir='ltr'>jam</span> <span class='ocrx_word' id='word_1_219' title='bbox 1310 4580 1559 4680; x_wconf 87' lang='lat' dir='ltr'>accedentes</span> 
     </span>
    </p>
   </div>
   <div class='ocr_carea' id='block_1_5' title="bbox 109 4723 1566 4970">
    <p class='ocr_par' dir='ltr' id='par_1_7' title="bbox 109 4723 1566 4970">
     <span class='ocr_line' id='line_1_31' title="bbox 109 4723 1563 4863; baseline -0.003 -39"><span class='ocrx_word' id='word_1_220' title='bbox 109 4723 404 4863; x_wconf 86' lang='lat' dir='ltr'>exspectavit.</span> <span class='ocrx_word' id='word_1_221' title='bbox 458 4724 544 4827; x_wconf 88' lang='lat' dir='ltr'>His</span> <span class='ocrx_word' id='word_1_222' title='bbox 587 4724 835 4861; x_wconf 85' lang='lat' dir='ltr'>adjunctis,</span> <span class='ocrx_word' id='word_1_223' title='bbox 871 4756 1002 4825; x_wconf 86' lang='lat' dir='ltr'>castra</span> <span class='ocrx_word' id='word_1_224' title='bbox 1050 4759 1237 4843; x_wconf 86' lang='lat' dir='ltr'>movet,</span> <span class='ocrx_word' id='word_1_225' title='bbox 1273 4759 1316 4825; x_wconf 92' lang='lat' dir='ltr'>et</span> <span class='ocrx_word' id='word_1_226' title='bbox 1368 4723 1563 4827; x_wconf 91' lang='lat' dir='ltr'>subsidio</span> 
     </span>
     <span class='ocr_line' id='line_1_32' title="bbox 182 4866 1566 4970; baseline -0.005 -2"><span class='ocrx_word' id='word_1_227' title='bbox 182 4868 294 4970; x_wconf 83' lang='lat' dir='ltr'>Tem.</span> <span class='ocrx_word' id='word_1_228' title='bbox 311 4876 366 4966; x_wconf 88' lang='grc' dir='ltr'>ΙΙ.</span> <span class='ocrx_word' id='word_1_229' title='bbox 1123 4866 1190 4968; x_wconf 87' lang='lat' dir='ltr'>Lll</span> <span class='ocrx_word' id='word_1_230' title='bbox 1488 4873 1566 4962; x_wconf 89' lang='lat' dir='ltr'>Se·</span> 
     </span>
    </p>
   </div>
   <div class='ocr_carea' id='block_1_6' title="bbox 0 0 2015 5850">
    <p class='ocr_par' dir='ltr' id='par_1_8' title="bbox 0 0 2015 5850">
     <span class='ocr_line' id='line_1_33' title="bbox 0 0 2015 5850; baseline 0 0"><span class='ocrx_word' id='word_1_231' title='bbox 0 0 2015 5850; x_wconf 95' lang='lat' dir='ltr'> </span> 
     </span>
    </p>
   </div>
  </div>
 </body>
</html>
