4110 5888
465 343 630 422 xxvm.
923 336 1424 415 sunuaaruu.

444 495 578 590 sponte
610 499 676 556 sua
723 466 844 584 primo
887 459 976 550 loco
1011 460 1146 577 Ulyssi·
1199 460 1291 551 fines
1317 463 1493 552 invadere
1524 461 1646 579 habet.

445 589 603 709 portensi
647 585 816 676 Pontifici
860 582 979 668 cedit.
1024 581 1149 668 Maria
1258 585 1379 668 XXlI.
1437 585 1825 702 lsLuxembutgum‚
1846 588 1902 673 Li·

446 740 513 828 per
539 702 879 825 Alburquerquium
907 726 947 786 et
971 696 1149 785 Alcanm
1179 781 1180 784 t
1202 729 1322 818 gnum
1366 725 1408 787 et-
1448 701 1716 789 Iandtesinum
1749 705 1902 818 recipit.

447 855 531 915 ram
563 854 704 944 magno
736 818 917 907 comitatu
960 819 1151 936 progredi·
1204 819 1450 907 Sandesirium
1488 850 1582 907 vero
1624 821 1909 910 munitissimum

448 972 530 1033 tur.
563 938 1004 1056 Ducis⁸Methymnensis
1035 937 1151 1024 muni·
1204 938 1388 1054 oppidum
1415 937 1600 1025 obsidenti
1630 939 1789 1026 Carolus
1820 968 1909 1026 cum

448 1063 612 1150 hcentia.
1037 1119 1040 1125 ,
1205 1057 1350 1172 reliquo
1384 1058 1546 1143 exercitu
1591 1056 1722 1164 adest,
1757 1083 1796 1144 et
1840 1090 1911 1173 op·

456 1228 459 1232 Δ
507 1182 630 1265 XVII.
689 1179 755 1264 Ad
787 1176 968 1262 Caurium
1001 1175 1152 1263 venien·
1206 1173 1477 1292 pugnationem
1506 1199 1633 1291 urget.

451 1298 481 1384 ti
529 1298 756 1412 Philippus,
790 1296 914 1410 paucis
945 1295 1154 1380 comitanti·
1265 1297 1404 1378 XXlll.
1465 1293 1643 1379 Postridie
1657 1293 1814 1408 Hispani
1830 1297 1908 1411 qui·

452 1417 522 1501 bus
538 1478 550 1522 ‚
569 1437 713 1500 mutata
742 1439 845 1499 veste
877 1412 1074 1527 velataque
1100 1409 1153 1496 fa·
1211 1411 1300 1497 dam
1342 1412 1418 1496 sine
1457 1410 1611 1526 imperio
1642 1437 1680 1496 et
1709 1414 1840 1499 ordine
1871 1415 1911 1499 in

452 1538 538 1641 cie,
571 1564 635 1648 per
679 1530 835 1648 speciem
870 1530 1033 1618 venandi
1066 1530 1155 1615 Val·
1210 1558 1362 1614 mutum
1392 1530 1588 1633 evadunt,
1617 1530 1683 1616 sed
1731 1532 1770 1615 in
1801 1561 1913 1647 quat·

453 1653 574 1738 dolito
605 1648 821 1768 profectus,
853 1647 896 1733 ht
918 1648 1095 1754 obviam,
1116 1672 1156 1734 et
1210 1670 1289 1730 tam
1333 1647 1468 1732 horam
1511 1648 1710 1733 certamine
1755 1651 1911 1764 nequid

454 1768 600 1886 singulis
635 1768 763 1854 diebus
811 1769 982 1851 recurrit.
1033 1766 1157 1850 Maria
1211 1763 1328 1879 quam
1346 1766 1559 1880 producto,
1575 1765 1653 1850 telis
1670 1766 1744 1880 jam
1759 1792 1796 1852 et
1811 1768 1912 1884 glan·
1997 1826 1998 1829 a

453 1887 711 1975 Salmanticam
741 1884 846 1970 editis
876 1883 915 1968 in
945 1883 1007 1971 via
1044 1913 1156 1999 eque·
1192 1883 1320 1968 dibus
1342 1884 1547 1989 exhaustis,
1562 1883 1668 2000 signo
1689 1910 1843 2001 accepto
1862 1915 1914 1971 se·

455 2007 586 2091 stribus
631 2004 725 2090 ludis
764 2029 803 2088 et
848 2002 1071 2119 praeliorum
1112 2002 1155 2086 sie
1213 2030 1251 2086 se
1267 2001 1472 2115 recipiunt,
1503 2035 1602 2087 csxx.
1629 2002 1783 2117 amplius
1810 2005 1915 2091 amis·

412 2140 416 2148 '
457 2124 628 2210 mulactis
665 2122 815 2235 aliisque
848 2119 1014 2236 publicae
1055 2119 1156 2204 laeti·
1214 2119 1278 2224 sis,
1299 2120 1381 2233 plus
1412 2153 1491 2205 ccc.
1523 2119 1744 2207 vulneratis.

456 2241 529 2328 tiae
562 2239 814 2327 monumentis
849 2238 1049 2351 excipitur.
1272 2239 1416 2324 XXIV.
1476 2238 1772 2353 Oppugnatione
1804 2269 1916 2328 reno-

513 2362 652 2443 XVlll.
711 2357 897 2470 Philippus
929 2354 1052 2440 multis
1074 2385 1158 2470 pro
1213 2379 1328 2462 vata,
1355 2355 1532 2442 adversus
1560 2356 1748 2442 Brisacum
1774 2359 1916 2472 praefe-
1971 2384 1973 2387 ’

459 2475 600 2560 ceribus
661 2473 922 2560 comitantibus
967 2471 1160 2559 Salmanti·
1213 2487 1317 2558 ctum
1346 2471 1521 2558 auxilium
1564 2474 1717 2560 obsessis
1748 2472 1916 2562 deferen-

458 2622 541 2677 cam
575 2593 804 2710 ingreditur,
819 2588 885 2678 ubi
914 2591 1094 2708 sponsabo
1121 2619 1160 2679 et
1214 2614 1292 2678 tem
1323 2590 1555 2698 Castaldus‚
1583 2591 1780 2682 Mauritius
1816 2597 1918 2682 Saxo

457 2713 610 2827 nuptiae
637 2711 888 2797 celebrantur.
1215 2738 1254 2795 et
1281 2711 1489 2796 franciscus
1510 2711 1671 2797 Estensis
1694 2712 1914 2820 mittuntur,

516 2832 622 2914 XIX.
679 2834 825 2915 Interea
868 2825 1027 2913 Carolus
1065 2831 1159 2914 Cae·
1215 2828 1389 2944 aquibus
1415 2829 1567 2935 hostes,
1584 2832 1710 2942 paucis
1736 2827 1917 2947 fugaela·

458 2977 517 3034 sat
544 2948 593 3031 ab
613 2947 779 3031 Henrieo
808 2946 1075 3032 Britannorum
1089 2953 1161 3032 Re·
1216 2947 1315 3061 psis,
1341 2947 1453 3036 ceteri
1492 2947 1700 3034 caeduntur
1742 2975 1810 3037 aut
1855 2978 1916 3037 ca·

460 3094 508 3182 ge
540 3065 767 3170 solicitatus,
799 3094 887 3149 cum
919 3094 967 3150 eo
997 3065 1093 3151 redit
1122 3065 1161 3150 in
1217 3065 1390 3180 piuntut.

460 3183 649 3299 gratiam,
676 3208 716 3267 et
744 3183 828 3267 belli
858 3185 1031 3268 societate
1074 3211 1163 3267 con·
1276 3187 1403 3271 XXV.
1466 3190 1556 3271 Hoc
1588 3186 1723 3273 nuntio
1761 3213 1918 3301 accepto

459 3301 587 3386 stitura
621 3301 796 3386 adversus
828 3303 1059 3388 Franciscum
1089 3306 1163 3387 Re-
1217 3300 1352 3389 obsessi
1395 3303 1537 3420 legatos
1572 3303 1621 3388 de
1651 3333 1743 3419 pace
1783 3306 1917 3391 iterum

457 3419 547 3536 gem
576 3419 773 3503 necessaria
802 3443 1013 3534 comparat.
1216 3442 1331 3534 atque
1365 3418 1499 3506 iterum
1535 3421 1709 3510 mittunt.
1754 3423 1917 3512 Sandesi·

517 3537 608 3620 XX.
666 3541 945 3621 Getmanorum
991 3535 1164 3622 Concilio
1217 3536 1312 3622 rium
1334 3539 1488 3624 tandem
1517 3539 1710 3653 recipitur.

460 3651 603 3766 Spiram
637 3652 802 3758 indicto,
830 3658 966 3738 Caesar
994 3654 1098 3739 ineo
1114 3654 1163 3738 de
1288 3656 1432 3741 XXVI.
1506 3657 1660 3742 Gabriel
1697 3661 1923 3745 Guzmanus

460 3769 639 3856 francisci
664 3771 863 3856 Gallorum
882 3771 1000 3887 ⁴Regis
1029 3770 1163 3882 injuriis
1217 3775 1433 3860 Monachus
1465 3772 1759 3880 Dominicanus,
1792 3777 1921 3862 Caroli

460 3888 704 3976 vehementer
747 3913 901 4003 questus
938 3889 1164 3974 Germaniae
1217 3894 1381 3978 Caesaris
1402 3891 1617 3998 Conferenti
1647 3919 1787 3996 notus,
1823 3896 1921 4009 paci-

462 4006 637 4090 auxilium
660 4005 836 4091 adversus
863 4035 951 4091 eum
980 4007 1163 4121 postulat.
1217 4006 1395 4096 ficationis
1426 4033 1621 4093 auctorem
1663 4037 1702 4095 et
1747 4010 1921 4126 interpre-

469 4170 473 4176 ·
519 4126 628 4208 XXI.
685 4122 867 4207 Germani
904 4123 1073 4237 peditum
1112 4126 1161 4213 vi
1216 4149 1294 4211 tem
1325 4156 1364 4213 se
1400 4127 1500 4212 ultro
1541 4127 1722 4240 praebet,
1756 4154 1795 4214 er
1826 4129 1921 4215 Gal·

461 4240 554 4357 ginti
597 4265 762 4358 quatuor
806 4238 954 4348 milla,
994 4241 1163 4357 equinam
1215 4242 1339 4329 lorum
1361 4248 1466 4361 Rege
1490 4245 1717 4331 adhortante
1744 4246 1921 4334 inCato-

460 4380 625 4473 quatuor
657 4387 744 4442 cum
775 4358 937 4447 semestri
979 4359 1163 4474 stipendio
1215 4360 1239 4446 li
1268 4387 1386 4449 castra
1415 4364 1538 4449 venit.

461 4475 603 4561 Carolo
635 4476 861 4562 decernunt.
907 4481 1044 4563 Caesar
1080 4483 1163 4565 Fer·
1272 4482 1434 4567 XXVII.
1495 4476 1697 4566 Confessot
1736 4511 1823 4566 cum
1870 4480 1921 4566 al·

460 4594 630 4680 nandum
671 4597 899 4710 Gonzagam
944 4596 1162 4681 antecedere
1213 4620 1296 4683 tero
1328 4598 1527 4683 Monacho
1556 4601 1719 4713 exposita
1764 4599 1915 4714 legatio

459 4740 547 4799 cum
579 4735 684 4830 patre
714 4713 934 4831 copiatum,
961 4737 1000 4798 et
1041 4713 1163 4832 regios
1213 4739 1262 4800 ne
1308 4714 1489 4804 Carolum
1539 4717 1745 4833 suppliciter
1785 4717 1918 4803 cohor·

1865 4855 1920 4917 ta·
