4170 5866
514 400 598 518 19⁶
834 424 865 484 μ,
899 406 981 485 ors
1012 399 1494 483 nuruscusrrs:
1519 421 1537 483 ς

478 597 612 707 ponte
662 557 1009 678 commiserant,
1053 591 1105 659 e‘x
1155 555 1388 658 naviculis
1417 550 1637 696 aptissime
1688 554 1925 678 confecto,

483 703 730 810 firmissimo
781 703 1106 839 rectissimoque
1141 774 1156 817 ,
1207 699 1366 798 aulaeis
1400 734 1461 797 ‘et
1485 747 1489 755 ·
1509 692 1746 835 tapetibus·
1780 702 1931 801 dextra

483 850 691 983 laevaque
728 841 1032 943 decorantibus
1052 891 1078 961 ,¹
1102 843 1214 941 item·
1243 836 1454 941 frondeis
1471 836 1685 957 orbibus,
1720 842 1817 979 qui¹
1835 856 1929 944 Ca-

488 989 573 1089 roli
607 985 795 1087 Caesaris
830 985 1040 1126 insigniat
1068 1021 1172 1084 cum
1205 991 1480 1082 Venetorum
1506 978 1629 1083 hinc.
1653 981 1756 1084 inde
1803 1021 1932 1087 com·

489 1125 773 1269 plectentibus
808 1122 1059 1265 insignibus·
1087 1121 1398 1224 continebant.
1434 1134 1567 1222 Erant
1589 1121 1650 1225 ¹in
1685 1123 1805 1225 aditu
1854 1164 1933 1225 ex-

489 1271 644 1408 ituque
662 1294 668 1315 ‘
680 1268 827 1408 pontis
862 1305 980 1366 arcus
1016 1265 1108 1364 duo
1145 1305 1199 1363 ex·
1232 1265 1362 1404 ligno
1407 1261 1658 1370 aedificatis
1690 1267 1763 1366 sed
1805 1300 1931 1368 tanto

490 1409 674 1514 artificio
709 1403 932 1526 confecti,
956 1442 1000 1506 et
1035 1407 1091 1507 ad
1127 1406 1315 1545 speciem
1349 1405 1502 1544 lapidis
1518 1496 1524 1504 a
1538 1404 1746 1526 colorati,
1773 1423 1822 1507 ut
1857 1448 1934 1508 oc-¹

491 1551 790 1653 culatissimos.
812 1552 943 1651 etiam
976 1543 1197 1648 fallerentss
1754 1562 1758 1571 '

531 1703 679 1794 -V111.
763 1691 1024 1791 Tridentum
1073 1703 1183 1789 curn
1227 1688 1409 1790 venisset
1456 1687 1674 1813 Carolus,
1707 1731 1760 1789 ex
1795 1689 1934 1792 tribus

492 1831 829 1944 Cardinalibus,
864 1872 975 1972 quos
1026 1871 1078 1929 eo
1101 1844 1103 1849 ’
1129 1830 1281 1930 Paulus
1330 1826 1528 1933 Pontifex
1552 1882 1574 1949 ,·
1599 1868 1648 1929 ut
1688 1849 1824 1937 ‘suam'
1859 1834 1932 1932 vi-

492 2013 599 2074 cem
624 1973 828 2074 Concilio
865 1971 1182 2112 praesiderent,
1217 1971 1427 2087 miserat,
1457 1981 1549 2102 jam
1583 1973 1674 2072 duo
1725 1972 1930 2073 discesse-

492 2149 587 2216 rant
618 2190 634 2234 ,
670 2114 932 2216 abeodem
984 2111 1194 2213 Pontifice
1244 2112 1475 2236 revocati,
1509 2151 1619 2212 unus
1670 2151 1930 2216 remanserat

491 2255 730 2396 Episcopus
765 2254 1053 2376 Mutinensis.
1096 2254 1216 2353 Huic
1252 2263 1415 2392 Gaspar
1452 2254 1613 2357 Avalus
1648 2256 1934 2395 Compostel-

493 2397 613 2495 lanus
648 2395 1011 2535 Archiepiscopus
1048 2411 1062 2512 ,
1097 2431 1140 2493 et
1189 2395 1433 2494 Franciscus·
1461 2397 1731 2511 Mendoza,
1771 2397 1938 2499 Marri-s.

492 2575 660 2675 nusque
694 2548 886 2654 Gurrea,
925 2535 1176 2637 Giennensis
1229 2572 1272 2635 et
1321 2536 1522 2635 Oscensis
1570 2538 1819 2678 Episcopi,
1855 2537 1937 2677 qui

473 2690 597 2777 'cum
631 2680 794 2799 Carolo
830 2712 1080 2794 venerant,
1115 2714 1284 2816 praesto
1318 2672 1525 2797 luerunt,
1562 2678 1731 2817 sibique
1767 2716 1936 2779 ceteros

492 2820 730 2960 Hispaniae
767 2819 992 2959 praesulesv
1012 2821 1066 2919 de
1103 2819 1309 2919 Concilio
1344 2820 1543 2959 agend0,
1574 2820 1682 2922 dum
1715 2819 1800 2957 ipsi
1836 2859 1938 2960 pet·-

494 2963 726 3078 venirent,
761 2964 983 3065 mandasse
1035 2962 1308 3065 docuerunt.
1361 2962 1444 3060 Sed
1475 2963 1655 3068 'esodem
1702 2963 1937 3064 Cardinale

495 3104 742 3201 Concilium
777 3142 869 3202 non
904 3142 991 3203 esse
1026 3141 1323 3242 processurum
1365 3101 1678 3216 confirmante,
1715 3142 1770 3202 ne
1820 3139 1940 3203 tem-

495 3279 575 3381 pus
611 3245 816 3343 Tridenti
852 3278 1076 3361 tererent,
1107 3246 1318 3343 Carolum
1353 3246 1550 3345 assectari
1600 3246 1697 3384 ipso
1739 3284 1831 3344 non
1867 3245 1943 3347 in-

495 3383 594 3482 vito
631 3385 972 3485 constituerunt.
1028 3387 1201 3486 Triduo
1237 3387 1416 3489 Carolus
1451 3386 1655 3487 Tridenti
1688 3423 1944 3488 commota-³.

496 3558 605 3648 tus,
639 3525 956 3666 proficiscitur,
991 3561 1054 3631 et,
1075 3527 1290 3666 'superatis
1337 3526 1517 3631 summis
1566 3528 1750 3666 Alpibus
1803 3567 1944 3667 aqua-

495 3702 684 3804 rumque
741 3668 970 3785 diuortiis,
1008 3666 1345 3806 Oenspruchum
1395 3667 1518 3767 venit
1541 3728 1567 3785 ,κ
1587 3669 1799 3808 oppidum
1850 3669 1947 3807 pri-

494 3808 685 3907 marium
716 3846 808 3924 ,et
861 3845 1099 3909 conventus
1149 3809 1320 3913 Tirolis,
1362 3809 1640 3910 Comitatus.
1693 3809 1813 3910 Hinc
1865 3849 1945 3949 per

493 3948 754 4048 Municham
790 3984 832 4047 et
868 3949 1083 4069 Ulmam,
1106 3988 1216 4088 quae
1252 3984 1314 4048 est
1348 3951 1394 4050 in
1428 3951 1521 4090 ripa
1556 3951 1783 4068 Danubii,
1812 3990 1946 4051 nono

492 4090 706 4191 Kalendas
741 4090 932 4228 Augusti
967 4091 1134 4226 Spiram
1168 4089 1329 4192 Rheno
1366 4092 1611 4230 appositam
1647 4089 1802 4193 urbem
1839 4130 1943 4230 per-

494 4232 651 4341 venit,
685 4227 765 4330 ubi
801 4232 890 4330 dies
935 4229 1106 4368 aliquot
1158 4252 1453 4332 commoratus
1490 4267 1586 4351 est,
1620 4235 1725 4332 dum
1776 4232 1941 4332 milites

492 4401 588 4469 turn
623 4372 670 4471 in
705 4372 853 4489 ltalia,
876 4406 971 4471 tum
1008 4374 1056 4470 in
1092 4376 1323 4474 Germania
1359 4413 1436 4513 per
1471 4375 1790 4515 conquisitores
1824 4412 1941 4474 con·

490 4510 620 4608 scribi
661 4515 794 4643 jussi,
830 4515 1113 4614 convenirent
1162 4518 1217 4612 ad
1267 4515 1464 4630 bellum,
1498 4556 1591 4654 quo
1641 4517 1943 4618 Guiliermum

487 4651 717 4767 Geldriae,
745 4654 908 4787 juliaci
943 4655 1237 4794 Cleviaeque,
1275 4690 1341 4753 ter
1377 4656 1536 4756 scilicet
1564 4669 1765 4774 Ducem,
1810 4657 1942 4760 dein·

1879 4799 1940 4898 de
