4192 5858
171 170 301 310 I

604 317 844 402 eanotr
887 315 940 399 v.
980 318 1094 400 am.
1129 323 1310 404 xxm.
1553 339 1639 437 259

204 472 345 576 ctiore
397 472 596 575 custodia
644 514 717 576 eos
771 472 980 575 asservari
1038 470 1197 605 jubet,
1233 479 1375 577 donec
1426 489 1671 623 Gonzaga,

203 658 309 721 cum
335 622 400 725 ira
439 613 956 738 deferbuisset‚consilio
988 622 1273 757 prudentium
1306 623 1553 726 amicorum
1586 665 1669 766 pa-

202 766 325 884 ruit,
360 763 732 884 dehortantium‚
769 802 822 864 ne
871 765 1081 895 injuriam
1119 805 1163 866 re
1217 766 1528 890 levissimam,
1566 809 1667 871 ma-

199 947 341 1048 gnam
373 909 589 1049 opinione
620 908 849 1030 redderet,
889 908 1002 1011 iram
1039 911 1198 1013 diutius
1234 910 1510 1050 pertinaciter
1549 912 1664 1016 alen-

200 1053 289 1158 dos
317 1053 571 1195 eisdemque
610 1050 862 1156 auctoribus
898 1091 975 1193 per
1007 1056 1118 1155 duos
1155 1055 1272 1155 viros
1305 1050 1457 1196 graves
1490 1092 1535 1156 et
1561 1095 1663 1157 stre-

199 1233 343 1316 nuos,
371 1204 599 1333 Joannem
627 1197 856 1337 Jacobum
894 1199 1120 1300 Medicem
1154 1198 1406 1342 Melignani
1439 1191 1662 1303 Marchio·

198 1378 340 1461 nem,
372 1378 415 1442 et
457 1343 672 1479 Pyrrhum
725 1343 996 1485 Columnam
1045 1346 1193 1485 palam
1244 1343 1395 1444 missos
1433 1354 1661 1471 ,Petrum

198 1485 447 1588 Comitemx
466 1522 772 1629 percunctatur
806 1563 822 1606 ,
860 1488 985 1628 quod
1019 1525 1063 1586 se
1096 1526 1237 1630 nuper
1270 1526 1426 1628 parum
1472 1490 1659 1592 comitet

196 1659 452 1753 tractasset,
489 1671 598 1734 num
637 1631 824 1732 inimico
853 1632 901 1731 id
934 1630 1086 1731 animo
1126 1670 1170 1736 et
1204 1633 1387 1764 injuriae
1422 1633 1659 1735 meditatae

196 1812 325 1874 causa
355 1771 553 1877 fecisset?
602 1777 676 1879 Ad
712 1817 762 1876 ea
796 1786 959 1876 Comes
999 1773 1191 1878 humane
1228 1778 1549 1918 prudenterque
1589 1818 1657 1879 re-

197 1920 412 2056 spondit;
445 1994 480 2043 „
496 1918 624 2022 Nihil
652 1960 677 2019 a
709 1959 752 2045 se
791 1917 977 2020 inimico
1007 1920 1160 2019 animo
1194 1914 1360 2020 factum
1394 1920 1441 2020 in
1476 1935 1658 2021 Fernan-

193 2061 354 2181 „dum
390 2076 689 2208 Gonzagam,
721 2101 858 2205 quem
889 2064 1086 2206 diligeret
1118 2064 1262 2207 potius
1295 2100 1338 2164 et
1375 2058 1626 2168 obsentaret
1640 2143 1658 2187 ,

193 2279 226 2326 „
241 2205 355 2308 nihil
386 2203 665 2329 inferendae,
685 2210 760 2309 sed
791 2245 948 2310 cuneta
984 2209 1301 2350 propulsandae
1333 2208 1517 2339 injuriae
1549 2209 1657 2309 loci·

193 2425 227 2469 ‚,
247 2390 336 2491 que
367 2356 514 2455 tuendi
551 2394 708 2475 causa,
737 2392 874 2496 quem
908 2349 991 2490 sibi
1028 2354 1259 2495 occupatio
1288 2385 1330 2451 et
1366 2352 1505 2452 aulica
1542 2392 1656 2454 con·
1761 2416 1764 2423 ·

193 2568 226 2614 ‚‚
241 2500 427 2599 suetudo
466 2497 716 2620 tribuisset,
742 2536 923 2640 quoque
962 2497 1054 2639 ipse
1109 2498 1209 2597 loco
1246 2495 1469 2600 neminem
1508 2497 1654 2601 vitum

193 2712 225 2758 „
242 2641 480 2764 nobilem,
516 2684 573 2745 ne
609 2646 665 2745 dt
699 2682 833 2786 grege
867 2639 1052 2782 quidem
1090 2641 1364 2760 aulicorum,
1394 2639 1655 2741 submovere

195 2782 478 2902 „induxisset
514 2788 744 2892 animum.
764 2801 799 2850 ‘⁶
832 2796 938 2886 Hoc
969 2786 1042 2886 ille
1075 2822 1257 2927 accepto
1283 2786 1519 2925 responso,
1549 2794 1656 2905 Ista,

193 2923 437 3070 inquiunt,
469 2935 725 3068 affirmatione
763 2960 960 3032 contentus
999 2963 1058 3030 est
1087 2935 1306 3031 Fernandus
1340 2940 1559 3065 Ganzaga,
1587 2969 1654 3027 nec

193 3080 402 3175 molestiam
435 3154 451 3197 ‚
490 3086 639 3214 siquam
672 3087 743 3211 ipsi
774 3106 878 3175 motu
917 3081 1035 3177 animi
1095 3082 1285 3211 repentino
1323 3077 1572 3214 exhibuisti,
1605 3077 1654 3172 ad

188 3256 301 3318 suam
331 3224 507 3360 injuriam
538 3229 732 3357 pertinere
762 3251 912 3354 putat3
946 3255 989 3319 et
1021 3218 1081 3318 sic
1117 3258 1191 3361 per
1222 3218 1401 3319 eosdem
1430 3214 1653 3341 internun-

133 3379 141 3482 ]
185 3362 282 3462 tios
319 3402 404 3504 pax
443 3364 556 3466 inter
589 3368 701 3469 duos
733 3401 930 3504 proceres
963 3361 1099 3497 viros·
1131 3363 1328 3503 optimos
1380 3396 1423 3460 et
1466 3354 1655 3459 fortissi-
1791 3464 1793 3470 ,

148 3539 293 3629 xmos
333 3509 565 3609 conciliata
602 3547 666 3612 est
700 3547 804 3610 cum
843 3546 1004 3648 magna
1040 3508 1245 3607 omnium
1292 3502 1489 3623 laetitia,
1526 3539 1653 3643 prae-

159 3649 343 3765 sertim
381 3652 721 3794 Hispanorum,
755 3652 835 3794 qui
868 3651 1060 3753 Comitis
1095 3647 1220 3752 rebus
1253 3682 1433 3791 propter
1475 3685 1655 3788 perspe-

162 3829 318 3894 ctam
354 3805 440 3927 ejus
481 3799 743 3942 singularem
781 3796 1028 3916 virtutem,
1060 3791 1382 3895 humanitatem
1422 3826 1466 3892 et
1515 3789 1655 3893 bene-

168 3934 420 4039 ficentiam
456 3943 699 4082 plurImum
735 3935 967 4043 favebant.
1009 3945 1156 4081 Atque
1187 3937 1295 4041 haec
1324 3936 1508 4081 quidem
1538 3934 1655 4076 apud

178 4081 412 4221 Carolum
445 4098 676 4215 Caesarem
715 4083 1011 4228 gerebantur.

187 4224 201 4365 ’,ᾖ
267 4236 561 4332 XXXVIII..
603 4230 817 4332 Henricus
857 4228 1023 4328 interea
1054 4226 1366 4327 Britannorum
1402 4235 1535 4345 Rex,
1574 4261 1656 4324 co·

197 4369 284 4478 'tiis
319 4371 366 4470 in
401 4375 634 4497 Galliam,
672 4414 761 4517 qua
796 4371 1052 4514 proximum
1089 4407 1210 4492 erat,
1249 4368 1471 4505 trajectis,
1507 4368 1658 4469 inaura

206 4499 340 4624 lones
377 4511 553 4641 facere,
594 4522 769 4664 praedas
803 4555 960 4660 agere,
996 4553 1040 4618 et
1074 4517 1312 4618 maritImas
1352 4516 1549 4656 regiones
1585 4551 1661 4613 ve·

216 4679 294 4762 bre
333 4702 428 4765 non
474 4664 700 4770 desistebat
738 4704 751 4774 3
789 4665 864 4765 sed
901 4662 1152 4767 Bononiam
1176 4664 1240 4764 ,in
1292 4663 1442 4808 primis
1495 4692 1663 4761 tentare

225 4820 241 4954 I
660 4920 662 4927 Α
963 4939 965 4942 ⁴
1162 4812 1282 4911 Kk2
1490 4857 1493 4861 ⁴
1576 4798 1668 4942 pla·
