4170 5866
553 398 636 487 186
931 408 1261 531 nonanus
1309 407 1535 492 essars

513 567 592 672 fice
630 601 673 666 et
707 579 916 670 Romano
953 565 1179 666 Cardinali
1215 565 1490 685 convenire,
1521 601 1565 664 et
1598 561 1827 710 diligenter
1866 590 1982 708 quae

519 709 729 816 monachi
772 709 1012 822 nuntient,
1049 711 1198 809 audire
1231 787 1246 830 ,
1284 751 1483 850 quaeque
1533 712 1587 811 ad
1638 749 1785 810 earum
1835 752 1982 816 rerum

521 866 677 991 justam
716 890 759 952 et
797 855 1083 954 commodam
1121 853 1421 995 provisionem
1471 853 1686 993 pertinere
1722 855 1978 977 videantur,

523 997 785 1100 consultare.
842 998 876 1096 Ii
915 1036 1018 1097 cum
1055 1001 1111 1098 de
1146 998 1383 1096 commisso
1436 1036 1617 1096 munere
1667 997 1758 1098 dies
1808 999 1979 1140 aliquot

523 1139 809 1241 convenirent
845 1216 859 1259 ,
894 1140 1252 1240 Bartholomaeus
1311 1137 1548 1238 monachus
1597 1140 1875 1261 artificiose,
1930 1181 1982 1245 ut

527 1321 617 1385 crat
650 1319 799 1383 natura
835 1283 1015 1412 disertus
1052 1319 1096 1384 et
1133 1279 1277 1401 vafer,
1305 1284 1360 1381 de
1395 1282 1564 1416 injuriis
1599 1282 1656 1384 ab
1692 1272 1899 1425 Hispanis
1932 1287 1983 1388 in

526 1425 737 1528 Barbaros
772 1425 899 1527 illatis
935 1466 1060 1569 saepe
1096 1426 1145 1527 irr
1181 1438 1417 1526 Conventu
1452 1426 1671 1546 disseruit,
1693 1463 1737 1527 et
1773 1468 1887 1568 quae
1923 1432 1982 1531 ad

527 1580 683 1703 justam
721 1605 764 1670 et
808 1569 1075 1688 humanam,
1110 1581 1236 1711 Rege
1272 1571 1461 1709 denique
1495 1569 1746 1671 Christiano
1798 1572 1980 1713 dignam

529 1714 700 1814 illarum
737 1713 939 1855 gentium
976 1712 1403 1813 administrationem
1439 1715 1651 1854 pertinere
1688 1750 1900 1856 putaret,
1937 1750 1984 1815 et

529 1857 642 1959 veris
677 1854 973 1997 amplificandi
1010 1855 1149 1998 gratia
1184 1851 1285 1955 falsa
1320 1859 1535 1995 quaedam
1569 1852 1793 1999 affigendo
1838 1857 1980 1998 dispu-

529 2000 668 2100 tavit.
706 1997 882 2116 Quibus
919 2000 1073 2101 auditis
1098 1997 1226 2118 ,illi,
1246 1999 1444 2140 longiore
1480 1999 1527 2099 in
1562 1997 1666 2100 haec
1702 1998 1853 2100 habita
1890 2001 1982 2102 dis-

529 2143 776 2283 ceptatione
828 2183 879 2242 ac
916 2142 1256 2261 deliberatione,
1293 2142 1404 2281 quid
1453 2142 1677 2284 optimum
1700 2274 1705 2283 ἱ
1725 2183 1812 2243 esse
1858 2140 1981 2245 factu

529 2288 780 2406 videretur,
816 2284 1126 2405 constituunt,
1162 2321 1205 2384 et
1239 2285 1450 2386 Carolum
1485 2298 1713 2387 Caesarem
1747 2286 1980 2389 certiorem

528 2422 724 2529 faciunt.

601 2582 811 2673 XXXIII.
885 2572 1066 2673 Carolus
1115 2571 1414 2692 admonitus,
1456 2574 1670 2713 quosdam
1722 2614 1774 2674 ex
1823 2573 1981 2675 Indico

530 2714 733 2815 Consilio
768 2754 862 2815 non
913 2716 1012 2815 satis
1065 2714 1315 2855 incorrupte
1365 2754 1525 2836 munus
1574 2756 1701 2817 suum
1753 2714 1982 2837 obivisse,

528 2858 785 2996 quaestione
833 2859 1051 2976 decreta,
1086 2860 1335 2960 Consilium
1369 2860 1568 2961 Indicum
1619 2863 1675 2959 ad
1723 2899 1766 2958 se
1819 2896 1980 2970 vocat3

531 2996 617 3099 hoc
668 3038 730 3101 est
763 3079 778 3122 ,
816 3040 918 3101 cum
955 3001 1178 3103 Cardinali
1212 2997 1433 3104 Praefecto
1476 3039 1665 3143 quatuor
1713 3003 1831 3103 viros
1883 3014 1982 3135 jure

529 3144 793 3262 consultos,
828 3180 871 3246 et
921 3145 1085 3244 Osorni
1133 3145 1398 3265 Comitem,
1432 3144 1626 3287 Fiscique
1674 3140 1978 3267 Praefectum,

529 3320 572 3385 et
595 3297 825 3387 Samanum
854 3284 1067 3407 scribam,
1102 3326 1144 3388 er
1161 3367 1175 3407 ‚
1192 3298 1313 3422 cujus
1339 3287 1412 3389 hic
1441 3290 1585 3415 vicem
1612 3286 1812 3430 gerebat,
1849 3300 1985 3390 Fran-

528 3427 693 3528 ciscum
728 3442 941 3538 Covumt
980 3431 1129 3569 eisque
1178 3433 1374 3553 coactis,
1409 3429 1568 3533 habere
1616 3473 1660 3531 se
1710 3431 1819 3535 dixit
1863 3471 1985 3571 quae

391 3620 395 3627 ·
529 3573 586 3669 ad
621 3571 733 3672 hanc
767 3614 941 3676 causam
977 3562 1328 3715 cognoscendam¹
1359 3575 1553 3715 ipsorum
1594 3573 1846 3677 testImonio
1883 3576 1988 3675 vel-

527 3712 589 3812 let
625 3717 836 3835 edoceri,
868 3718 924 3817 ad
960 3757 1096 3858 eaque
1130 3714 1257 3851 jubet
1292 3758 1346 3817 eo
1384 3718 1530 3819 triduo
1565 3718 1760 3860 sIngulos
1794 3718 1988 3858 scripto,

527 3892 577 3956 ut
611 3857 703 3998 ipse
738 3861 897 3999 scripto
933 3858 1152 4001 rogabat,
1185 3870 1348 3994 juratos
1384 3862 1673 4002 respondere.
1712 3861 1887 3962 licum
1925 3866 1987 3964 ad

527 4001 645 4103 diem
694 4005 800 4102 dato
835 4009 1143 4138 jurejurando,
1170 4005 1532 4147 respondissent,
1568 4002 1752 4105 Carolus
1787 4004 1985 4107 Consilii

523 4143 798 4246 Praefectum
847 4189 889 4247 se
939 4147 986 4246 in
1023 4150 1295 4292 Aragoniam
1335 4148 1726 4289 Montisonemque
1766 4147 1985 4251 ¹Concilii

524 4289 664 4427 gratia
698 4289 1042 4429 proficiscentem
1077 4295 1203 4433 sequi
1237 4293 1391 4426 jubet,
1414 4328 1456 4392 et
1493 4327 1683 4432 quatuor
1715 4289 1819 4390 viris
1854 4303 1981 4392 Con·

525 4429 726 4553 siliariis‚
761 4473 817 4532 ne
853 4436 907 4538 de
955 4438 1187 4537 communi
1237 4431 1389 4535 officio
1438 4472 1536 4534 ante
1584 4469 1802 4574 peractam
1838 4473 1983 4571 quae·

481 4616 486 4619 ’
522 4569 711 4672 stionem
745 4615 1006 4718 causamque
1041 4579 1326 4709 dijudicatam
1362 4578 1680 4692 convenirent,
1715 4577 1975 4698 interdixit,

521 4751 574 4816 et.
598 4717 881 4857 perquirendi
917 4721 1191 4860 negotium,
1228 4723 1353 4866 quod
1387 4719 1479 4861 ipse
1512 4759 1669 4862 perse
1705 4718 1831 4820 obire
1869 4796 1884 4838 ,
1920 4757 1977 4822 ut

1876 4862 1975 4964 vel·
