4124 5880
377 420 381 427 '
525 402 586 501 68¹
912 410 997 493 DE
1044 406 1249 489 REBUS
1290 409 1512 490 GESTIS
1544 417 1556 445 ‘¹

485 608 719 716 procerum
763 563 912 712 primis
961 601 1004 667 et
1054 560 1212 704 opibus
1269 594 1310 663 et
1359 558 1614 662 auctoritate
1668 597 1746 700 par
1805 595 1944 682 esset,

486 720 535 818 in
572 755 733 858 magna
774 748 922 811 tamen
960 706 1258 850 quorumdam
1307 704 1551 806 ambitione
1592 703 1680 805 hoc
1723 702 1945 807 heredita-

486 861 552 962 rio
588 898 631 961 et
666 854 787 958 avite
824 856 951 956 titulo
991 886 1224 953 contentus
1261 886 1390 951 erat:
1432 855 1631 986 Joannes
1667 848 1835 970 Giton,
1873 860 1946 952 U-

487 1042 681 1147 regnae:
715 999 924 1101 Claudius
960 994 1277 1138 Quignonius‚
1313 1003 1496 1094 Lunae:
1520 993 1763 1095 Femandus
1798 995 1947 1116 Silva,

487 1136 1125 1278 Centumfontium'1Jacobus
1160 1147 1307 1279 Lupus
1337 1135 1574 1280 Zugniga,
1591 1138 1797 1240 Nievae:
1831 1150 1949 1242 Gar-

488 1291 577 1392 cias‘
592 1290 837 1390 Femanclus
852 1285 1114 1402 Mauricus,
1132 1282 1299 1381 Osomi
1318 1321 1328 1379 :
1347 1280 1543 1417 Jacobus
1569 1283 1823 1400 Mendoza,
1852 1292 1949 1407 Me·

488 1435 559 1535 liti
597 1477 606 1534 :
641 1431 892 1534 Ludovicus
928 1428 1148 1527 Henricus
1191 1422 1410 1543 Cabrera,
1447 1426 1658 1528 Modicae
1693 1467 1704 1528 τ
1740 1423 1948 1532 Alfonsus

488 1588 666 1680 Xuarez
694 1575 957 1690 Mendoza,
990 1571 1175 1671 Cluniae
1207 1591 1220 1669 ':
1251 1567 1494 1669 Franciscus
1527 1571 1733 1692 Toletus,
1770 1584 1950 1715 Orope-

491 1759 561 1820 sae
596 1761 606 1819 ε
644 1722 792 1819 Petrus
829 1715 1102 1833 Atellanus,
1136 1713 1357 1857 Aguilaris
1393 1716 1656 1816 :Antonius
1691 1718 1918 1819 Mendoza
1931 1795 1951 1838 ‚

491 1861 779 1964 Montisacuti
800 1900 810 1959 τ
832 1860 1071 1960 Franciscus
1097 1860 1302 1960 Velascus
1336 1867 1488 1958 Cueva
1514 1939 1529 1982 ‚
1564 1860 1747 1962 Siruelae
1777 1902 1787 1961 :
1812 1864 1949 1964 fede-

489 2007 602 2107 ricus
639 2014 865 2148 Acugna',
903 2002 1130 2104 Bondiae:
1164 2011 1314 2105 Petrus
1344 1998 1505 2136 mala,
1540 2004 1822 2106 Fonsalidae:
1857 2014 1950 2106 Lu-

490 2150 673 2252 dovicus
705 2161 1024 2251 Portucarrerus
1046 2226 1061 2267 ,
1086 2147 1289 2249 Palmae:
1315 2151 1507 2250 Andreas
1541 2148 1796 2269 Bovadilla‚
1815 2147 1951 2252 chin·

491 2293 646 2399 chonis
675 2294 931 2395 :Martinus
967 2287 1173 2394 Alfonsus
1209 2292 1460 2417 Corduba,
1498 2292 1745 2394 Alcaudetis
1776 2333 1786 2392 :
1818 2294 1951 2395 Alva-

491 2479 560 2541 rus
595 2450 887 2559 Cumanus,
920 2438 1140 2580 Orgazii:
1168 2435 1365 2576 Jacobus
1402 2448 1656 2538 Guzmanus
1677 2486 1705 2562 ‚¹
1729 2434 1950 2540 Thebae:

491 2582 617 2685 Arias
653 2582 871 2683 Gonzalus
906 2659 922 2702 ,
958 2584 1274 2724 Pugnenrostri
1314 2623 1324 2682 t
1367 2589 1564 2719 Joannes
1598 2591 1920 2684 Portucatrerus
1933 2659 1950 2703 ‚

490 2727 775 2828 Metellinae:
803 2723 999 2861 Jacobus
1040 2728 1246 2827 Furtadus
1282 2726 1540 2847 Mendoza,
1576 2726 1843 2869 Saldagnae:
1869 2730 1950 2860 Ja-

490 2867 626 2970 cobus
663 2870 850 2971 Poncius
880 2877 1011 2989 Leo,
1046 2869 1213 2971 Baileni
1234 2912 1243 2970 τ
1265 2870 1509 2971 Franciscus
1542 2878 1814 3007 Momojus,
1849 2867 1954 2975 Bel·.

491 3013 576 3115 visi
606 3007 616 3113 ὲ
648 3022 803 3116 Petrus
842 3013 1130 3134 Cumanus,
1166 3012 1443 3116 Olivarium.

511 3296 515 3305 .
604 3368 607 3374 Ι
675 3198 1165 3351 wilelme
1215 3243 1399 3332 eme
1447 3244 1741 3334 mimo:

489 3440 734 3543 Ro'dericus
770 3442 979 3565 Messia,
1017 3445 1097 3584 qui
1141 3444 1358 3547 Guardiae
1413 3480 1457 3546 et
1506 3442 1809 3552 Sanctofimiae
1855 3440 1948 3547 im-

491 3584 709 3724 peritabat
742 3626 754 3695 3
791 3623 971 3689 etcum
1007 3622 1172 3689 ceteros
1207 3628 1392 3707 omnes,
1428 3626 1472 3692 et
1508 3631 1560 3691 ex
1595 3588 1850 3693 Comitibus
1899 3629 1953 3690 ac

491 3726 824 3830 Marchionibus
859 3732 972 3832 ultos
1009 3729 1218 3875 mopibus
1255 3735 1557 3856 antecederet,
1591 3777 1635 3836 se
1671 3770 1822 3836 tamen
1856 3733 1951 3835 sine

372 4005 375 4009 ⁸
491 3865 750 4003 hujusmodi
786 3874 914 3976 titulo
950 3876 1061 3976 intra
1098 3911 1324 4017 paternam
1361 3879 1622 3980 modestiam
1665 3878 1954 3982 continebat.

491 4010 700 4116 Alfomus
736 4017 929 4138 Tellus,
970 4019 1049 4158 qui
1099 4019 1286 4121 Pueblae
1336 4021 1617 4121 Montalvani
1653 4063 1664 4123 ι
1697 4021 1956 4125 Ludovicusu

489 4170 738 4295 Sotomajor
757 4172 913 4284 Fatus,
934 4163 1014 4300 qui
1048 4164 1210 4305 Carpio
1234 4206 1244 4263 :
1266 4169 1456 4299 Joannes
1492 4176 1677 4268 Fonseca
1695 4245 1707 4284 ‚
1724 4167 1804 4309 qui
1838 4177 1954 4268 Cau·

490 4339 603 4403 cae:
642 4305 893 4407 Ludovicus
929 4306 1134 4406 Carrillus
1170 4305 1461 4409 Albomotius
1501 4385 1516 4427 ‚
1587 4310 1635 4411 ui
1669 4323 1840 4410 Betetae
1874 4316 1957 4411 'ac

489 4446 726 4545 Torralvae
749 4490 757 4545 :
779 4448 1029 4549 Ludovicus
1066 4463 1353 4573 Guzmanus,
1388 4452 1466 4591 qui
1503 4453 1719 4594 Algatvae
1747 4451 1954 4551 :Franci-

489 4626 582 4687 scus
606 4589 769 4690 Rivera
788 4669 802 4709 ,
823 4593 901 4731 qui
937 4593 1156 4731 Melpicae
1184 4605 1327 4734 :Egas
1364 4584 1561 4735 Veiiegas
1580 4675 1594 4715 ,
1614 4595 1693 4736 qui
1727 4604 1851 4693 Luco
1890 4595 1953 4695 vi·

488 4732 716 4834 vacissima
750 4729 948 4837 familia:
970 4734 1669 4870 Joannes'Furtadustendoia¹‚
1687 4739 1767 4880 qui
1780 4739 1949 4838 Moro-

1029 4917 1031 4921 ·
1864 4920 1942 4983 m:
