3998 5850
510 400 601 514 464
688 396 690 401 ’
788 397 790 404 ’
902 413 988 495 DE
1034 411 1500 494 REBUSGESTIS

465 552 522 677 ad
565 611 748 735 quem
739 569 926 672 Carolus
975 583 1134 670 Caesar
1172 567 1276 667 belli
1312 607 1528 667 summam
1564 563 1842 694 detulerat,
1891 572 1938 679 in

470 755 605 818 castra
650 716 814 835 venit,
854 749 898 812 et
949 714 1113 848 ducum
1149 712 1364 854 industria
1417 711 1693 856 consilioque
1744 646 1932 857 probato

467 860 700 1004 inceptum
737 897 892 1022 urgere
930 857 1103 1018 pergit

539 1015 735 1107 XXXV
824 1004 992 1104 Vineae
1029 999 1165 1142 igitur
1201 1043 1253 1101 ex
1288 994 1402 1100 fossa
1438 1037 1603 1163 magno
1639 1000 1794 1104 labore
1842 1041 1929 1109 ma·

466 1189 644 1293 gnaque
682 1142 989 1250 difficultate
979 1183 1025 1244 ιιι
1062 1145 1297 1286 superiores
1334 1144 1600 1244 munitiones
1642 1185 1795 1267 actae,
1828 1190 1929 1251 nam

466 1327 545 1456 per
581 1296 766 1394 arduum
809 1291 975 1390 clivum
1011 1287 1215 1391 nulla
1172 1327 1238 1389 vrs
1294 1286 1646 1389 incumbentium
1695 1290 1927 1398 hominum

466 1437 743 1580 impellendis
786 1432 1189 1563 machinationibus
1237 1429 1514 1551 suffecisset,
1553 1433 1638 1532 nisi
1674 1428 1855 1536 funibus
1888 1476 1927 1540 ct

467 1582 788 1683 vertebrarum
808 1578 994 1679 artificio
1030 1548 1209 1677 fuissent
1245 1576 1413 1705 adjutis
1444 1612 1542 1675 tum
1578 1579 1735 1718 aptatis
1773 1580 1921 1702 vineis,

467 1726 662 1825 tumulus
698 1727 852 1830 subter
874 1718 1198 1822 munitionibus
1222 1719 1419 1819 excavari
1453 1761 1532 1819 coe
1586 1761 1664 1843 us,
1684 1725 1920 1864 quodcum

466 1865 616 1988 fieret,
656 1906 879 2010 suspensa
876 1901 1003 1966 terra
1040 1904 1096 1963 ne
1132 1900 1374 1984 corrueret,
1399 1757 1618 1964 asscribits
1668 1865 1917 2010 sublicisque

465 1946 764 2131 fulciebatur,
792 2011 934 2110 donec
971 2007 1074 2109 ad
1063 2008 1270 2108 rnteriora
1306 2043 1350 2107 et
1386 2046 1639 2148 opportuna
1675 2008 1777 2110 loca
1811 2053 1913 2153 pene·

467 2189 629 2255 tratum
666 2191 758 2276 est,
789 2190 832 2254 et
869 2151 1118 2295 sulphureus
1155 2151 1298 2291 pulvis
1334 2152 1595 2253 collocatus
1635 2164 1808 2255 Contra
1826 2156 1912 2256 haec

344 2348 345 2357 ι
467 2299 630 2399 Galli
619 2300 704 2439 rpsi
740 2337 926 2439 quoque
952 2294 1171 2396 cuniculos
1208 2332 1375 2436 agunt,
1397 2297 1524 2437 quod
1560 2295 1638 2394 diu
1675 2297 1807 2400 latere
1836 2339 1910 2400 non

467 2442 655 2583 potuit,
691 2480 797 2540 nam
833 2441 1033 2582 strepitus
1068 2439 1326 2578 urgentium
1362 2477 1473 2579 opus
1515 2441 1563 2539 in
1574 2441 1854 2601 propinquo
1891 2485 1911 2542 a

467 2585 623 2686 nostris
661 2585 868 2726 operariis
912 2579 1254 2688 exaudiebaturs
1293 2620 1399 2723 ergo
1435 2622 1519 2702 ne,
1554 2582 1590 2681 si
1627 2622 1752 2684 mora
1784 2587 1909 2685 inter·-

463 2729 610 2870 posita
648 2728 789 2871 pulvis
826 2726 898 2826 ab
921 2725 1138 2827 hostibus
1162 2723 1523 2844 subtraheretur,
1562 2764 1699 2867 opera
1736 2767 1909 2873 suscepta

464 2877 522 2975 ad
558 2872 749 2975 nihilum
787 2871 1046 2996 recideret,
1079 2869 1408 3034 properandum
1444 2803 1538 2970 sibi
1563 2906 1838 2992 statuerunt,
1870 2912 1908 2972 ac

465 3055 516 3117 ut
559 3014 797 3117 hostem
784 3053 1032 3158 rrruptrone
1077 3014 1287 3115 intentata
1334 3015 1382 3114 in
1424 3014 1577 3114 locum
1626 3053 1909 3158 opportunum

457 3160 693 3280 elicerent,
724 3196 942 3262 tormenta
978 3193 1129 3260 contra
1165 3199 1263 3260 eam
1299 3157 1578 3297 potissimum
1615 3198 1818 3301 partem,
1838 3201 1908 3302 qua

456 3304 607 3445 pulvis
643 3303 900 3447 tegebatur,
937 3305 1245 3422 collocarunt,
1281 3302 1498 3441 simulque
1534 3342 1730 3467 quatuor
1773 3305 1908 3447 signo·

466 3487 566 3550 rum
603 3449 763 3550 milites
801 3487 876 3589 per
912 3431 1114 3548 eamdem
1151 3481 1344 3586 partem,
1381 3485 1470 3586 qua
1507 3449 1666 3549 tumuli
1702 3486 1910 3549 ascensum

364 3706 368 3710 ,
423 3598 426 3603 ’
465 3592 674 3736 gradibus
711 3591 974 3756 quibusdam
1017 3624 1411 3732 praeparaverant,
1446 3630 1550 3689 cum
1597 3631 1856 3733 magnoy
1811 3632 1912 3729 ty·m

465 3776 684 3877 panorum
728 3776 853 3878 quast
899 3737 953 3836 ad
998 3774 1198 3878 pugnam
1239 3730 1570 3894 adhortantium
1612 3737 1892 3879 strepituos
1836 3731 1913 3836 los

466 3922 557 3983 sam
594 3881 926 4020 ingrediuntur

538 4034 751 4125 XXXVI.
826 4036 926 4124 Hac
962 4023 1242 4185 simulatione
1277 4024 1417 4126 hostes
1454 4022 1662 4145 excitati,
1686 4026 1741 4125 ad
1782 4019 1917 4123 muni

318 4156 323 4166 ’
465 4168 605 4270 tiones
641 4168 954 4311 propugnandi
990 4170 1131 4311 gratia
1156 4154 1260 4270 cum
1298 4171 1629 4312 processissent,
1649 4171 1807 4269 nostris
1831 4162 1912 4263 fos

464 4351 622 4453 saper
658 4313 789 4417 aliam
832 4351 1028 4454 partem,
1067 4351 1117 4413 ut
1152 4309 1353 4414 fuerat
1341 4351 1650 4483 imperatum,
1679 4307 1918 4414 excedenti-

464 4453 622 4574 bu,s
610 4458 726 4598 agnis
762 4459 810 4559 in
845 4460 1070 4618 pulverem
1107 4497 1181 4597 per
1217 4457 1486 4556 cuniculos
1476 4458 1815 4621 injicitur,quo
1840 4454 1921 4553 drs

464 4608 599 4730 jectus
635 4603 825 4699 tumulus
864 4638 907 4700 et
944 4600 1210 4699 munitiones
1264 4601 1481 4763 multique
1525 4599 1783 4700 homines
1774 4642 1819 4701 ιιι
1855 4640 1924 4699 su

420 4836 425 4846 .
466 4740 603 4845 blime
644 4744 987 4887 projiciuntur,
1026 4781 1069 4844 et
1106 4744 1153 4848 in
1188 4742 1255 4844 his
1305 4745 1519 4847 Horatius
1564 4745 1784 4846 Farnesius
1823 4754 1926 4842 Dux

1841 4897 1925 4987 Ca·
