4110 5888
458 349 505 419 11.
911 336 1412 415 SUMMARIUM.

440 467 600 583 Hispani
630 465 790 549 adeam
822 463 953 547 urbem
969 490 1149 546 commea·
1203 465 1273 549 bus
1300 527 1312 570 ‚
1335 468 1479 582 aliquot
1516 492 1645 553 tamen
1689 498 1808 559 annos
1845 477 1910 564 im·

444 589 545 673 tibus
569 580 889 667 intercludendam
917 605 1074 694 pontem
1091 585 1154 665 Pa·
1204 585 1348 696 perium
1378 586 1531 670 retinet.
1577 586 1797 674 lnterficitur
1826 620 1908 680 tan-

448 704 520 809 di,
544 702 772 815 Vulpianum
803 759 815 798 ‚
841 699 1153 805 Moncallesium‚
1206 701 1295 785 dem
1320 703 1507 787 dormiens
1536 733 1560 786 a
1590 708 1792 792 Laurentio
1823 743 1907 826 pro·

449 846 489 905 et
513 819 660 904 Riolam
693 812 847 900 finitima
875 817 1021 900 castella
1048 845 1158 902 occu·v
1206 819 1351 933 pinquo
1382 849 1425 905 ac
1452 821 1578 936 gentili
1606 852 1698 907 suo.
1730 826 1907 916 florenti-

452 960 575 1052 pant3
603 966 690 1022 cum
719 935 846 1019 ceteris
885 959 1011 1019 autem
1042 937 1157 1050 copiis
1208 937 1247 1019 ni
1277 938 1393 1024 nihilo
1417 938 1530 1022 secius
1563 941 1705 1027 audent
1731 941 1770 1028 in
1800 945 1904 1034 liber-

453 1054 632 1170 bipartitis
655 1053 895 1137 Pinnarolum
919 1053 1112 1138 obsident.
1209 1080 1324 1140 tatem
1352 1087 1390 1142 se
1420 1055 1630 1142 vindicare.

475 1176 597 1255 ¹Vll.
642 1170 850 1255 Franciscus
860 1171 1059 1256 Gallorum
1078 1176 1158 1256 Rex
1265 1176 1331 1256 ΧΙ.
1403 1177 1588 1257 Cosmum
1627 1176 1737 1292 igitur
1783 1184 1905 1270 Medi·

457 1319 583 1375 mense
624 1288 836 1375 Novembri
862 1288 1017 1402 Alpibus
1056 1320 1159 1403 supe·
1205 1317 1286 1374 cem
1319 1291 1474 1401 Joannis
1517 1289 1632 1376 filium
1675 1294 1713 1377 in
1746 1298 1904 1385 Alexan·
1970 1381 1975 1391 ,

456 1408 542 1492 ratis
571 1406 695 1522 copias
721 1406 870 1520 triginta
903 1406 1012 1489 milha
1041 1437 1155 1491 arma·
1205 1408 1261 1491 dri
1293 1408 1420 1494 locum
1448 1405 1652 1494 sufficiunt.

457 1550 584 1610 torum
611 1523 649 1606 in
673 1523 814 1609 ltaliam
841 1523 1039 1627 traducit,
1071 1554 1158 1609 suos
1263 1528 1345 1610 Xll.
1403 1526 1477 1610 Sed
1492 1526 1690 1611 florentini
1717 1527 1840 1636 dves,
1863 1564 1902 1620 et

454 1642 650 1727 obsidione
677 1642 831 1745 liberat,
862 1670 906 1724 ae
935 1641 1075 1726 Salutiis
1105 1672 1156 1727 re·
1204 1643 1400 1758 praecipue
1444 1668 1516 1728 tres
1554 1643 1767 1730 Cardinales
1793 1707 1804 1742 ‚
1835 1653 1902 1763 qui

457 1760 601 1874 ceptis,
632 1759 682 1844 ibi
705 1759 919 1846 Gabrielem
947 1760 1156 1872 Principum
1203 1762 1347 1845 Romae
1393 1763 1675 1865 motabantur,
1710 1765 1904 1853 consilium

456 1875 614 1962 fratrum
661 1902 753 1963 natu
811 1877 1005 1960 minimum
1054 1881 1157 1961 Mar·
1202 1875 1334 1962 ineunt
1364 1878 1502 1990 patriae
1529 1877 1568 1960 in
1595 1877 1801 1964 libertatem
1823 1882 1901 1968 vin·

457 1994 631 2081 ebionem
666 1995 886 2099 constituit,
915 1995 1022 2108 pulso
1046 1999 1158 2109 Joan-
1204 1993 1423 2096 dicandae,
1456 2020 1495 2078 et
1525 1994 1747 2080 Florentiam
1780 1996 1903 2110 profe·

454 2141 506 2198 ne
532 2111 727 2226 Aloysio‚
755 2113 821 2230 qui
868 2111 919 2196 ad
959 2115 1157 2198 Caesarem
1202 2111 1251 2194 cti
1267 2111 1501 2226 popularium
1528 2111 1672 2196 animos
1700 2113 1901 2203 solicitant.

453 2231 662 2320 transierat.
1203 2231 1363 2314 Cosmus
1395 2229 1595 2332 Medices,
1623 2253 1662 2313 et
1692 2229 1902 2318 Alexander

457 2427 460 2433 ,
516 2351 616 2432 Vlll.
672 2351 771 2430 Inter
819 2347 912 2431 haec
956 2345 1156 2431 Florentini
1204 2346 1390 2450 Vitellus,
1419 2346 1508 2429 arcis
1545 2343 1775 2459 praefectus,
1808 2354 1901 2434 Car·

456 2463 665 2549 inexilium
696 2463 800 2576 ejecti
830 2465 981 2548 mihtem
1013 2467 1157 2550 condu·
1203 2462 1383 2550 dinalibus
1399 2463 1620 2548 denuntiant
1636 2522 1648 2566 ‚
1664 2463 1730 2549 viis
1760 2494 1783 2547 a
1812 2467 1903 2551 mili-

458 2607 581 2685 cunt,
610 2603 648 2668 et
678 2582 833 2695 patriam
874 2582 913 2667 in
952 2580 1157 2668 libertatem
1203 2578 1301 2665 tibus
1329 2583 1481 2669 obsessis
1497 2643 1509 2686 ,
1526 2606 1569 2665 ut
1600 2580 1648 2664 ab
1664 2579 1812 2694 incepto
1839 2585 1905 2668 de-

459 2727 616 2785 asserere
640 2700 896 2804 constituunt,
914 2698 1009 2784 duce
1041 2724 1080 2784 et
1095 2730 1156 2784 au·
1202 2697 1350 2784 sistant.
1398 2702 1542 2784 Eorum
1582 2726 1678 2780 unus
1722 2697 1903 2786 Salviatus

464 2841 569 2902 ctote
600 2815 769 2931 Philippo
813 2819 973 2901 Strozo.
1012 2816 1158 2903 Floren·
1202 2814 1252 2899 ad
1293 2818 1504 2903 Robertum
1544 2813 1782 2928 proficiscitur
1813 2878 1826 2922 ,
1856 2843 1901 2903 ut
1934 2884 1939 2896 .

456 2932 531 3017 tiae
570 2934 640 3017 sub
669 2934 953 3046 Imperatoribus
978 2936 1157 3020 Romanis
1202 2959 1352 3019 coactos
1382 2931 1511 3017 milites
1541 2932 1726 3037 dimittat,
1751 2958 1791 3019 et
1819 2935 1902 3021 Flo·

328 3127 331 3130 ,
457 3048 604 3135 libertas
619 3078 632 3153 ·,
647 3049 723 3162 eius
754 3051 792 3134 in
821 3051 914 3134 duas
937 3074 1059 3164 partes
1075 3056 1158 3137 Me·
1202 3052 1359 3136 rentiam
1384 3049 1598 3136 revertitur.

458 3167 584 3253 dicum
614 3192 653 3252 et
668 3167 935 3252 Soderinorum
961 3167 1158 3277 scissio3a
1260 3169 1359 3254 Xlll.
1416 3167 1533 3251 Iidem
1563 3164 1776 3251 Cardinales
1816 3165 1899 3253 Flo

457 3284 668 3371 Medicibus
683 3284 833 3369 tandem
849 3284 1050 3398 oppressio,
1058 3314 1158 3400 prae·
1201 3286 1319 3370 tentia
1354 3283 1538 3371 decedere
1579 3282 1662 3395 jussi
1688 3283 1899 3370 Bononiam

453 3402 578 3488 sertim
601 3400 632 3485 a
646 3400 842 3487 Clemente
864 3398 1066 3508 Pontifice,
1086 3405 1153 3517 qui
1201 3401 1427 3505 confluunt,
1452 3426 1490 3485 et
1500 3399 1672 3513 Philippo
1692 3404 1825 3484 Sttozo
1848 3401 1900 3486 rei

453 3519 631 3652 gentilem
649 3548 758 3604 suum
769 3517 1050 3622 Alexandrum,
1066 3519 1156 3606 data
1200 3520 1309 3604 armis
1341 3518 1651 3604 administrandae
1677 3544 1806 3599 euram
1828 3541 1900 3602 tra·

453 3666 493 3724 ut
520 3635 797 3721 matrimonium
820 3636 1026 3751 Margarita
1058 3640 1154 3723 Cae·
1200 3633 1316 3720 dunt.
1381 3634 1538 3719 Vitellus
1612 3638 1900 3746 Sarmentusque
2008 3632 2014 3638 ’

451 3751 538 3838 saris
560 3753 680 3837 notha
710 3751 810 3857 filia,
833 3753 920 3838 urbi
950 3776 1153 3867 tyrannum
1198 3752 1407 3867 Philippum
1423 3749 1595 3868 aggressi,
1603 3779 1691 3835 eum
1706 3776 1794 3832 cum
1808 3748 1898 3856 filio,

448 3867 635 3986 praeficit.
1198 3893 1238 3953 et
1266 3869 1596 3955 bartholomaeum
1610 3864 1815 3951 Valorcum
1840 3894 1902 3952 cas

506 3990 575 4073 lX.
635 3985 835 4071 Alexandri
867 3985 1062 4099 prosapia,
1087 4017 1150 4074 cu-
1196 3984 1341 4098 piunt,
1369 3987 1408 4070 in
1437 4014 1535 4099 quos
1566 3983 1898 4071 animadvertitur.

447 4103 503 4217 jus
534 4133 640 4190 soror
655 4103 857 4189 Catherina
871 4102 1037 4190 Henrico
1059 4107 1151 4191 Gal·
1195 4103 1385 4217 Philippus
1414 4130 1571 4216 quoque
1594 4125 1751 4215 captus,
1773 4125 1813 4186 et
1833 4128 1895 4186 cu·

446 4219 579 4306 liarum
609 4221 704 4337 Regi
735 4244 865 4334 postea
895 4221 1025 4306 nubit.
1194 4220 1336 4307 stodiae
1369 4221 1478 4306 dattts
1516 4243 1677 4305 mortem
1708 4216 1774 4303 sibi
1801 4243 1893 4306 con-

503 4341 554 4425 Χ.
614 4337 740 4422 Caroli
776 4338 940 4423 Caesaris
987 4339 1146 4423 auctori·
1192 4336 1329 4422 sciscit.

444 4476 520 4540 tate
546 4455 707 4569 populus
738 4453 969 4542 Florentinus
992 4455 1031 4540 in
1067 4453 1146 4541 ofli-
1249 4456 1355 4540 XlV.
1414 4455 1560 4539 Eadem
1587 4476 1805 4565 tempestate
1826 4458 1893 4537 So-

443 4571 502 4656 cio
541 4572 773 4657 continetur.
820 4571 1030 4657 Alexander
1059 4576 1141 4657 Me·
1189 4569 1361 4682 lymanus
1389 4575 1598 4656 Turcarum
1626 4570 1796 4680 Princeps
1821 4574 1894 4653 lta·

444 4689 541 4775 dices
556 4750 568 4796 ,
581 4719 813 4806 quamquam
840 4689 992 4776 odiosus
1022 4689 1138 4774 omni·
1187 4685 1273 4773 liam
1313 4688 1488 4776 invadere
1525 4712 1689 4773 statuem
1721 4687 1892 4819 Venetos

1670 4870 1674 4876 .
1801 4833 1889 4885 mrs-
