4170 5866
521 408 602 493 166
899 411 981 494 DE
1022 406 1228 487 REBUS
1277 404 1503 485 GESTIS

470 607 612 672 rursus
649 562 833 670 dimissis
884 560 1035 663 litteris
1075 638 1089 680 ,
1125 559 1281 659 milites
1333 558 1568 699 imperatos
1620 591 1672 655 ex
1722 553 1932 665 omnibus

471 712 681 813 Castellae
720 704 909 848 partibus
947 702 1161 844 proficisci
1180 779 1194 820 ,
1213 738 1452 841 eorumque
1487 700 1704 842 quosdam
1740 742 1792 800 ex
1828 739 1936 842 pro-

468 855 598 954 ximis
635 848 887 991 regionibus
940 849 986 946 in
1023 847 1302 947 Cantabriam
1351 846 1407 944 ad
1442 840 1823 966 Comestabilem,
1861 890 1932 949 ce-

468 1031 580 1096 teros
616 996 672 1092 ad
705 1006 879 1094 Ducem
909 990 1130 1092 Albanum
1164 989 1214 1087 in
1251 1026 1408 1128 agrurn
1443 987 1809 1087 Barcinonensem
1846 1000 1925 1090 Ge

467 1138 834 1273 rundensemque'
870 1130 1104 1232 convenire
1155 1130 1374 1268 imperat.
1426 1128 1599 1242 Quibus
1639 1130 1788 1228 Caroli
1840 1141 1933 1261 jus·

467 1281 522 1379 sis
539 1302 692 1399 ,cum
728 1281 784 1377 ad
833 1273 1000 1375 bellum
1052 1309 1096 1372 et
1145 1273 1352 1401 injuriam
1403 1308 1683 1372 externorum
1733 1270 1932 1374 hostiurn

467 1422 522 1524 ab
558 1422 651 1563 ipsa
686 1419 898 1557 Hispania
936 1416 1279 1554 propulsandum
1316 1413 1615 1553 pertinerent,
1653 1451 1745 1512 non
1787 1416 1931 1516 solum

370 1643 371 1646 κ
469 1602 561 1664 non
612 1597 787 1703 gravate
823 1638 837 1679 ‚
880 1562 954 1658 sed
1004 1597 1168 1698 magno
1216 1558 1364 1655 studio
1415 1550 1498 1655 fuit
1541 1553 1927 1695 obtemperatum,

469 1705 722 1843 praesertim
754 1744 778 1802 a
817 1697 1100 1843 proceribus,
1122 1737 1312 1839 quorum
1348 1698 1557 1839 perpauci
1591 1692 1795 1817 fuerunt,
1820 1703 1930 1839 quin

467 1881 633 1982 praeter
670 1846 837 1984 equites
890 1844 1126 1981 imperatos
1179 1841 1503 1940 instructiorem
1544 1874 1587 1938 et
1621 1838 1926 1945 honestiorem

468 2027 520 2085 ex
555 1989 755 2128 cognatis
791 2022 833 2085 ct
867 1985 1119 2085 domesticis
1155 2019 1374 2082 armatum
1415 1983 1531 2082 item·
1556 1983 1820 2083 comitatum
1857 2025 1923 2084 se-

467 2166 570 2228 cum
605 2130 867 2230 adducerent
883 2125 914 2227 .’
953 2140 1016 2228 Ex
1053 2124 1316 2228 Praesulibus
1354 2161 1499 2225 autem
1537 2126 1778 2225 Toletanus
1810 2204 1825 2246 ,
1857 2129 1929 2228 cui

467 2267 646 2387 fuerant,
672 2307 850 2371 centum
895 2269 1160 2407 cataphracti
1216 2268 1381 2408 equites
1418 2268 1622 2409 imperati
1658 2346 1673 2388 ‚
1709 2308 1801 2369 non
1854 2310 1929 2370 so-

469 2412 564 2521 lum
613 2411 693 2511 hos
746 2451 847 2510 cum
885 2419 1062 2545 Joanne
1100 2411 1233 2510 Ulloa
1283 2404 1533 2550 praefect0‚
1573 2411 1646 2510 sed
1701 2412 1931 2554 octoginta

468 2587 687 2691 praeterea
723 2595 775 2652 ex
811 2553 1133 2694 consanguineis
1171 2588 1214 2651 et
1250 2553 1496 2653 domesticis
1546 2592 1648 2652 cum
1684 2555 1789 2653 Aria
1826 2564 1931 2653 Pat-

471 2696 531 2793 do
567 2690 706 2795 fratris
743 2695 835 2796 filio
872 2696 1094 2837 splendide
1131 2730 1229 2795 tum
1265 2694 1438 2813 armis,
1471 2730 1570 2795 tum
1605 2697 1730 2836 equis
1766 2697 1932 2798 instru-

470 2869 560 2935 ctos
597 2873 640 2937 et
675 2874 851 2938 ornatos
891 2876 1037 2939 mrsrt.

541 2989 655 3078 Xlll.
732 2982 807 3080 Ad
845 2982 1129 3080 undecimum
1160 2981 1374 3082 Kalendas
1409 2982 1667 3122 Septembris
1705 2984 1928 3084 Henricus

471 3117 730 3257 bipartiras,
753 3162 860 3262 quas
896 3123 1228 3240 demonstravi,
1264 3126 1411 3263 copias
1447 3125 1616 3226 duabus
1653 3125 1777 3245 viis,
1811 3127 1931 3225 vita-

469 3296 512 3360 ta
547 3264 709 3363 scilicet
743 3266 791 3364 in
829 3265 1066 3404 medioque
1103 3266 1249 3365 relicta
1285 3267 1538 3367 Salsularum
1575 3308 1711 3388 arce,
1744 3269 1791 3368 in
1829 3281 1929 3370 Ru·

469 3404 656 3504 scinonis
692 3445 844 3548 agrum
881 3408 1085 3528 induxit,
1122 3408 1316 3547 vicisque
1351 3412 1568 3530 vastatis,
1604 3412 1829 3551 captisque
1866 3413 1932 3512 si-

470 3586 525 3645 ne
561 3550 844 3649 contentione
882 3549 1195 3650 infirmioribus
1231 3551 1433 3673 castellis,
1461 3552 1617 3681 Theco
1658 3554 1825 3673 lluvi0,
1849 3555 1934 3697 qui

468 3689 779 3828 Perpinianum
833 3692 1193 3834 praeterlabitur,
1231 3701 1454 3823 trajecto,
1490 3698 1728 3795 secundum
1780 3697 1933 3837 ipsum

470 3829 531 3929 sic
568 3830 641 3928 die
679 3835 808 3933 tertio
844 3872 980 3936 castra
1016 3837 1199 3974 posuit,
1228 3873 1279 3935 ut
1312 3839 1496 3979 amplius
1532 3841 1622 3937 duo
1660 3839 1797 3939 millia
1834 3880 1932 3979 pas·

470 3987 598 4071 s'uum
635 3974 682 4073 in
719 3977 1044 4116 longitudinem
1081 4014 1312 4119 paterent,
1352 3982 1470 4080 unde
1506 3982 1716 4121 paulatim
1764 3985 1933 4121 produ-

469 4117 550 4213 ctis
586 4116 905 4219 munitionibus
943 4161 966 4219 e
1001 4123 1177 4262 regione
1227 4123 1578 4264 propugnaculi,
1602 4115 1736 4264 'quod
1774 4163 1838 4223 est
1875 4126 1930 4224 ad

470 4258 619 4356 Lazari
655 4255 836 4380 fanum,
868 4298 1043 4362 centum
1079 4261 1168 4364 fere
1203 4266 1522 4407 quinquaginta
1559 4303 1762 4407 passuum
1800 4283 1930 4367 aeteo

468 4397 696 4498 intervallo
733 4404 921 4523 relict0,
959 4410 1296 4545 quatuordecim
1331 4411 1532 4510 maxima
1560 4412 1779 4510 tormenta
1826 4410 1930 4510 loco

468 4540 588 4636 edito
610 4543 889 4663 collocavit,
928 4588 1041 4688 quae
1096 4551 1267 4690 oppido
1319 4587 1542 4693 tantopere
1598 4548 1927 4683 imminebant,

467 4714 519 4780 ut
553 4720 578 4778 a
612 4686 776 4820 porta,
812 4727 921 4826 quae
958 4692 1119 4792 dicitur
1154 4705 1325 4815 Eunae,
1361 4697 1417 4795 ad
1451 4732 1596 4796 arcem
1627 4698 1774 4837 'usque
1828 4736 1930 4837 per-

1861 4839 1934 4938 fici
