4110 5888
168 438 172 445 Ι
561 350 1142 441 suuunnrun.
1538 374 1599 443 ar.

201 482 292 568 XV.
352 475 512 562 Carolus
538 478 676 565 Caesar
699 506 725 562 a
748 479 855 564 Con·
908 480 1031 567 stodia
1058 483 1201 571 liberat.

141 599 225 710 cilio
250 594 478 684 Tridentino
509 621 549 682 et
577 596 742 685 motibus
782 603 854 683 Ita·
917 697 920 705 Ι
979 602 1086 687 XIX.
1157 599 1311 686 Ulrnam
1358 601 1537 694 Albertus
1576 637 1617 700 et

139 719 212 804 licis
228 716 382 834 propius
399 714 524 799 abesse
550 717 725 832 cupiens,
751 716 854 801 Oen·
906 717 1128 807 GuiIieImus
1147 717 1281 805 frustra
1295 720 1490 810 obsident.
1511 730 1616 814 Hen-

137 835 288 951 spruchi
337 856 612 920 commoratur.
665 832 853 920 Henricus
908 834 988 923 rico
1021 838 1117 954 Regi
1153 836 1301 924 obsides
1338 838 1458 949 dant,
1486 870 1526 930 et
1563 849 1613 933 ab

140 957 228 1042 Rex
258 959 541 1040 Germanorum
574 951 756 1067 Principes
800 955 852 1040 ad
904 980 954 1039 eo
983 955 1187 1069 accipiunt.
1222 956 1424 1044 Mauricius
1451 966 1611 1049 fernan-

144 1070 393 1160 defectionem
441 1068 598 1156 solicitat
644 1068 854 1185 appellatus
910 1072 1005 1157 dum
1029 1076 1174 1191 Regem
1205 1073 1408 1182 convenit,
1431 1080 1497 1193 qui
1521 1111 1610 1170 eum

140 1191 242 1276 initio
290 1186 535 1275 aMaurIcio
580 1191 769 1294 Saxone,
810 1213 854 1277 et
902 1216 1128 1297 monuerat,
1157 1214 1247 1276 uta
1272 1191 1478 1304 periculoso
1512 1197 1633 1285 ince-¹

141 1309 298 1397 Alberto
342 1305 568 1392 Marchione
613 1307 848 1394 Brandebur-
900 1331 971 1422 pro
1002 1310 1214 1413 desisteret,
1241 1338 1347 1393 suam
1379 1341 1532 1424 operam
1558 1318 1609 1402 ad

142 1428 256 1544 gensi.
278 1425 332 1511 Hi
345 1423 487 1510 Carolo
502 1450 733 1532 succensent,
748 1454 853 1540 prae«
900 1426 1118 1545 Lanrgravii
1168 1426 1423 1515 liberationem
1470 1431 1607 1547 pollici-

143 1547 264 1632 scrtim
287 1541 492 1628 Mauricius
507 1603 522 1648 ,
539 1542 647 1659 quod
670 1544 849 1660 quintum
901 1566 977 1631 rus.
1172 1614 1174 1619 .

140 1661 212 1776 jam
256 1691 401 1748 annum
446 1662 695 1777 Lantgravius
741 1690 849 1750 socer
959 1666 1051 1752 XX.
1114 1661 1318 1751 Mauricius
1343 1663 1445 1780 apud
1462 1671 1610 1786 Regem

141 1811 222 1868 arce
250 1780 410 1866 inclusus
438 1801 611 1866 tenetur.
899 1783 1141 1870 Fernandum
1172 1781 1299 1869 Caroli
1339 1784 1374 1868 Ie
1401 1784 1466 1869 atis
1504 1786 1608 1872 adhi-

193 1901 301 1986 XVI.
323 1996 324 1999 g
348 1895 534 1983 Henricus
563 1901 668 2004 Rex,
692 1893 847 1985 foedere
901 1900 984 1986 bitis
1012 1926 1183 1990 accurare
1215 1899 1331 1987 verba
1361 1814 1467 1987 ἐςὶῑ.

139 2046 222 2103 cum
249 2014 438 2103 Mauricio
480 2041 521 2102 et
548 2015 705 2104 Alberto
752 2016 851 2102 inito
976 2022 1082 2106 XXI.
1169 2015 1353 2107 fernandi
1398 2019 1508 2136 Regis
1555 2024 1607 2112 ad

139 2135 336 2222 exercitum
376 2131 689 2221 inGermaniam
733 2134 844 2222 indu·
898 2135 1127 2225 Mauricium
1153 2136 1319 2224 Caesaris
1367 2139 1521 2224 nomine
1551 2167 1608 2224 re.

139 2284 220 2340 cete
258 2275 383 2370 parat.
431 2252 486 2339 Hi
525 2253 652 2371 copias
695 2276 846 2342 contra·
897 2255 1070 2370 sponsio.

138 2373 258 2479 hunt,
274 2372 472 2489 litterisque
487 2401 776 2489 quoquoversus
792 2373 845 2460 di-
955 2375 1081 2475 XXII.
1140 2366 1208 2458 Ad
1228 2369 1348 2459 socios
1373 2371 1485 2491 igitur
1497 2376 1607 2463 Mau·

140 2491 244 2578 missis
290 2516 332 2580 ct
358 2489 572 2608 evulgatis,
605 2495 844 2596 Germanos,
896 2488 1001 2578 ricius
1033 2490 1222 2595 revertit,
1254 2491 1379 2606 copias
1412 2517 1604 2598 recenset,
1705 2526 1707 2530 ·

139 2634 177 2696 ut
212 2640 252 2696 se
283 2641 309 2697 a
339 2608 515 2698 servitute
554 2607 774 2716 vindicent,
803 2634 844 2695 et
895 2639 1128 2728 movensque
1172 2609 1241 2693 iter
1286 2609 1337 2694 ad
1380 2607 1495 2725 Alpes
1540 2609 1606 2696 fle·

138 2730 304 2844 captivos
343 2728 528 2845 Principes
559 2725 747 2832 liberent,
777 2755 844 2814 co·
894 2730 983 2837 crit,
1006 2727 1348 2843 Brandebutgensis
1366 2721 1506 2814 interea
1521 2758 1604 2815 suas

137 2845 360 2936 hortantur.
893 2850 1017 2963 copias
1055 2844 1439 2963 lnNoribcrgenscm
1469 2876 1603 2966 agrum

194 2969 319 3055 XVII.
375 2966 579 3052 Mauricius
599 2991 639 3054 ct
663 2964 844 3055 Albenm
893 2965 1055 3055 inducit.

138 3086 301 3202 itemque
345 3084 564 3171 Guilelmus
606 3087 835 3204 ,lantgravii
961 3087 1100 3172 XXIII.
1172 3081 1357 3170 HentIcus
1401 3084 1602 3173 Gallorum

139 3202 226 3291 filius
248 3203 374 3319 copias
388 3203 844 3322 conjungunt,assectan·
890 3207 972 3290 Rex
1000 3235 1089 3291 cunr
1120 3204 1304 3309 exercitu,
1343 3202 1603 3290 Memoransio
1648 3256 1654 3266 ·

140 3346 173 3407 re
210 3323 403 3437 Episcopo
445 3321 643 3436 Baionensi
685 3324 840 3408 Henrici
890 3321 1132 3410 Comestabili
1160 3319 1380 3407 antecedere
1401 3318 1530 3436 jusso,
1561 3323 1601 3405 in

139 3440 243 3556 Regis
275 3442 432 3557 legato,
468 3442 576 3558 plura
603 3441 743 3557 oppida
775 3470 843 3555 per
889 3442 1134 3527 Germaniam
1168 3438 1405 3558 progreditur
1435 3446 1600 3525 Germa-

141 3558 364 3645 deditionem
389 3560 571 3675 capiunt,
597 3559 842 3677 Magistratus
888 3558 972 3649 niae
998 3560 1176 3648 libertatis
1201 3587 1240 3644 se
1269 3580 1487 3645 assettorem
1511 3583 1597 3671 pro-

142 3677 349 3795 abrogant,
363 3679 560 3794 pecuniam
589 3678 796 3795 imperant.
888 3672 1022 3765 fessus.
1060 3677 1316 3765 Comesrabilis
1354 3675 1492 3762 Metim
1534 3673 1598 3760 im«

189 3799 268 3882 XV
268 3801 328 3882 ΠΙ.
388 3796 461 3883 His
488 3796 652 3884 motibus
682 3797 843 3884 Triden-
889 3797 1112 3911 peratoriam
1135 3796 1267 3880 urbem
1286 3818 1353 3910 per
1384 3792 1515 3880 dolum
1540 3821 1598 3878 oc·

139 3935 212 4000 rum
243 3915 452 4021 nuntiatis,
476 3919 600 4002 Patres
627 3916 842 4003 Concilium
888 3943 1021 4031 cupat.
1069 3921 1150 4000 Rex
1179 3913 1271 4001 dolo
1300 3936 1341 3998 et
1378 3911 1416 4000 vi
1444 3910 1598 3995 Tullum

138 4028 169 4117 in
221 4034 522 4120 commodiorem
580 4058 842 4150 tempestatem
890 4058 929 4121 et
955 4032 1198 4121 Virodunum
1242 4053 1282 4117 et
1306 4026 1597 4142 lotharingiam

138 4149 371 4264 rejiciendum
397 4180 474 4237 esse
503 4150 708 4239 decernunt
732 4215 745 4257 ,
770 4153 838 4237 Hi-
890 4153 1015 4269 capit,
1051 4178 1090 4239 et
1113 4150 1289 4267 praesidia
1316 4144 1496 4262 imponit.

138 4269 252 4381 spanis
297 4268 486 4385 Episcopis
533 4272 838 4358 reclamantibus.
950 4274 1096 4358 XXIV.
1161 4265 1403 4385 Argentorati
1446 4261 1596 4380 potiun-

137 4389 270 4472 Caesar
300 4387 351 4473 ad
380 4388 592 4506 Philippum
618 4390 733 4476 filium
756 4391 841 4475 scri-
889 4384 931 4474 'di
961 4419 1025 4503 spe
1056 4386 1247 4498 dejectus,
1279 4407 1389 4498 agros
1420 4408 1596 4497 quacum·

139 4502 211 4608 bit,
237 4529 283 4590 ut
309 4501 461 4592 militem
483 4508 694 4624 Hispanum
718 4530 756 4592 et
779 4536 842 4621 pe·
892 4533 969 4619 que
1010 4503 1131 4620 pergit
1177 4498 1395 4616 populatur.
1454 4498 1594 4585 Multo

141 4622 281 4706 cuniam
322 4627 549 4730 submittat3
580 4652 619 4713 et
654 4627 841 4738 Joannem
891 4651 977 4708 rum
1022 4618 1249 4707 Germaniae
1287 4616 1498 4731 Principum
1546 4613 1598 4700 ad

141 4736 352 4828 Federicum
388 4745 572 4832 Saxoniae
600 4750 749 4831 Ducem
778 4772 842 4830 cu·
893 4740 1014 4855 ipsum
1047 4735 1212 4855 legatio,
1250 4762 1330 4936 qug
1363 4761 1521 4850 petrurt,
1545 4755 1614 4866 ut>
1700 4770 1702 4774 ·

1344 4883 1368 4935 2
1543 4876 1600 4933 m·
