4170 5866
592 422 833 503 cauom
877 425 928 501 v.
971 427 1081 504 rus.
1116 432 1239 510 xxr.
1538 433 1616 541 165

202 582 455 724 Acugnam
479 575 732 677 cohortatus
750 653 765 695 ,
782 575 785 582 ’
802 574 1086 679 Barcinonem
1109 576 1124 699 ,
1158 578 1535 721 quemadmodum
1569 605 1662 724 jug„

204 763 292 823 sus·
329 719 472 822 fuerat
502 723 546 818 va
600 719 796 837 Carolo,
833 717 1092 839 revertitur,
1128 761 1179 823 ur
1228 730 1450 831 venientes
1500 738 1660 847 milites

196 866 451 1004 exciperet.
468 862 472 868 ’
490 872 553 960 Ex
589 861 830 959 Barcinone
873 900 975 959 cum
1028 865 1146 963 mille
1197 872 1370 970 armaris
1404 873 1661 982 hominibus

178 1020 460 1106 -Francesum
498 1002 808 1102 Viamontium
846 1003 966 1101 misit
983 1081 998 1123 ,
1035 1008 1114 1146 qui
1150 1014 1362 1145 Pyrenaei
1398 1016 1535 1116 saltus
1563 1017 1660 1124 fau-'

193 1188 277 1247 ces
312 1151 524 1246 Perrusum
560 1145 696 1244 dictas
733 1144 985 1264 obsideret,
1022 1188 1125 1245 cum
1161 1161 1251 1279 jam
1288 1152 1453 1257 hostilis
1496 1167 1662 1264 exerci-

185 1327 275 1390 tus
310 1289 513 1429 peditum
555 1288 711 1427 viginti
759 1287 957 1425 quinque
1009 1290 1199 1392 millium
1235 1299 1496 1436 Perpiniano
1545 1302 1661 1404 infe-

202 1467 294 1532 stus
330 1430 702 1570 appropinquaret
736 1469 746 1527 ε
778 1427 939 1528 horum
975 1469 1096 1531 erant
1131 1436 1326 1536 Helvetii
1373 1441 1523 1541 decem
1560 1448 1661 1547 mil-

215 1575 307 1692 lia,
344 1573 475 1673 Italici
525 1607 747 1711 quatuor,
784 1573 959 1710 utrique
1008 1577 1243 1692 veterani,
1280 1581 1408 1682 ceteri
1444 1595 1660 1689 Vascones

211 1753 254 1815 et
291 1758 342 1815 ex
378 1715 508 1813 variis
543 1715 781 1812 Galliarum
823 1713 1070 1852 regionibus
1107 1758 1117 1815 ε
1154 1716 1220 1816 lris
1257 1722 1517 1826 accedebant
1568 1731 1659 1830 duo

212 1854 440 1957 fabrorum
494 1855 797 1996 operariorum
847 1856 981 1955 millia
1024 1892 1065 1956 et
1100 1893 1424 1965 tormentorum
1477 1907 1660 2012 magnus

206 2037 438 2101 numerus.
479 2010 614 2098 Erant
650 2036 869 2139 praeterea
906 1999 1071 2138 equites
1106 2003 1368 2143 cataphracti
1404 2010 1558 2110 Gallici
1602 2018 1659 2116 ad

207 2144 297 2241 duo
348 2141 483 2239 millia
519 2141 750 2282 quingenti
800 2139 962 2242 delecta
1017 2181 1206 2262 manus,
1235 2182 1285 2246 et
1335 2151 1429 2287 plus
1470 2190 1659 2292 quatuor

207 2283 382 2382 levioris
418 2320 684 2401 armaturae,
721 2283 858 2385 Italici
894 2284 1062 2423 generis
1112 2286 1231 2386 mille
1276 2290 1490 2411 ducenti,
1526 2298 1658 2398 ceteri

207 2426 358 2544 Galli,
394 2464 587 2565 quorum
631 2425 834 2565 pleraque
886 2422 1091 2524 nobilitas
1141 2430 1195 2527 ad
1231 2442 1402 2570 Regem
1452 2471 1495 2532 et
1546 2436 1659 2536 filios

205 2603 491 2667 convenerat.
543 2583 768 2691 Summam
822 2568 994 2709 imperii
1029 2607 1080 2666 ac
1134 2568 1237 2670 belli
1286 2572 1413 2703 hujus
1468 2577 1657 2678 admini-

206 2710 370 2809 strandi
405 2710 621 2812 Henricus
670 2706 845 2810 tenebat
895 2751 946 2809 ex
996 2709 1131 2849 Regis
1177 2710 1273 2813 filiis
1325 2725 1468 2844 major
1524 2755 1647 2818 natu.

207 2860 352 2983 Hujus
394 2854 517 2992 quasi
559 2852 726 2993 legatus
768 2888 884 2971 erat,
913 2851 1252 2994 proximumque
1288 2858 1555 2956 auctoritatis
1591 2859 1657 2958 lo·

205 3005 309 3095 cum
346 3031 493 3093 tenens
528 2993 789 3101 Nebaotuss
818 3033 920 3093 nam
955 3005 1053 3095 Rex
1088 2994 1179 3134 ipse
1216 3037 1242 3095 a
1276 3000 1484 3098 Pesulano
1521 3007 1658 3099 Mon·

206 3172 248 3236 te
285 3137 472 3277 (oppidi
508 3133 591 3236 hoc
641 3175 805 3235 nornen
841 3141 934 3272 est)
972 3174 1250 3278 progressus,
1288 3142 1342 3240 ad
1377 3140 1529 3240 Seselas
1579 3181 1657 3242 ca-

208 3281 375 3379 stellum
410 3280 457 3378 in
492 3318 599 3420 agro
627 3276 909 3378 Narbonensi
945 3317 1147 3419 passuum
1172 3282 1321 3384 decem
1355 3317 1398 3382 et
1419 3319 1523 3382 octo
1558 3284 1657 3382 mil-

208 3419 320 3522 libus
356 3422 462 3520 citra
498 3420 808 3559 Perpinianum
842 3418 1125 3541 substiterat,
1149 3458 1198 3523 ut
1233 3463 1312 3523 nec
1346 3424 1438 3563 ipse
1474 3422 1577 3523 belli
1613 3465 1658 3522 se

211 3563 533 3665 discriminibus
586 3562 827 3696 objiceret,
865 3605 963 3692 nec
993 3565 1048 3663 ad
1097 3566 1465 3666 communicanda
1515 3565 1659 3665 consi-

208 3705 297 3825 lia,
337 3745 381 3806 et
417 3705 681 3825 necessaria,
716 3704 863 3846 siquid
898 3745 1009 3850 opus
1045 3699 1197 3828 foret,
1229 3703 1504 3846 providenda
1554 3708 1659 3808 lon·-
1790 3704 1793 3712 ¹

209 3850 307 3989 gius
342 3848 533 3950 abesset.
610 3937 611 3945 Ν
996 3856 999 3859 ’

278 4001 373 4091 ΧΠ.
445 4003 608 4092 Interea
644 3991 862 4110 Carolus,
899 3985 1116 4132 patefacto
1152 3989 1335 4091 consilio
1371 3994 1535 4132 Regis,
1573 3984 1661 4128 qui

207 4171 384 4232 causam
418 4133 533 4233 bello
570 4135 689 4274 prius
725 4134 870 4254 illat0,
908 4173 1044 4275 quam
1078 4133 1278 4252 indicto,
1315 4132 1525 4234 Rinconii
1559 4143 1660 4229 Fre·

207 4275 399 4415 gosique
434 4316 591 4377 necem
627 4277 676 4375 in
711 4317 861 4377 excusa
897 4278 1183 4418 evulgataque
1219 4274 1473 4375 indictionis
1521 4270 1664 4370 charta

206 4417 556 4554 praetendebat,
593 4419 686 4559 ipse
736 4457 913 4556 quoque
960 4418 1150 4515 vicissim
1197 4455 1240 4515 et
1276 4452 1398 4515 suam
1451 4415 1665 4514 innocen-

210 4559 311 4671 tiam
349 4600 508 4702 purgat
545 4563 705 4660 eodem
740 4562 879 4659 modo
903 4636 918 4679 ,
943 4597 987 4658 et
1021 4558 1158 4697 Regis
1194 4556 1530 4656 inconstantiam
1567 4556 1663 4652 vio

208 4699 396 4845 latasque
432 4705 627 4804 inducias
663 4741 904 4821 accusans,
941 4698 1103 4800 bellum
1136 4701 1183 4799 in
1218 4698 1366 4799 Gallos
1400 4699 1590 4803 indicits
1616 4732 1666 4794 ac
1739 4761 1740 4765 κ

1572 4873 1666 4935 rur-
