4034 5858
447 500 532 595 458.
558 495 731 569 Andream
754 490 898 564 Doriam
925 489 1116 589 compellar,

446 603 631 695 jubetque,
656 619 697 665 ne
713 591 892 692 navigandi
908 599 1116 664 occasionem

448 696 601 773 interlabi
632 695 795 791 patiatur.
820 698 847 763 1.
865 694 952 786 458.
977 691 1119 788 Singulis

446 800 519 875 fere
560 795 676 869 dicbus
711 794 746 865 in
785 813 908 865 terram
945 789 1118 864 descendit

446 916 585 1000 propter
613 896 722 994 legem
760 891 1008 978 Pontificiam,
1047 913 1118 985 qua

446 1023 498 1074 res
515 997 626 1069 divina
648 999 684 1066 in
706 993 846 1066 navibus
869 993 993 1091 patrari
1021 1010 1118 1062 veta-

445 1118 526 1171 tur.
546 1102 575 1168 Ι.
592 1097 677 1186 458.
709 1094 855 1167 Navium
867 1090 1051 1190 praefectos
1066 1107 1119 1160 at·
1139 1161 1141 1167 ,

446 1221 515 1294 que
528 1197 701 1295 magistros
718 1195 752 1266 in
765 1193 1020 1290 Imperatoriam
1036 1213 1120 1262 con-

446 1299 559 1372 venire
574 1298 681 1390 jubet,
694 1315 726 1365 et
748 1317 861 1365 coram
880 1292 921 1363 de
936 1308 1118 1388 tempesta-

446 1395 787 1496 tisnavigationisque
811 1391 1028 1464 racionecum
1039 1392 1118 1461 Do-

449 1500 496 1571 ria
519 1498 674 1570 disserere
697 1518 735 1564 ac
751 1491 949 1564 deliberare.
985 1497 1014 1564 I.
1030 1510 1117 1582 459.

449 1601 672 1691 Quamquam
688 1594 723 1664 in
748 1591 989 1690 profectionem
1019 1591 1118 1663 incli-

449 1717 522 1781 nat,
541 1694 670 1768 Doriae
688 1711 722 1762 et
747 1691 954 1789 Berenguelli
970 1689 1117 1761 auctori·

448 1798 512 1870 tati
533 1815 567 1870 et
590 1789 1033 1866 sententiaeconcedendum
1053 1811 1118 1887 pu·

450 1916 513 1970 tat.
529 1901 642 1986 1464.
659 1891 770 1963 Doria
792 1913 861 1960 non
881 1890 989 1960 invito
1003 1912 1046 1961 ex
1068 1889 1118 1960 in-

447 1997 525 2072 sulis
534 1992 716 2095 egreditur.
732 1995 761 2060 I.
778 1993 861 2081 461.
874 1990 948 2059 Sine
965 1988 1117 2059 Francis-

449 2098 481 2170 ci
497 2097 585 2170 Covi
607 2111 641 2166 et
672 2091 862 2161 Granvelae
884 2087 1021 2160 consilio
1033 2086 1117 2158 nihil

447 2194 516 2268 fere
553 2193 653 2291 paulo
685 2187 791 2259 modo
821 2188 953 2285 gravius
990 2205 1116 2258 secreto

448 2315 591 2368 statuere
616 2292 718 2362 solet.
751 2292 780 2358 Ι.
797 2291 881 2377 464.
909 2291 949 2357 In
976 2304 1117 2382 portum

449 2396 610 2492 Ligatum
627 2387 711 2458 hora
727 2386 859 2456 circiter
881 2382 1010 2456 decima
1022 2402 1118 2454 octa·

451 2515 492 2564 va
515 2541 527 2576 ,
547 2511 649 2584 quam
677 2483 786 2556 fuerat
814 2506 855 2553 ex
882 2480 1119 2553 Stoechadibus

452 2589 656 2690 profectus,
681 2605 778 2653 naves
803 2604 917 2652 omnes
936 2581 1120 2652 incolumes

450 2689 601 2768 inducit.
616 2687 731 2775 1.464.
747 2679 852 2752 Haud
869 2703 963 2778 aegre
978 2678 1040 2750 fert
1054 2682 1120 2750 Ba-

452 2813 576 2864 zanum
588 2808 646 2857 sua
660 2800 777 2878 sponte
788 2803 820 2851 se
830 2779 1016 2850 triremium
1028 2801 1120 2874 prae·

450 2890 579 2968 fccttua
601 2882 775 2954 abdicare.
800 2884 829 2950 Ι.
846 2884 930 2972 464.
947 2883 1040 2949 Cum
1056 2880 1121 2948 Ba-

450 2989 529 3062 zani
552 2982 739 3055 triremibus
756 2979 853 3050 classe
874 2979 1071 3068 conjuncta,
1085 2976 1120 3048 in

453 3084 615 3161 Palamosi
639 3097 777 3178 portum
794 3076 962 3173 pervenit.
988 3081 1017 3145 I.
1035 3080 1121 3170 464.

453 3182 667 3259 Valdolitum
683 3175 727 3248 ad
743 3175 935 3247 Concilium
961 3176 1123 3246 Castella-

457 3306 581 3356 norum
597 3275 814 3350 indicendum
827 3298 884 3372 per
898 3299 1002 3369 equos
1016 3273 1124 3371 dispo·

458 3387 538 3458 sitos
553 3378 799 3479 proficiscitur,
826 3377 999 3447 Francisco
1022 3380 1124 3447 Covo

458 3503 494 3556 et
508 3482 650 3553 Nicolao
662 3475 832 3550 Granvela
851 3473 894 3545 ad
914 3474 1124 3547 Palamosum

462 3599 628 3655 remanere
656 3576 763 3667 jussis.
791 3579 821 3644 Ι.
846 3578 931 3667 464.
958 3574 1126 3671 Margari-

461 3702 533 3754 tam
552 3677 691 3750 notham
714 3674 817 3747 filiam
841 3673 1035 3745 Alexandro
1047 3677 1126 3744 Me·

462 3780 587 3853 dicein
606 3774 857 3848 matrimonium
879 3773 960 3857 dat,
977 3795 1126 3868 eumque

461 3880 564 3953 titulo
592 3874 770 3948 Florentini
800 3870 896 3945 ducis
923 3871 1050 3945 afficit.
1078 3877 1126 3945 ΙΙ.

463 3999 500 4068 9.
529 3982 638 4050 Oram
658 3975 771 4046 Italiae
792 3992 827 4042 ct
860 3972 984 4045 Siciliae
996 3973 1126 4044 mariti-

463 4103 578 4161 mam,
611 4073 750 4174 cognito
781 4071 951 4166 Solymani
974 4072 1126 4154 consilio,

463 4175 629 4276 praesidiis
650 4171 773 4246 firmari
788 4170 895 4260 jubet.
917 4176 963 4241 II.
980 4192 1034 4263 14.
1052 4176 1129 4242 An-

464 4278 560 4349 dreae
575 4275 701 4347 Doriae
717 4271 880 4367 imperat,
898 4289 936 4339 ut
951 4293 1028 4343 cum
1044 4272 1128 4341 clas-

463 4400 496 4450 se
511 4380 701 4448 Turcarum
720 4369 895 4442 conatibus
913 4370 1062 4442 obsistat.
1081 4372 1129 4441 Il.

470 4496 526 4566 15.
560 4474 753 4546 Montisone
779 4477 976 4543 Conventus
1003 4471 1130 4543 habet.

464 4579 511 4647 11.
531 4597 586 4664 27.
608 4575 788 4644 Gallorum
805 4572 973 4668 Regi'per
996 4577 1132 4644 Corne-

467 4679 550 4748 lium
566 4675 739 4768 Sccperum
758 4669 931 4767 respondet
960 4695 993 4742 se
1010 4670 1052 4742 ad
1069 4694 1133 4768 pa-

469 4797 545 4848 cem
577 4794 642 4842 esse
673 4771 873 4865 proclivem.
902 4774 948 4840 II.
974 4795 1032 4863 44.
1074 4768 1133 4842 Ad

470 4873 651 4951 Gallorum
663 4867 765 4969 Regis
776 4869 983 4968 colloquium
998 4896 1029 4944 se
1038 4894 1136 4947 com-

1222 510 1337 592 parat.
1353 493 1401 563 11.
1427 391 1585 562 mcii}
1598 485 1735 585 oppido
1764 487 1899 563 Valdo-

1223 596 1285 666 lito
1309 591 1527 664 Barcinonem
1556 609 1733 688 properat.
1763 593 1888 665 1148.

1222 691 1435 765 Valdolitum
1466 689 1556 761 venit
1585 711 1731 764 uxorem
1768 691 1885 764 visendi

1223 793 1349 892 gratia,
1366 811 1398 861 et
1415 795 1578 884 Joannem
1598 813 1712 887 nuper
1719 812 1838 862 natum
1850 792 1886 865 li-

1221 897 1304 966 lium
1334 941 1346 977 ,
1371 892 1431 986 qui
1458 889 1492 961 in
1512 892 1783 987 sequentianno
1817 913 1889 962 mo·

1223 994 1326 1067 ritur.
1344 997 1391 1063 11.
1403 1011 1462 1079 29.
1484 999 1546 1063 Per
1563 991 1691 1064 litteras
1707 1014 1790 1063 cum
1807 998 1893 1064 Pau⁴

1219 1097 1254 1167 lo
1277 1091 1438 1165 Pontifice
1458 1092 1611 1165 Maximo
1635 1090 1720 1191 agit,
1735 1112 1775 1163 ut
1799 1115 1893 1164 suam

1221 1194 1455 1267 auctoritatem
1480 1192 1524 1265 acl
1546 1215 1662 1292 pacem
1680 1192 1889 1290 interponat.

1221 1300 1268 1366 11.
1288 1314 1345 1378 49.
1363 1294 1567 1378 Barcinone‚
1587 1293 1800 1388 quadriremi
1812 1316 1890 1364 con-

1221 1415 1329 1466 scensa
1354 1443 1365 1476 ,
1387 1394 1627 1490 proficiscitur.
1656 1398 1707 1463 Π.
1735 1417 1792 1488 4ο.
1834 1388 1890 1462 Ad

1221 1493 1400 1568 Massiliam
1427 1493 1506 1582 jacit
1532 1491 1723 1564 anchoras.
1762 1498 1812 1563 II.
1839 1512 1891 1583 32.

1222 1600 1263 1666 In
1280 1592 1427 1665 Gallicas
1438 1593 1585 1663 triremes
1602 1617 1622 1663 a
1638 1595 1837 1663 Turcarum
1852 1589 1892 1661 fi-

1220 1693 1319 1765 nibus
1331 1690 1504 1762 redeuntcs
1514 1690 1664 1762 incidens
1679 1716 1789 1763 unam
1801 1689 1890 1762 inde·

1221 1792 1382 1865 ditionem
1395 1792 1507 1863 venire
1516 1792 1621 1890 cogit,
1638 1812 1708 1862 tres
1726 1792 1833 1889 capit.
1844 1795 1885 1859 ll.

1225 1916 1282 1987 32.
1307 1892 1427 1962 Gallos
1438 1891 1625 1975 liberat,et
1642 1914 1729 1963 cum
1753 1892 1816 1962 suis
1833 1914 1884 1958 na·

1221 1991 1319 2063 vibus
1339 1989 1499 2062 dimittit.
1525 1995 1572 2061 11.
1596 2011 1651 2083 44.
1674 1987 1890 2063 Savonamad

1219 2090 1421 2164 Pontificem
1465 2091 1659 2162 Maximum
1708 2090 1891 2163 tollendum

1223 2188 1416 2286 quindecim
1443 2189 1593 2261 triremes
1614 2190 1749 2261 mittit.
1773 2196 1819 2261 ΙΙ.
1840 2211 1894 2283 44.

1221 2289 1451 2362 Molestissime
1476 2287 1542 2362 fert
1573 2290 1743 2361 Carolum
1767 2290 1890 2360 Sabao-

1222 2389 1296 2459 diae
1311 2392 1446 2460 Ducem
1463 2410 1483 2457 a
1498 2387 1688 2458 Gallorum
1704 2396 1799 2488 Rege
1819 2388 1892 2457 sub·

1221 2506 1382 2560 ornatum
1398 2483 1583 2583 impedire,
1602 2490 1785 2580 quominus
1800 2494 1888 2558 Pau·

1221 2588 1273 2659 lus
1295 2585 1451 2657 Pontifex
1486 2587 1580 2658 Max.
1617 2587 1654 2656 in
1683 2590 1808 2659 Nicaeae
1829 2609 1884 2655 ar·

1224 2709 1296 2758 cem
1317 2685 1516 2781 recipiatur.
1551 2689 1599 2754 11.
1621 2706 1684 2781 45.
1714 2695 1783 2759 Post
1803 2683 1882 2754 ado·

1224 2784 1389 2858 rationem
1419 2804 1454 2854 et
1485 2784 1731 2858 salutationem
1758 2806 1885 2856 consue·

1223 2903 1297 2956 tam
1342 2883 1554 2978 colloquium
1602 2909 1688 2958 cum
1740 2883 1893 2960 Pontifice

1226 2986 1321 3057 Max.
1341 2982 1376 3054 in
1394 2982 1492 3054 horas
1507 2984 1641 3058 circiter
1651 3007 1808 3081 quatuor
1821 3008 1894 3082 pro-

1226 3082 1342 3154 ducit.
1369 3087 1416 3154 11.
1437 3106 1494 3177 45.
1526 3092 1606 3157 Post
1637 3086 1735 3159 diem
1766 3087 1889 3158 tertium

1227 3183 1350 3255 iterum
1374 3183 1573 3256 Pontificem
1602 3188 1772 3282 colloquii
1800 3185 1894 3285 gratia

1229 3281 1407 3354 convenit.
1431 3289 1477 3354 11.
1509 3289 1563 3377 46.
1599 3285 1661 3357 Ad
1694 3289 1895 3358 Franciscum

1231 3381 1413 3452 Gallorum
1435 3388 1564 3481 Regem
1585 3387 1787 3484 Antipolim
1820 3386 1896 3455 salu·

1231 3479 1327 3551 tandi
1348 3482 1455 3577 gratia
1476 3483 1599 3554 mittit.
1629 3490 1679 3556 II.
1701 3491 1758 3580 46.
1784 3486 1898 3557 Gallo-

1231 3603 1307 3651 rum
1329 3581 1478 3679 Reginae
1508 3583 1577 3670 ejus
1610 3587 1721 3657 sorori
1768 3584 1897 3656 obviam

1231 3677 1405 3775 procedit.
1433 3686 1480 3751 11.
1502 3682 1556 3775 48.
1581 3683 1727 3756 Genuae
1745 3684 1792 3755 ad
1813 3705 1900 3781 prae·

1231 3778 1359 3848 corium
1383 3777 1540 3853 Andreae
1575 3784 1706 3854 Doriae
1740 3783 1899 3856 suburba-

1232 3901 1315 3948 num
1339 3877 1493 3950 divertit.
1533 3885 1580 3952 II.
1599 3905 1661 3973 44.
1692 3887 1749 3956 Ex
1771 3883 1901 3981 pedibus

1232 3978 1420 4049 laboransa
1450 3980 1611 4053 Pontifice
1635 3983 1828 4054 salutatur.
1858 3987 1902 4052 11.

1232 4098 1295 4170 44.
1331 4079 1530 4151 Pontificem
1553 4080 1647 4166 adit,
1670 4101 1705 4153 et
1727 4083 1765 4154 in
1785 4085 1897 4178 Hispa-

1232 4180 1322 4249 niam
1338 4179 1570 4275 proficiscitur.
1596 4186 1642 4252 11.
1669 4206 1734 4274 41.
1773 4182 1892 4253 Velium

1231 4296 1265 4347 et
1285 4279 1482 4352 Cornelium
1504 4282 1687 4377 Sceperum
1712 4282 1758 4354 ad
1786 4281 1895 4354 Gallo·

1232 4401 1308 4448 rum
1322 4384 1453 4478 Regem
1470 4380 1600 4466 redire,
1613 4402 1649 4453 ct
1678 4408 1759 4456 cum
1774 4406 1810 4452 eo
1824 4379 1897 4451 col-

1231 4477 1339 4573 loquii
1355 4480 1467 4551 locum
1493 4483 1700 4554 constituere
1723 4484 1813 4575 jubet
1827 4482 1902 4550 .11.

1231 4599 1291 4669 44.
1314 4580 1428 4651 Fossae
1440 4580 1609 4651 Marianae
1631 4604 1780 4677 portum
1791 4584 1906 4653 intrat.

1232 4682 1278 4751 11.
1307 4700 1366 4770 45.
1403 4681 1575 4753 Francisco
1610 4684 1804 4754 Gallorum
1825 4681 1906 4781 Regi

1238 4779 1410 4849 accedenti
1431 4779 1475 4850 ad
1494 4805 1568 4853 suae
1589 4784 1683 4855 navis
1708 4789 1814 4856 scalas
1835 4806 1909 4881 pro·

1236 4877 1326 4949 cedit
1358 4878 1530 4970 obviam,
1567 4903 1601 4956 et
1623 4906 1786 4985 porrecta
1813 4904 1914 5055 44444141.

1840 5009 1855 5060 s
