3998 5850
505 479 586 566 510

560 681 678 825 JO.
741 670 1121 806 GENESII
1181 672 1821 803 SEPULVEDAE

775 937 899 1047 on
953 936 1232 1059 Rarus
1281 928 1604 1044 otsrls

571 1174 1167 1338 CAR'OLI
1256 1171 1809 1359 QUINTI

618 1475 1044 1559 rMPnnAronrs
1077 1473 1156 1551 er
1185 1476 1359 1552 neers
1397 1476 1752 1555 fflsPANIAE

753 1697 998 1801 LIBER
1071 1690 1616 1800 TRIGESIMUS.

534 2055 568 2147 1.
642 1974 877 2144 ANNO
906 2038 1079 2143 Christi
1113 2037 1349 2142 millesimo
1393 2035 1747 2182 quingentesimo
1791 2038 1905 2184 quin·

463 2186 719 2334 quagesimo
754 2186 912 2327 quinto
948 2186 1025 2284 ad'
1046 2183 1269 2284 decimum
1303 2181 1600 2285 Kalendarum
1631 2184 1770 2320 Junii
1810 2195 1910 2285 Pau·

462 2335 527 2433 lus
563 2345 755 2453 Quartus
799 2344 981 2429 Summo
1024 2327 1276 2428 Sacerdorio
1319 2323 1597 2464 praeficitur:
1647 2367 1754 2428 nam
1796 2328 1912 2462 Julio

464 2475 657 2591 Tetti0‚
687 2472 768 2611 qui
802 2507 949 2568 mense
985 2468 1155 2568 Martio
1191 2469 1283 2569 vita
1318 2463 1492 2568 functus
1529 2463 1708 2596 fuerat,
1733 2471 1916 2570 Marcel-

464 2618 530 2716 lus
565 2618 782 2717 Secundus
818 2610 1038 2715 successit:
1087 2611 1190 2713 huic
1223 2610 1441 2751 svigesimo
1478 2615 1672 2713 secundo
1705 2613 1767 2713 sui
1799 2620 1913 2714 Pon·

462 2759 644 2860 tificatns
680 2760 754 2860 die
790 2758 1025 2856 demortuo
1061 2757 1214 2855 Paulus
1250 2766 1442 2876 Quartus
1478 2753 1683 2857 suffectus
1718 2792 1806 2874 est,
1837 2795 1913 2896 pa·

463 2903 548 3003 tria
582 2901 903 3042 Neapolitanus
928 2941 980 2997 ex
1017 2897 1160 2998 nobili
1188 2892 1467 2998 Cattafarum
1494 2894 1689 3017 familia,
1713 2900 1796 3040 qui
1823 2937 1916 2998 cum

466 3081 573 3145 esset
608 3045 877 3163 Quietinus,
914 3040 1073 3181 oppidi
1108 3040 1268 3141 scilicet
1302 3082 1394 3143 non
1449 3040 1512 3140 ita
1553 3043 1773 3183 grandis,
1815 3043 1915 3183 Epi-

465 3226 649 3327 scopus,
670 3222 796 3287 tanto
831 3180 1001 3286 honore
1038 3183 1271 3325 indignum
1322 3220 1538 3324 tantoque
1590 3187 1713 3286 oneri
1751 3225 1797 3286 se
1833 3186 1914 3285 im-

466 3368 615 3470 parem
651 3371 738 3429 esse
787 3328 1061 3471 praedicans,
1093 3327 1361 3468 Episcopatu
1408 3369 1495 3427 sese
1519 3338 1522 3342 ’
1542 3365 1698 3469 sponte
1743 3326 1915 3429 abdica-

467 3473 558 3581 vit3
595 3509 636 3572 et
670 3472 781 3573 nulli
816 3510 860 3568 se
895 3467 1226 3573 Monachorum
1266 3469 1410 3571 coetui
1458 3507 1535 3571 aut
1581 3471 1791 3573 instituto
1821 3511 1918 3575 cum

465 3614 726 3736 addixisset,
746 3615 885 3715 vitam
921 3648 1069 3716 tamen
1106 3612 1361 3715 Monachali
1396 3614 1585 3714 similem
1620 3613 1810 3757 agebat,
1838 3655 1919 3757 qua

466 3758 713 3898 Religionis
738 3772 791 3858 ¹et
831 3758 1063 3857 sanctitatis
1099 3758 1241 3897 specie
1277 3795 1322 3858 et
1355 3757 1576 3900 'opinione
1612 3759 1771 3860 ductus
1811 3767 1920 3860 Pau-

468 3899 534 4002 lus
569 3901 743 4002 Tertius
788 3902 933 4042 ipsum
970 3942 1062 4002 non
1106 3902 1311 4003 invitum
1335 3900 1384 4001 in
1420 3903 1725 4002 Cardinalium
1777 3904 1922 4004 Colle-

470 4043 596 4186 gium
632 4047 890 4185 cooptavit,
927 4043 974 4144 in
1011 4059 1102 4185 quo
1139 4086 1182 4145 se
1218 4045 1277 4146 ita
1314 4045 1471 4188 gessit,
1506 4060 1557 4146 ur
1593 4083 1777 4188 propter
1813 4046 1919 4143 vitae

469 4188 808 4290 sanctimoniam
843 4225 991 4289 veram
1010 4263 1024 4306 ,
1044 4226 1119 4287 aut
1154 4191 1400 4290 simulatam
1423 4190 1594 4331 'dignus
1631 4190 1688 4292 sit
1726 4186 1885 4290 habitus
1899 4260 1918 4303 ,

470 4332 525 4430 ad
561 4372 697 4472 quem
732 4326 970 4433 Summunl’
998 4333 1300 4436 Sacerdotium
1334 4330 1595 4434 deferretur.

486 4483 592 4584 JII.
665 4484 822 4604 Hujus
848 4473 1037 4615 depositi
1081 4478 1362 4622 Episcopatus
1422 4485 1477 4576 et'
1522 4488 1664 4577 retum
1716 4475 1925 4577 humana

471 4649 572 4711 rum
602 4618 915 4752 contemtionis
950 4619 1198 4758 exemplum
1227 4659 1320 4721 non
1356 4620 1492 4759 pauni
1515 4632 1590 4759 pfet
1641 4631 1926 4760 spontaneam

474 4758 760 4898 eamdemque
801 4758 980 4863 liberam
1022 4796 1322 4901 paupertatem
1367 4795 1408 4862 et
1443 4761 1759 4864 demissionem
1797 4760 1923 4864 secuti

1823 4940 1926 5022 sunt,
