4124 5880
552 404 800 487 cnuonr
834 406 888 487 V.
931 408 1048 486 mu.
1082 410 1231 490 xvn.
1517 433 1568 517 31

136 565 310 714 viginti
347 603 512 710 septem
541 561 793 665 triremibus
831 563 1142 704 sequentibus,
1170 564 1330 707 quibus
1368 607 1452 672 tres
1482 577 1615 677 dum-

128 752 260 818 taxat
312 752 532 817 sacrorum
577 709 800 811 Antistites
837 705 1143 828 vehebantur,
1181 719 1328 846 Petrus
1371 729 1619 824 Sarmentus

129 858 565 1003 Compostellanus,
587 860 784 990 Joannes
821 854 964 955 Reina
999 855 1354 997 Pompelonensis
1369 937 1385 980 ,
1402 899 1444 966 er
1479 873 1619 1003 Joan-

125 1049 213 1109 nes
268 1003 430 1146 Borgia
483 999 786 1142 Sogorbiensis
822 993 1071 1108 Pontifex3
1121 1039 1339 1141 praeterea
1375 1014 1621 1152 complures

124 1196 186 1254 ex
231 1151 435 1291 Hispana
483 1144 769 1265 nobilitate,
815 1182 1007 1284 quorum
1052 1145 1264 1284 primores
1306 1145 1488 1253 luerunt
1521 1169 1622 1283 Fer-⁴

123 1296 314 1399 nandus
351 1291 539 1391 Toletus
577 1288 745 1410 Albae,
787 1287 1012 1389 Beltranus
1048 1299 1202 1390 Cueva
1239 1291 1635 1441 Alburquerquii,

123 1441 372 1543 Manricus
432 1446 543 1537 Lara
595 1444 783 1570 Najarae
837 1447 982 1536 Duces
1019 1515 1033 1553 ,
1084 1437 1307 1537 Antonius
1353 1442 1622 1545 Pimentelus

122 1581 387 1687 Beneventi
434 1594 648 1698 Comes,
692 1581 939 1679 Fernandus
977 1581 1185 1681 Cardona
1222 1587 1440 1722 Neapolis
1477 1590 1624 1690 Almi-

123 1767 343 1846 tantus,
387 1725 631 1826 Franciscus
669 1738 822 1826 Cueva
876 1722 1087 1823 Cuellaris
1121 1803 1136 1845 ,
1185 1726 1405 1830 Antonius
1454 1735 1619 1834 Peralta

121 1875 337 1976 Falcium
372 1867 675 1988 Marchiones,
701 1869 954 1969 Ludovicus
990 1871 1217 1970 Federicus
1254 1874 1473 1977 Henricus
1510 1888 1618 1977 Mo-

121 2021 267 2120 dicae
304 2030 496 2132 Comes,
518 2014 772 2115 Ludovicus
798 2026 950 2116 Cueva
985 2012 1225 2154 praefectus
1263 2015 1460 2117 cohortis
1492 2059 1616 2160 prae-

124 2164 337 2281 toriae,
382 2168 530 2259 Petrus
574 2169 728 2259 Cueva
775 2159 991 2300 Equitum
1046 2160 1300 2261 Calatravae
1342 2159 1616 2267 Praefectus.

125 2317 269 2411 Nam
310 2305 556 2405 Franciscus
604 2314 755 2404 Covus
798 2302 1125 2445 Religiosorum
1183 2307 1386 2446 equitum
1433 2345 1477 2407 et
1525 2309 1628 2450 ipse:

121 2446 426 2595 praefectus,
467 2482 510 2546 et
546 2447 760 2551 Nicolaus
798 2449 1051 2567 Granvela,
1089 2490 1201 2590 quos
1247 2490 1373 2592 saepe
1409 2454 1619 2553 nomina·

121 2597 329 2715 vimus,
365 2632 609 2734 numquam
646 2633 725 2695 nec
763 2594 889 2694 domi
925 2633 1006 2694 nec
1042 2595 1228 2696 militiae
1264 2639 1289 2696 a
1327 2596 1490 2721 Carolo
1529 2598 1621 2697 dis-

114 2738 396 2841 cedebant.
1631 2860 1634 2863 Δ

219 2894 334 2985 Vlll.
409 2878 633 2983 Profectus
676 2919 739 2984 est
791 2918 937 2983 autem
989 2886 1172 2987 Carolus
1225 2924 1318 2985 non
1368 2921 1619 3025 exspectato
1662 2938 1664 2940 ·

113 3030 344 3128 secundo
379 3028 525 3143 flatu,
562 3029 638 3129 sed
670 3025 826 3128 'contra
863 3028 1018 3131 leviter
1069 3029 1297 3130 rellantem
1349 3031 1635 3130 euronotum

104 3211 318 3314 magno
356 3173 579 3314 remigum
616 3169 767 3272 labore
804 3173 1014 3274 nitendo
1064 3183 1272 3275 Aecum
1308 3211 1436 3314 aegre
1479 3175 1621 3274 classis

117 3313 204 3419 jn
240 3353 421 3456 portum
459 3318 769 3458 Cadaquesum
806 3319 1018 3458 postridie
1055 3319 1352 3459 pervenisset,
1378 3319 1619 3419 necessario

118 3462 351 3561 constitit
386 3463 435 3561 in
469 3461 701 3580 anchoris3
729 3499 862 3602 atque
899 3460 963 3562 ibi
1000 3498 1043 3562 et
1080 3463 1128 3563 in
1166 3501 1332 3603 portu,
1360 3461 1498 3602 qt'tem
1533 3468 1620 3561 Li-

83 3635 285 3743 ⁶gutum
335 3604 491 3706 dicunt
533 3684 548 3726 ,
593 3644 732 3747 usque
784 3609 840 3707 ad
877 3608 1091 3709 Kalendas
1128 3618 1270 3739 Majas
1321 3605 1628 3745 exspectavit.

107 3751 275 3848 Ίυιῃ
312 3788 421 3849 vero
458 3788 562 3851 tum
598 3789 718 3850 mare
754 3751 992 3870 resedisse,
1029 3787 1073 3850 et
1108 3749 1324 3892 zephyrus
1371 3750 1625 3851 sthimia·

104 3921 194 3985 re
238 3893 495 4011 videretur,
535 3936 663 3998 naves
699 3894 864 4015 solvit,
902 3936 1034 4036 seque
1075 3896 1123 3995 in
1165 3898 1304 3996 altum
1347 3933 1425 4034 per
1473 3895 1620 3994 sinum

106 4034 493 4139 Narbonensem
530 4041 678 4141 dedit.
738 4043 821 4140 Sed
857 4041 1039 4184 triginta
1075 4040 1245 4141 circiter
1282 4037 1473 4141 millibus
1508 4075 1620 4136 con·
1699 4112 1712 4124 .

113 4162 275 4279 fectis
300 4220 554 4299 ,euronoro
592 4184 797 4304 rellante,
818 4194 941 4319 cujus
978 4224 1041 4286 est
1076 4225 1153 4327 per
1189 4220 1255 4287 eas
1292 4185 1490 4326 regiones
1524 4220 1624 4322 ma-

116 4315 271 4422 xirne
306 4327 501 4429 assiduus
537 4327 705 4450 flatus,
750 4370 801 4429 ac
837 4326 1013 4431 tumore
1065 4332 1195 4431 maris
1246 4330 1518 4446 deterrente,
1553 4323 1626 4425 vi·

117 4459 273 4595 giuti
323 4473 510 4613 amplius
564 4473 703 4574 millia
758 4511 963 4634 passuum
1022 4492 1137 4573 retro
1189 4472 1330 4572 classis
1382 4470 1634 4571 reducitur.

119 4609 241 4714 Sed
273 4610 377 4718 cum
414 4612 598 4719 interim
627 4611 863 4758 quievrsset
899 4654 1173 4735 ventus-,et
1211 4657 1360 4719 tumor
1396 4617 1525 4716 maris
1552 4645 1633 4716 -re'-
1677 4623 1680 4629 ’

122 4753 334 4860 sedisset
345 4757 383 4884 ³33
407 4756 568 4864 rursus
588 4763 784 4865 navibus
823 4762 1044 4864 conversis
1070 4754 1324 4886 Massiliam
1361 4790 1504 4886 versus
1540 4771 1629 4859 Ca-

1531 4941 1609 5000 ro-
