3998 5850
465 423 555 520 442
832 427 917 510 ou
960 399 1159 508 nauus
1202 425 1435 511 osseis

431 625 528 693 tum
567 579 718 686 Caroli
755 586 982 685 voluntate
1016 583 1253 707 aedificari,
1288 620 1336 685 ut
1375 625 1473 688 cam
1510 579 1740 689 obtinente
1779 623 1898 722 prae-

436 734 591 847 sidio,
631 729 783 829 civitas
831 728 954 868 quasi
1008 723 1160 829 fraeno
1213 731 1376 859 injecto
1427 727 1594 830 facilius
1653 731 1700 829 in
1744 723 1892 829 officio

437 875 761 978 contineretur.
809 881 916 1012 Jam
958 873 1078 974 enim
1122 875 1341 1013 quosdam
1377 913 1428 972 ex
1470 872 1742 1013 primoribus
1786 873 1890 972 civi-

438 1020 518 1122 bus
564 1018 906 1156 Rempublicam
949 1017 1344 1119 administrantibus
1382 1018 1508 1120 rebus
1545 1017 1673 1116 novis
1711 1019 1891 1137 studere,

440 1206 492 1265 ex
541 1161 792 1300 interceptis
837 1161 1035 1303 ipsorum
1078 1161 1230 1260 litteris
1274 1165 1329 1260 ad
1372 1161 1619 1262 Henricum
1666 1160 1892 1261 Gallorum

438 1322 611 1447 Regem
649 1305 815 1444 scriptis
851 1342 1130 1446 compertum
1167 1303 1349 1405 Carolus
1386 1303 1602 1421 babebat,
1632 1339 1674 1402 et
1711 1301 1892 1405 obeam

392 1478 396 1485 '
439 1491 531 1551 rem
570 1487 673 1548 cum
710 1489 833 1588 saepe
871 1462 1071 1551 Senenses
1107 1450 1273 1550 eunctis
1311 1447 1366 1548 ab
1403 1489 1457 1547 eo
1497 1447 1693 1588 precibus
1730 1488 1809 1589 per
1841 1449 1894 1548 le·

440 1632 566 1737 gatos
602 1595 943 1713 contenderent,
978 1635 1033 1692 ne
1070 1592 1330 1693 invitissima
1372 1591 1497 1692 omni
1532 1591 1726 1691 civitate.
1748 1628 1894 1691 contra

442 1749 533 1869 ejus
568 1735 812 1836 libertatem
849 1773 892 1836 et
934 1737 1198 1878 dignitatem
1234 1776 1378 1838 arcem
1422 1733 1694 1836 exaedificari
1729 1764 1892 1875 pate're-

413 1917 549 1998 tur,
584 1882 817 2021 impetrare
854 1920 1104 2021 numquam
1139 1917 1404 2020 potuerunt.
1759 2006 1769 2009 ,Α

447 2086 452 2092 -
515 2035 583 2123 ΙΙΙ.
657 2037 763 2144 Quo
806 2025 939 2164 igitur
980 2016 1178 2164 tempore
1222 2062 1299 2123 arx
1333 2017 1683 2142 aedificabatur,
1729 2057 1888 2123 auctore

445 2165 624 2305 Jacobo
660 2169 923 2286 Mendoza‚
968 2169 1047 2308 qui
1083 2181 1261 2286 Roma,
1296 2163 1376 2265 ubi
1401 2165 1561 2268 Caroli
1606 2168 1804 2268 Caesaris
1836 2170 1891 2266 le-

446 2311 628 2451 gatione
663 2314 778 2449 apud
815 2310 1074 2412 Pontificem
1109 2305 1401 2452 fungebatur,
1428 2324 1555 2410 Senas
1591 2312 1789 2440 ejusdem
1816 2321 1892 2409 Ca-

448 2454 534 2552 roli
571 2454 795 2553 voluntate
832 2455 887 2553 ad
924 2457 1129 2556 sedandas
1171 2454 1406 2553 seditiones
1443 2490 1623 2554 venerat
1655 2531 1670 2572 ‚
1705 2468 1892 2554 Senenses

447 2635 525 2737 per
561 2597 752 2696 occultas
788 2598 1022 2740 legationes
1066 2599 1121 2698 ad
1155 2610 1328 2739 Regem
1363 2598 1587 2698 Gallorum
1622 2637 1756 2739 opem
1795 2637 1890 2695 ora-

448 2772 544 2841 tum
580 2742 765 2842 mittunt
811 2778 959 2843 contra
994 2741 1089 2843 vim
1126 2777 1169 2841 et
1211 2741 1417 2872 injuriam
1453 2741 1604 2842 Caroli
1648 2742 1749 2874 (sic
1782 2741 1893 2842 enim

448 2882 660 3020 ajebant)
695 2921 745 2985 ut
779 2896 867 3017 ejus
904 2887 1068 2987 auxilio
1116 2886 1381 3024 praesidium
1423 2885 1737 2986 Caesarianum
1774 2885 1895 3016 ejice-

450 3062 579 3134 rents
618 3067 696 3127 nec
741 3030 858 3129 enim
895 3028 1199 3173 ignorabant,
1237 3031 1479 3130 Henricum
1521 3069 1672 3130 omnes
1715 3028 1895 3129 occasio

452 3207 526 3266 nes
575 3169 824 3272 molestiam
870 3209 912 3272 et
947 3175 1179 3316 negotium
1222 3172 1459 3274 exhibendi
1507 3173 1672 3275 Carolo
1718 3173 1895 3316 diligen-

452 3344 519 3412 ter
556 3315 742 3455 arripere
783 3319 1091 3426 consuevisse3
1129 3319 1208 3459 qui
1241 3318 1492 3419 Senensium
1530 3316 1781 3457 patrocinio
1817 3355 1896 3415 sus·

453 3493 584 3596 cepto
627 3493 898 3600 opportunos
944 3459 1145 3561 homines
1190 3462 1235 3561 in
1280 3462 1449 3561 Italiam
1492 3500 1595 3561 eum
1636 3459 1826 3602 pecunia
1863 3490 1914 3595 et

452 3603 666 3702 mandatis
703 3607 758 3702 ad
795 3602 997 3704 homines
1034 3606 1342 3704 conducendos
1378 3603 1545 3705 mittit.

524 3755 600 3844 IV.
674 3746 740 3843 Hi
776 3747 912 3888 Regis
949 3748 1195 3847 administri
1236 3784 1278 3850 et
1322 3750 1505 3890 quidam
1550 3789 1601 3848 ex
1625 3745 1902 3865 senensibus,

452 3882 616 4024 quibus
652 3887 802 3986 civitas
840 3890 1007 3992 occulte
1042 3895 1095 3991 de
1132 3889 1202 3991 bis
1233 3888 1360 3993 rebus
1395 3894 1706 4012 mandaverat,
1728 3895 1840 3993 inter
1867 3930 1904 3991 sc

453 4029 692 4149 collocuti,
730 4072 832 4132 cum
869 4035 1061 4136 Nicolao
1095 4036 1277 4134 Petilani
1318 4041 1362 4136 et
1389 4036 1563 4138 duobus
1599 4036 1780 4139 Sanctae
1817 4036 1905 4137 Flo·

452 4209 523 4272 rae
560 4174 811 4276 Comitibus
846 4179 1030 4278 consilia
1064 4180 1425 4302 communicant,
1461 4223 1511 4280 ac
1546 4224 1596 4284 ex
1631 4184 1769 4325 Regis
1803 4178 1903 4278 civi·

450 4317 638 4459 ratisque
673 4322 920 4441 mandatis,
956 4323 1067 4464 quid
1102 4322 1199 4423 fieri
1241 4325 1410 4444 velint,
1448 4329 1714 4427 ostendunt.
1755 4320 1905 4427 Comi·

446 4490 548 4578 tes,
585 4504 784 4606 suscepto
822 4467 1041 4607 negotio,
1079 4479 1268 4569 Romae
1303 4505 1346 4567 et
1391 4471 1556 4570 circum
1602 4511 1652 4569 ea
1696 4471 1797 4571 loca
1833 4506 1910 4608 pe-

444 4601 588 4704 ditum
625 4613 680 4708 ad
722 4653 793 4710 sex
830 4611 966 4711 millia
1011 4643 1054 4713 et
1091 4613 1261 4753 equites
1300 4650 1522 4714 sexcentos
1570 4616 1907 4728 conduxerunt,

435 4782 517 4886 per
551 4788 724 4857 causam
758 4792 909 4894 portus
964 4758 1204 4877 Herculis,
1244 4791 1287 4857 et
1324 4795 1482 4900 porrus
1520 4765 1660 4861 Sancti
1702 4761 1908 4896 Stephon,

1830 4915 1899 5002 Se·
