3998 5850
457 392 704 476 canon
743 391 798 472 v.
840 391 958 472 ιιιι.
996 393 1166 472 xxrx.
1416 381 1504 495 487

91 553 151 659 eis
194 565 304 717 post
352 545 506 651 diebus
540 546 716 665 Maria,
752 546 800 647 id
835 579 931 666 est,
969 546 1176 648 Kalendis
1208 547 1462 679 Octobris,
1488 556 1547 661 ad

91 695 332 842 Regiam,
368 691 441 793 cui
475 730 641 794 nomen
684 726 748 793 est
781 624 1038 810 Vasmeirre
1073 729 1245 793 summa
1279 697 1544 823 'caerimonia

84 880 187 944 tum
224 877 386 982 magna
423 833 663 937 nobilitatis
692 871 737 938 et
772 835 919 940 omnis
954 767 1118 987 ordinis
1122 816 1425 1044 popularium
1450 882 1543 1000 gra

86 983 303 1088 tulatione
338 1016 548 1084 coronata
582 1016 673 1083 est.

155 1136 297 1228 XVII
366 1124 471 1225 His
525 1122 653 1226 rebus
704 1121 941 1268 cognitis,
994 1051 1178 1227 Carolus
1231 1128 1543 1232 Emundanum

84 1266 352 1432 Agamontis
387 1268 618 1370 Comitem
667 1267 905 1434 legatum·
914 1267 970 1369 de
1003 1256 1201 1410 Philippi
1253 1271 1543 1389 matrimonio

80 1413 137 1512 ad
192 1412 385 1523 Mariam
433 1412 655 1554 Reginam
704 1412 842 1515 mittit
891 1410 1099 1513 ineunte
1120 1450 1288 1527 anno,
1327 1414 1407 1555 qui
1457 1410 1544 1516 fuit

81 1551 247 1658 Christi
298 1553 390 1656 nati
441 1555 701 1657 millesimus
727 1554 1100 1698 quingentesimus
1151 1556 1574 1718 quinquagesimus
1568 1597 1666 1674 ’.ιιι
1677 1623 1824 1684 Μ,

81 1733 284 1838 quartusr
325 1736 431 1799 eum
464 1707 554 1830 jam
591 1709 757 1842 Regno
790 1697 1104 1819 confirmato
1145 1699 1452 1803 Britannorum
1488 1744 1549 1804 a·

81 1840 193 1942 nimi
230 1841 373 1981 pacati
408 1879 544 1961 esse,
592 1878 635 1941 et
669 1841 825 1943 nihil
813 1880 861 1942 m
896 1775 1106 1942 Mariani¹
1136 1843 1354 1982 Reginam
1383 1881 1540 1948 motu·

83 1982 122 2083 ri
157 1983 437 2085 viderentur
474 1983 668 2146 Benigne
703 2026 729 2084 a
733 1983 960 2125 Regina,
995 1982 1273 2084 Consiliariis
1301 1984 1537 2148 adhibitis,

79 2126 230 2227 audita
266 2165 327 2227 est
358 2126 509 2230 Caroli
525 2127 718 2228 Caesaris
754 2127 882 2268 legati
883 2168 934 2227 o
931 2160 1098 2269 ,atque
1135 2165 1189 2228 eo
1222 2128 1394 2269 magis,
1413 2132 1538 2271 quod

79 2269 247 2411 legatus
283 2311 336 2372 ex
369 2269 529 2372 liberis
552 2272 703 2373 Caroli
754 2270 971 2370 mandatis
1015 2270 1180 2390 nullam
1231 2271 1545 2384 conditionem&

78 2414 301 2518 recusabat
336 2490 349 2535 ,
384 2414 493 2555 quin
530 2413 666 2515 etiam
702 2414 842 2514 ult'ro
864 2452 1026 2574 magna
1079 2410 1393 2554 pollicebatur
1447 2428 1537 2518 Res

82 2552 303 2694 igiturex
337 2556 532 2658 Consilii
569 2555 735 2697 publici
771 2558 982 2658 sententia
1019 2591 1066 2656 et
1104 2557 1299 2696 Reginae
1333 2557 1536 2659 volunta-

78 2728 124 2795 te
159 2698 402 2818 convenit,
432 2698 505 2798 his
533 2698 812 2838 potissimum
848 2694 1209 2798 conditionibus:
1248 2775 1278 2858 '.’
1294 2707 1360 2798 Ut
1395 2740 1446 2801 er
1481 2700 1541 2799 li·-

75 2913 109 2958 „
134 2835 297 2960 beris,
338 2840 420 2980 qui
473 2837 650 2941 fuissent
698 2881 752 2941 eo
806 2839 1105 2943 matrimonio
1128 2838 1343 3001 quaesiti,
1392 2839 1533 3003 Belgii

80 3054 114 3100 „
128 2917 349 3122 quidqtiid
393 2983 538 3083 estin
591 2983 762 3084 ditione
796 2982 991 3112 Caroli,
1035 2982 1090 3080 ad
1124 2979 1370 3082 maximum
1426 2998 1542 3084 natu-

82 3196 116 3242 „
129 3121 365 3226 hereditate
417 3124 730 3266 perveniret:
785 3123 939 3288 nequis
1010 3157 1284 3225 externorum
1352 3120 1541 3263 publico

74 3266 336 3384 „Consilio
381 3269 436 3368 de
484 3267 606 3376 rebus
653 3265 912 3416 Britannicis
950 3263 1296 3383 adhiberetur,
1347 3264 1531 3366 necuive

75 3409 351 3547 „publicum
386 3449 592 3532 munus,
630 3445 706 3511 aut
742 3404 1033 3512 ministerium
1068 3408 1116 3508 in
1151 3407 1248 3508 aula
1298 3409 1545 3510 mandare·

76 3625 109 3670 „
126 3586 243 3661 turs
297 3592 353 3654 ne
387 3554 560 3717 Regina
595 3593 839 3717 umquam
854 3554 902 3653 in
925 3550 1186 3716 Hispaniam
1234 3546 1442 3650 aliumve
1458 3550 1541 3651 lo-·

76 3768 110 3811 „
129 3733 232 3795 eum
267 3733 387 3798 extra
422 3697 725 3818 Britanniam,
758 3696 844 3798 nist
828 3692 1039 3798 forte
1024 3732 1119 3836 rpsa
1152 3692 1327 3796 volente
1362 3727 1406 3792 et
1440 3730 1530 3833 po

74 3909 109 3954 ,‚
126 3875 303 3962 scente,
338 3843 618 3944 educeretur
638 3858 671 3902 “
989 3924 995 3932 .

91 3991 305 4082 XVIII
358 3995 448 4085 De
484 3983 572 4084 hoc
595 3979 902 4087 matrimonio
952 4016 1046 4122 per
1064 3975 1333 4083 Britanniam
1384 4012 1540 4082 sermo

75 4160 179 4222 eum
215 4123 528 4248 increbuisset,
598 4127 749 4231 uidam
785 4163 1059 4271 procerum,
1096 4162 1193 4226 tum
1229 4122 1368 4284 gentis
1404 4158 1529 4221 com

75 4267 203 4367 muni
239 4267 380 4388 vitio,
415 4310 529 4411 quae
563 4168 665 4374 lere
689 4273 746 4375 ab
783 4307 1065 4373 externorum
1100 4264 1411 4369 consuetudine
1453 4302 1528 4362 so-

75 4407 135 4506 let
160 4408 428 4511 abhorrere
435 4450 580 4534 ,tum
614 4413 781 4522 novae
809 4413 1047 4556 religionis
1087 4450 1212 4511 causa
1251 4443 1414 4548 suaque
1449 4442 1533 4513 cue

73 4549 266 4713 piditate
297 4490 490 4657 iuducii
524 4556 782 4659 tumultuari
808 4589 1103 4696 coeperunt,
1136 4556 1191 4654 ne
1227 4553 1366 4653 rebus
1387 4547 1542 4654 lisele-r

75 4694 285 4827 asseritis
275 4698 486 4843 ,spiras
471 4699 553 4804 in
574 4698 830 4806 Britanniae¹
846 4699 919 4811 ab
943 4697 1151 4800 Ecclesia
1163 4693 1436 4800 Catholica
1431 4694 1542 4928 dfe-i

1489 4869 1537 4928 ς.
