3998 5850
444 419 536 512 434
759 463 760 467 κ
856 407 940 492 DE
983 405 1190 490 REBUS
1238 404 1497 491 Gusrrs·

404 577 543 679 rianas
578 568 726 710 copias
761 601 982 708 augeret,
1020 563 1145 709 quod
1180 565 1347 666 Carolo
1384 602 1478 664 non
1499 560 1742 708 ingratum
1778 557 1880 667 fore

406 715 673 860 reputabat,
702 712 1051 816 animadvertens
1075 705 1322 815 'Alberrum
1359 709 1408 810 in
1443 709 1599 810 eadem
1633 748 1722 813 esse
1770 739 1876 811 ca'u·

408 880 496 982 sa,
532 899 621 1002 qua
663 851 823 987 fuisset*
847 854 1135 976 Mauricius,
1174 853 1250 955 cui
1294 853 1479 960 Carolus
1512 854 1691 957 veniam
1728 854 1877 955 dedis-

409 1043 518 1123 set,
557 1041 606 1108 ut
648 1000 890 1145 expeditius.
933 998 1109 1129 injurias
1159 997 1296 1140 Regis
1352 997 1472 1100 bello
1518 1036 1880 1143 persequeretur.

409 1150 482 1254 Ad
531 1186 628 1252 eam
671 1184 767 1250 rern,
809 1141 1132 1246 conficiendam
1176 1142 1368 1246 Nassavi
1408 1145 1667 1265 Comitem,
1713 1142 1882 1286 quiin

412 1293 557 1395 castris
603 1293 799 1408 aderat,
853 1287 1004 1389 virum
1056 1314 1244 1428 magnae
1287 1287 1555 1390 auctoritatis
1605 1322 1650 1390 et
1706 1284 1885 1389 Alberti

331 1555 346 1570 ..
413 1438 644 1558 amicum,
676 1469 979 1575 opportunum
1016 1473 1103 1534 esse
1139 1431 1364 1564 judicans,
1404 1432 1447 1533 ei
1483 1431 1714 1574 negotium
1749 1470 1887 1532 man-

414 1584 521 1682 dat.
561 1577 633 1678 Ab
671 1576 756 1677 boc
795 1616 871 1718 per
909 1577 1090 1677 nuntios
1125 1611 1172 1676 et
1207 1576 1370 1677 litteras
1406 1575 1609 1677 Albertus
1647 1578 1704 1677 de
1744 1571 1889 1676 Alba-

414 1725 463 1826 'ni
499 1724 727 1827 voluntate¹
768 1720 927 1822 certior
960 1715 1152 1840 factus,
1190 1714 1317 1821 facile
1354 1719 1621 1841 adducitur,
1657 1755 1710 1821 ut
1754 1754 1889 1860 opta-

384 1904 513 1998 ‚tam
555 1868 833 1972 occasionem
883 1864 938 1968 in'
969 1900 1167 1965 veterem
1216 1865 1409 2006 gratiam
1440 1905 1548 1968 curn
1580 1862 1751 1967 Carolo
1785 1864 1888 1965 red·

416 2010 557 2114 ‘eundi
592 2007 680 2114 sibi
725 2009 1088 2153 praetereundam
1128 2046 1221 2110 non
1266 2043 1465 2148 putarets
1501 2009 1655 2152 itaque
1686 2046 1769 2151 per
1794 2006 1883 2148 epi·

418 2155 580 2257 stolam
614 2152 773 2298 gratias
810 2153 903 2295 agit
936 2151 1158 2271 Alban0,
1197 2187 1335 2292 utque
1382 2153 1613 2293 negotium
1649 2152 1886 2294 suscipiat,

420 2320 552 2438 seque.
589 2298 654 2426 in¹
675 2298 827 2401 Caroli
863 2315 1054 2400 veterem
1090 2295 1281 2437 gratiam
1313 2295 1536 2416 restituat,
1567 2329 1890 2439 comprecatur}

421 2442 549 2582 quod
582 2437 777 2541 Albanus
813 2480 839 2539 a
868 2441 1040 2543 'Carolo
1056 2516 1083 2575 ‚,
1109 2437 1191 2580 qui
1224 2472 1343 2540 totus
1378 2476 1523 2541 mente
1560 2477 1604 2542 et
1641 2439 1794 2542 studio
1827 2437 1877 2537 in

296 2671 300 2673 ,
419 2582 596 2688 bellum.
629 2584 849 2689 Gallicum
866 2602 868 2607 ’
885 2582 1148 2717 insistebat,
1185 2583 1380 2684 nonita
1419 2622 1550 2727 aegre
1595 2586 1650 2684 ad
1686 2584 1886 2724 Volque-

425 2767 530 2831 nam
573 2725 887 2873 Lotharingiae
931 2726 1154 2828 castellum
1194 2726 1479 2871 impetravit.
1522 2738 1628 2829 Huc
1674 2727 1797 2828 eninr
1834 2764 1886 2824 er

424 2871 655 2972 Landavio
693 2910 924 3012 progresso.
957 2869 1120 2971 Carolo
1174 2868 1405 2991 Albanus,
1446 2905 1742 3014 posteaquam
1792 2876 1887 2969 Me-

421 3014 510 3111 ‘tim
548 3015 636 3117 loci
668 3051 865 3117 naturam
903 3013 1209 3115 considerandi
1236 3011 1391 3157 gratia
1409 3055 1513 3117 cum
1549 3014 1766 3157 expeditis
1792 3052 1887 3152 pro

428 3192 604 3257 cesserat
634 3232 653 3275 ,
695 3194 870 3300 praesto
912 3150 999 3259 fuit
1032 3233 1050 3282 ,
1092 3194 1137 3259 ct
1182 3159 1362 3263 consilia
1403 3159 1459 3260 de
1500 3157 1630 3262 rebus
1677 3156 1888 3262 ‘omnibus

428 3337 782 3405 communicavit
799 3377 816 3405 .,

502 3452 637 3544 XLII.
713 3443 798 3549 His
835 3441 961 3544 rebus
997 3445 1248 3548 constitutis
1282 3446 1464 3550 Carolus
1495 3525 1513 3568 ,
1543 3490 1679 3591 quern
1714 3443 1893 3549 morbus

357 3613 358 3617 ‘
429 3584 705 3707 articularis,
741 3623 791 3688 ut
825 3584 1070 3729 frequenter
1105 3587 1298 3711 solebat,
1333 3592 1584 3715 invaserat,
1611 3592 1896 3696 Teunvillam

426 3727 743 3871 vLotharingiae
789 3732 1096 3872 permunitum
1146 3735 1366 3875 oppidum
1413 3777 1439 3836 a
1488 3738 1608 3839 Meti
1657 3737 1896 3839 duodecim

432 3869 603 3978 circiter
635 3873 777 3977 millia
808 3915 1014 4018 passuum
1048 3918 1138 3978 sese.
1172 3917 1279 3980 cum
1313 3881 1464 4020 paucis.
1481 3881 1691 4024 recipit,
1717 3881 1897 3982 dimisso

432 4012 638 4136 Albano,
658 4051 701 4117 et
724 4057 872 4122 rerum
909 4020 1116 4124 omniurn
1139 4060 1226 4163 pro.
1259 4063 1334 4125 sua
1360 4023 1451 4127 fide
1485 4061 1528 4126 et
1558 4026 1800 4167 prudentia
1829 4061 1900 4123 cu-

433 4196 527 4260 ram
563 4158 725 4266 habere
757 4172 876 4294 jusso
891 4241 908 4267 ,ι
942 4162 1137 4266 Albanus
1173 4207 1282 4271 cunr
1314 4167 1494 4308 reliquis
1519 4169 1664 4312 copiis.
1698 4171 1748 4271 in
1767 4201 1904 4271 castra.

433 4305 639 4426 revertit,
659 4305 902 4449 litterisque
934 4345 978 4408 et
1014 4309 1182 4411 nuntiis
1214 4311 1271 4414 ad
1301 4309 1541 4414 Alberrum
1584 4312 1735 4414 missis
1768 4348 1905 4453 atque

427 4448 646 4571 remissis,
667 4487 736 4554 res.
767 4451 832 4552 ita.
862 4454 1107 4578 convenit,
1128 4492 1184 4556 ut:
1215 4445 1499 4598 superiorum¹
1525 4458 1752 4561 malorum.
1778 4453 1908 4557 oblit-

428 4614 567 4688 terata
604 4596 852 4716 memoria,
884 4595 1227 4705 rubertus-cum
1260 4592 1432 4704 suisin
1461 4628 1604 4703 ¹castra
1646 4601 1908 4707 Caesariana

431 4732 664 4858 transiret,
703 4773 745 4839 et
782 4740 998 4885 stipendia
1022 4781 1219 4849 'mereret
1234 4768 1252 4847 .'
1284 4755 1431 4883 Hujus
1467 4745 1643 4851 consilii
1685 4787 1800 4850 suos>
1836 4742 1907 4844 nl-

1807 4888 1905 4993 ber⁴
