4192 5858
504 450 756 534 cruori
798 384 850 536 u.
896 456 1013 536 rra.
1046 458 1221 540 xxm.
1454 479 1548 566 '241

127 607 193 715 nii
228 607 610 731 instrumentum,
646 613 770 752 quod
807 609 986 712 tabellio
1021 650 1160 750 paene
1210 615 1461 720 confectum
1511 624 1588 722 ad⁴

124 760 344 878 duxerat,
380 759 606 888 ejusdem,
643 795 697 854 ac
730 753 1081 892 Methymncnsis
1116 760 1289 886 Ducis,
1322 799 1366 861 et
1400 762 1584 904 Episco⁴
1699 839 1701 842 -

122 905 174 1045 pi
210 834 561 1044 Cartliaginensis
596 937 734 1004 manu
784 898 1073 1044 subscriptum
1100 905 1347 1091 postulavit
1397 910 1582 1050 accepit·

122 1087 242 1187 que.

194 1196 299 1292 XV
378 1185 465 1290 His
501 1191 716 1332 peractis,
752 1192 951 1297 Lusitani
986 1194 1232 1314 reversuri,
1266 1195 1442 1316 Maria,
1472 1197 1580 1300 dum

121 1331 246 1435 abire
297 1368 453 1476 parat,
488 1338 738 1479 suppliciter
788 1340 1001 1459 salutata,
1036 1374 1139 1438 cum
1174 1352 1300 1440 Duce
1351 1339 1578 1483 Brigantio
1712 1365 1715 1375 “

125 1479 232 1579 citra
293 1512 477 1620 pontem
524 1483 763 1591 resistunt3
797 1483 890 1623 ipsa
940 1520 1138 1623 pontem
1174 1519 1464 1626 transgressa,
1498 1493 1579 1586 Pa
1613 1492 1614 1496 ‘

123 1661 224 1722 cem
258 1626 506 1764 Augustam
541 1623 630 1724 hoc
679 1626 832 1725 ordine
881 1628 1131 1767 procedit:
1171 1628 1278 1728 latus
1327 1640 1417 1761 ejus
1468 1630 1580 1731 sini⁴
1613 1678 1616 1686 ’

124 1801 268 1930 strum
317 1777 421 1866 Dux
473 1765 824 1903 Methymnensis
879 1771 1107 1872 claudebat
1152 1771 1428 1913 ,proximus
1477 1808 1579 1874 ante

121 1907 268 2051 ipsam
304 1905 508 2011 Pontifex
554 1911 904 2054 Carthaginensis
966 1849 1244 2034 incedebit,
1279 1914 1445 2017 hinc
1432 1954 1579 2056 1psum

124 2093 379 2155 oeconomo
416 2054 581 2158 Mariae
617 2057 866 2196 Principis,
903 2057 1024 2159 illinc
1073 1993 1304 2159 Ludovico
1352 2073 1579 2161 Sarmento

124 2199 415 2340 stipantibus,
453 2199 533 2340 qui
569 2200 820 2302 Ludovicus
859 2202 914 2300 de
948 2202 1224 2302 matrimonii
1274 2205 1454 2345 negotio
1490 2212 1578 2304 Le

123 2379 251 2486 gatus
286 2345 343 2444 ad
379 2349 608 2482 Joannem
642 2356 815 2487 Regem
864 2344 1012 2446 missus
1062 2340 1200 2446 firerat
1236 2386 1262 2446 a
1297 2347 1497 2448 Carolo·
1489 2413 1503 2454 >
1534 2386 1578 2449 et

124 2526 229 2589 cum
264 2495 358 2620 jure
407 2524 571 2589 ceteros
619 2527 810 2610 omnes,
845 2490 988 2590 donec
1040 2490 1097 2590 ad
1131 2487 1384 2632 Philippum
1435 2489 1581 2594 venis⁴

125 2669 220 2752 set,
260 2630 420 2734 anteire
456 2668 580 2774 posse
615 2566 870 2742 viderettir3
906 2667 1052 2735 tamen
1085 2671 1142 2732 ne
1177 2671 1224 2734 rn
1261 2670 1379 2735 tanta
1428 2673 1579 2779 novo

123 2815 225 2878 rum
260 2786 529 2919 Legatorum
568 2775 814 2879 ambitione
861 2777 1058 2920 primum
1107 2776 1283 2877 locums
1306 2768 1570 2939 occuparet,

127 2959 182 3021 eo
218 2921 290 3022 die
333 2961 377 3021 se
425 2919 656 3063 legationis
705 2960 886 3022 munere
934 2919 1236 3022 abdicaverat.
1288 2922 1580 3023 Proximusa

123 3097 252 3208 tergo
286 3064 667 3207 Ulyssipponensis
707 3065 1069 3209 Archiepiscopus
1119 3066 1314 3168 Mariam
1364 3060 1579 3207 sequeba-

124 3241 227 3327 tur,
264 3250 379 3352 quae
413 3248 575 3376 magna
622 3246 840 3354 praeterea
888 3206 1136 3351 frequentia
1170 3208 1290 3310 Cleri
1291 3207 1580 3370 populique

125 3286 306 3455 obviam
358 3356 575 3497 progressi
623 3393 848 3497 excepta,
899 3356 946 3455 in
1012 3352 1170 3455 urbem
1223 3351 1361 3453 serico
1414 3351 1579 3452 velatio

125 3499 292 3661 (palium
328 3498 485 3641 vulgus
519 3499 757 3634 nominat)
793 3500 917 3640 quod
949 3510 1170 3599 Senatores
1203 3495 1454 3656 purpurati
1480 3531 1582 3633 per⁴
1672 3495 1677 3502 ’

126 3642 220 3741 ticis
270 3643 601 3764 sustentabant,
638 3678 932 3784 contegente,
968 3640 1235 3760 inducitur,
1268 3653 1393 3741 Duce
1442 3638 1583 3738 inter-

125 3786 241 3887 vallo
278 3786 438 3908 brevi,
470 3822 586 3891 extra
621 3788 837 3889 velarium
874 3821 1065 3905 tamen,
1102 3786 1412 3901 antecedente

192 3940 314 4031 XVI.
378 3931 530 4033 Paucis
567 3932 719 4034 diebus
753 3931 828 4032 ad
845 3941 1001 4033 Pacem
1035 3938 1281 4072 Augustam
1317 3931 1427 4029 dum
1463 3959 1584 4025 com

123 4106 326 4175 moratur
359 4078 534 4196 Maria,
571 4086 840 4240 Legatorum
876 4110 1123 4218 composrta
1156 4070 1454 4174 controversia
1492 4104 1581 4166 est

122 4233 229 4322 Dux
267 4219 384 4319 enim
419 4255 573 4361 sponte
609 4260 684 4320 sua
720 4222 868 4361 primo
903 4219 1001 4321 loco
1035 4214 1398 4358 Ulyssipponensi
1432 4210 1589 4311 Ponti

124 4363 202 4462 fici
237 4364 392 4467 cessit
445 4372 570 4464 Nam
606 4366 894 4480 Caravallus,
929 4361 1161 4460 simulato
1186 4357 1386 4478 morbo,
1420 4356 1477 4459 ad
1512 4353 1590 4454 El-

128 4546 202 4607 ves
237 4509 476 4610 restiterat.
531 4510 651 4609 Hinc
686 4506 834 4608 Maria
870 4544 1039 4648 magno
1091 4503 1306 4607 comitatu
1358 4497 1594 4603 Salmanti

126 4687 227 4751 cam
262 4653 580 4792 proficiscitur
638 4653 728 4751 Hic
764 4650 884 4751 enim
932 4650 1053 4749 locus
1107 4643 1315 4750 faciendis
1370 4641 1593 4746 celebran-

125 4793 285 4936 disque
334 4798 501 4940 nuptiis
538 4797 775 4905 destinatus
826 4831 953 4917 etat,
987 4831 1029 4900 et
1065 4831 1143 4937 per
1180 4789 1599 4960 Alburquetquium

201 4939 317 5050 Tum.
336 4951 392 5045 Il.
1100 4935 1205 5042 Hb
1443 4963 1603 5070 oppl

1257 5180 1265 5252 i
