4034 5858
478 509 516 559 to
533 485 642 557 tradi.
675 491 705 557 1.
727 505 804 581 357.
832 489 871 555 In
897 483 1138 583 Carthaginen-

477 612 545 660 sem
572 605 709 681 portum
745 608 823 656 curn
863 584 1012 655 universa
1041 587 1141 655 classe

477 684 685 784 ingreditur.
706 693 734 756 Ι.
755 708 833 780 357.
861 684 929 755 Vix
947 684 1028 754 dum
1043 682 1141 756 dimi-

478 786 533 856 dia
549 805 640 882 parte
656 786 819 882 peditatus
835 785 1002 881 exposita,
1017 784 1052 855 in
1070 803 1142 855 ter·

477 910 548 958 ram
570 883 758 957 descendit.
779 890 808 956 Ι.
829 905 908 979 357.
933 885 1028 955 Vasti
1046 886 1141 956 Mar·

406 1002 409 1008 '
476 985 628 1057 ebionem
642 1010 705 1070 ,111
724 986 864 1081 Hispani
878 1004 1000 1055 temere
1015 1007 1141 1082 vagen-

477 1104 565 1166 tur,
592 1108 706 1156 curate
728 1086 846 1175 jubet.
871 1090 900 1154 I.
922 1105 999 1180 357.
1028 1082 1142 1152 Vesti-

476 1203 516 1253 tu
558 1203 593 1254 et
618 1206 784 1256 armatura
816 1209 936 1281 parum
962 1183 1142 1254 abhorrens

475 1310 496 1355 a
520 1287 693 1356 communi
716 1305 749 1354 et
771 1285 904 1356 militari
932 1284 966 1354 in
994 1284 1142 1354 Germa·

477 1407 538 1456 nos
550 1435 561 1468 ,
586 1409 732 1478 quorum
761 1385 919 1456 sermonis
939 1384 1140 1454 nonnullum

479 1507 574 1554 usum
599 1485 731 1568 habet,
759 1506 933 1555 curaturus
957 1484 1142 1580 imperatu·

479 1607 602 1676 rusque
642 1582 839 1654 contendit.
868 1589 897 1653 Ι.
926 1606 1003 1675 357.
1047 1580 1141 1653 Mili·

478 1701 549 1752 tem
580 1683 830 1753 Germanorum
870 1685 971 1779 paulo
1010 1681 1142 1777 longius

479 1778 694 1852 excedentem
712 1782 919 1877 conspicatus
938 1782 972 1853 in
993 1781 1143 1851 111111111-

479 1901 529 1951 111
546 1881 670 1952 infensa
692 1881 879 1953 invehitur.
904 1885 933 1951 Ι.
964 1880 1046 1974 358.
1074 1882 1144 1950 Εο·

478 1978 557 2050 dem
592 1980 696 2050 milite
722 1982 930 2080 scloppetum
965 1981 999 2050 in
1033 1985 1144 2050 Caro-

477 2081 550 2151 lum
572 2078 976 2175 intendente,'inopinati
1007 2076 1144 2176 periculi

478 2179 600 2249 timore
624 2181 790 2277 perculsus
815 2181 849 2253 in
867 2182 1077 2252 Germanum
1094 2177 1143 2247 in·

478 2279 627 2349 vehitur.
661 2283 690 2349 Ι.
722 2281 800 2374 358.
832 2277 957 2351 Petenti
988 2278 1141 2351 dextram

478 2377 558 2459 dat3
581 2375 639 2448 sed
658 2401 737 2448 eum
765 2379 857 2476 gravi
883 2401 1036 2474 responso
1048 2382 1143 2449 co'e‘r-

478 2498 556 2548 cet.
585 2482 613 2546 Ι.
635 2497 714 2570 359.
741 2479 865 2548 Stativa
882 2477 1003 2549 habere
1018 2477 1143 2548 consti·

476 2578 567 2661 tuit,
581 2573 663 2647 dum
683 2576 764 2672 equi
775 2596 1002 2673 exponuntur.
1018 2583 1046 2647 1.
1063 2581 1142 2670 360.

476 2675 674 2750 Nomadum
689 2698 722 2746 et
739 2680 932 2748 Turcarum
947 2680 1017 2747 non
1040 2700 1141 2773 parva

476 2800 580 2848 manu
596 2777 761 2873 Hispanos
770 2779 958 2861 lacessente,
975 2797 1142 2847 veteranas

475 2877 640 2973 Hispanas
662 2876 814 2948 cohortes
841 2901 875 2949 se
905 2877 998 2971 sequi
1020 2876 1140 2966 jubet,

475 2973 666 3074 fugatisque
693 2975 842 3046 hostibus
859 2977 970 3072 copias
986 2976 1019 3043 in
1036 2994 1139 3046 castra

475 3074 624 3146 reducit.
643 3081 672 3144 l.
693 3077 771 3168 360.
795 3081 835 3145 In
854 3076 958 3144 altero
976 3074 1140 3145 1011011-

475 3171 677 3272 rhaginensis
706 3173 783 3243 vico
811 3173 977 3246 considet.
1002 3179 1030 3243 Ι.
1058 3177 1138 3275 361.

475 3271 609 3344 Hazeni
642 3272 823 3343 exercitum
856 3293 904 3343 et·
921 3293 1137 3358 commeatus,

475 3395 562 3466 quos
594 3372 760 3468 pollicitus
788 3370 914 3459 fuerat,
935 3372 1053 3444 frustra
1076 3394 1138 3443 ex-

475 3490 627 3567 spectat.
666 3475 695 3541 Ι.
727 3475 806 3565 361.
845 3471 1011 3570 Expositis
1044 3472 1139 3564 equis

476 3571 637 3641 nonnulla
656 3571 776 3667 praelia
793 3569 894 3642 facit.
912 3579 940 3643 Ι.
961 3575 1038 3665 366.
1056 3577 1157 3649 Cer·v

475 3669 602 3740 camina
620 3667 686 3740 fere
715 3671 829 3741 omnia
852 3694 911 3766 per
932 3695 964 3743 se
986 3670 1061 3741 obit
1088 3670 1139 3739 in-

475 3768 609 3864 trepido
628 3769 761 3839 animo.
786 3775 815 3839 Ι.
843 3775 925 3863 366.
958 3768 1137 3842 Africano·

473 3891 551 3939 rum
568 3869 722 3962 equitum
750 3871 877 3964 praeliis
900 3869 1060 3941 abstinere
1071 3888 1137 3940 sta-

473 3968 564 4051 tuit,
592 3986 625 4038 et
663 3972 779 4062 nequis
800 3969 923 4058 injussu
955 3995 1015 4040 suo
1040 3991 1137 4067 prae-

472 4065 577 4139 liandi
597 4068 740 4166 gratiae
764 4070 876 4139 castris
897 4068 1058 4154 excedat,
1083 4067 1137 4138 in-

472 4167 629 4240 terdicit.
664 4171 694 4237 Ι.
732 4169 811 4262 368.
851 4168 1012 4238 Goletam
1058 4185 1136 4238 ante

474 4269 589 4340 omnia
619 4265 883 4367 oppugnandam
923 4265 1069 4337 statuit.
1104 4267 1134 4338 1.

479 4376 559 4462 369.
597 4369 711 4440 Primo
752 4367 805 4439 die
832 4368 992 4440 Goletam
1020 4389 1135 4463 capere

475 4487 606 4564 potest.
629 4475 658 4538 Ι.
675 4492 750 4562 370.
773 4467 891 4539 Unum
915 4469 1041 4538 vallum
1067 4468 1136 4538 Hi·

473 4566 580 4663 spanis
605 4591 623 4636 a
647 4569 753 4653 mari,
771 4571 911 4640 alterurn
936 4568 1027 4641 Italis
1045 4592 1064 4637 a
1081 4591 1136 4663 pa·

472 4666 553 4739 lude
572 4667 786 4739 excitandum
813 4669 970 4740 mandat.
999 4672 1028 4736 Ι.
1056 4690 1134 4762 370.

471 4769 586 4840 Fretus
608 4790 676 4836 non
702 4766 806 4837 modo
831 4770 953 4839 virtute
982 4790 1132 4853 suorum,

470 4867 529 4942 sed
546 4867 657 4939 multo
681 4865 783 4941 etiam
794 4868 896 4966 magis
913 4889 978 4966 ope
992 4867 1131 4956 Divina,

1505 383 1608 454 CAR

1245 501 1380 566 cuncta,
1392 474 1737 576 quaeoppugnationi
1749 476 1826 547 usui
1832 495 1925 564 sunt,

1246 585 1424 683 diligenter
1444 597 1641 676 comparat.
1664 582 1694 648 Ι.
1725 598 1807 671 371.
1833 585 1920 649 Poe-

1246 709 1330 758 num
1354 679 1535 777 quemdam
1561 700 1579 748 a
1609 676 1811 749 Charadino
1832 679 1915 752 clam

1247 785 1383 857 missum
1407 775 1745 877 explorandicausa,
1767 778 1915 870 quamvis

1248 906 1438 982 suspectum
1452 880 1580 962 hab'et,
1605 877 1712 973 copiis
1728 896 1851 947 tamen
1875 904 1913 948 o·

1248 985 1382 1056 mnibus
1398 983 1433 1053 in
1461 980 1567 1052 aciem
1593 976 1724 1048 eductis
1745 997 1917 1049 ostentan-

1248 1084 1284 1155 di
1307 1082 1440 1183 gratia,
1460 1103 1538 1150 eum
1567 1076 1781 1149 circumduci
1815 1079 1920 1168 jubet,

1246 1203 1280 1253 et
1312 1183 1405 1280 gravi
1427 1201 1582 1276 responso
1608 1177 1845 1271 mandatisque
1867 1203 1921 1249 co·

1246 1285 1388 1354 ercitum
1415 1279 1580 1350 dimittit.
1611 1284 1640 1347 I.
1672 1302 1754 1372 372.
1791 1285 1918 1349 Pauco-

1246 1407 1321 1456 rum
1338 1380 1506 1453 licentiam
1529 1403 1548 1447 e
1565 1377 1677 1449 castris
1696 1377 1744 1448 ad
1760 1378 1919 1474 praelian-

1247 1482 1334 1554 dum
1376 1478 1607 1552 excedentium
1648 1480 1756 1574 paulo
1806 1477 1918 1550 durius

1246 1582 1427 1678 objurgat.
1470 1586 1499 1650 1.
1545 1582 1623 1671 376.
1670 1577 1914 1651 Mondexarem

1246 1683 1479 1756 Marcbionem
1500 1700 1712 1775 praecurrere
1744 1679 1863 1768 jubet,
1885 1697 1916 1752 et

1245 1781 1281 1853 id
1311 1779 1453 1851 maxime
1472 1801 1614 1860 curare,
1633 1796 1673 1847 ut
1705 1777 1821 1850 hostes
1847 1797 1914 1849 tor·

1246 1881 1365 1954 mentis
1383 1899 1504 1953 exuat.
1533 1883 1562 1949 1.
1594 1899 1671 1971 377.
1695 1885 1798 1950 Parte
1824 1877 1916 1975 pedi·

1244 2000 1334 2053 tatus
1353 2001 1385 2050 se
1409 1978 1563 2073 subsequi
1576 1979 1660 2067 jussa
1679 2026 1691 2061 ,
1721 2001 1804 2049 curn
1825 1980 1914 2073 equi·

1244 2081 1334 2151 tibus
1356 2078 1576 2177 cataphractis
1599 2077 1633 2147 in
1652 2101 1796 2150 suorum
1820 2079 1913 2152 1111111·

1245 2180 1341 2253 dium
1365 2178 1522 2250 advolat.
1558 2184 1587 2249 1.
1611 2179 1690 2272 378.
1727 2178 1913 2276 cataphra-

1244 2300 1317 2353 ctos
1356 2277 1505 2351 districto
1552 2277 1669 2376 gladio
1719 2278 1914 2351 antecedens

1245 2402 1384 2451 suorum
1413 2377 1526 2478 fugam
1557 2377 1721 2461 cohibet,
1739 2378 1911 2471 hostesque

1244 2478 1420 2549 tormentis
1446 2477 1559 2550 exuit.
1591 2484 1624 2548 I.
1662 2476 1739 2571 378.
1773 2483 1806 2549 Α
1833 2481 1914 2549 Fer·

1244 2576 1358 2650 nando
1391 2579 1559 2650 Alarcone
1593 2576 1789 2673 supplicibus
1826 2576 1910 2668 qui-

1244 2678 1347 2763 dem,
1373 2677 1430 2749 sed
1452 2698 1563 2748 tamen
1583 2675 1783 2774 gravissimis
1805 2675 1909 2748 verbis

1243 2777 1464 2862 admonetur,
1482 2801 1523 2848 ne
1546 2795 1616 2847 tam
1629 2799 1784 2875 praeceps
1799 2775 1832 2845 in
1848 2796 1904 2870 711·

1242 2877 1348 2950 ricula
1370 2895 1461 2948 ruat.
1494 2884 1522 2947 Ι.
1553 2878 1634 2969 378.
1664 2879 1842 2949 Hazenum
1863 2872 1906 2949 111

1242 2999 1274 3046 se
1286 2976 1470 3047 venientem
1490 2977 1635 3047 comiter
1648 2977 1796 3072 excipit,
1813 2996 1845 3045 et
1860 2999 1910 3046 so·

1242 3077 1310 3147 cios
1338 3075 1444 3146 sericis
1469 3076 1551 3174 sagis
1579 3075 1773 3147 vestiendos
1796 3095 1909 3146 curat.

1243 3180 1272 3248 1.
1295 3193 1372 3269 379.
1409 3179 1501 3246 Cum
1526 3173 1683 3269 equitatu
1705 3195 1741 3246 et
1768 3177 1909 3247 Germa·

1243 3298 1366 3346 norum
1386 3297 1488 3345 manu
1512 3273 1625 3346 castris
1640 3297 1791 3373 egressus
1808 3272 1910 3345 hostes

1241 3373 1439 3446 turriculam
1466 3392 1702 3473 oppugnantes
1726 3374 1763 3444 111
1799 3371 1907 3473 fugam

1241 3474 1404 3561 conjicit.
1435 3478 1464 3544 Ι.
1487 3475 1565 3567 380.
1592 3472 1829 3570 Hispanorum
1852 3497 1907 3543 co-

1204 3629 1206 3636 ,
1239 3571 1309 3667 pias
1334 3572 1378 3644 ad
1404 3571 1560 3645 inferiora
1583 3591 1691 3643 castra
1716 3571 1907 3644 descendere

1237 3671 1351 3763 jubet.
1379 3676 1408 3741 Ι.
1429 3675 1507 3766 380.
1539 3673 1717 3743 Fernando
1746 3675 1909 3744 Alarcone

1240 3794 1320 3842 cum
1344 3771 1507 3867 praesidio
1526 3771 1570 3842 ab
1591 3770 1746 3843 hostibus
1769 3793 1909 3844 contur-

1240 3869 1347 3953 batis,
1363 3869 1445 3942 dum
1468 3872 1667 3968 pabulatum
1701 3871 1909 3968 procedunt,

1239 3991 1319 4043 cum
1350 3972 1503 4064 equitatu
1543 3971 1690 4042 accurrit
1733 3970 1909 4064 hostesque

1239 4067 1385 4166 repellit.
1420 4075 1450 4141 Ι.
1483 4070 1563 4166 381.
1593 4070 1722 4141 Hostes
1749 4072 1904 4143 Goletam

1238 4187 1369 4240 tuentes
1396 4167 1640 4241 commeatibus
1663 4191 1727 4268 per
1756 4169 1898 4268 paludem

1238 4267 1460 4340 intercludere
1475 4269 1609 4341 statuit.
1633 4274 1664 4340 I.
1695 4270 1777 4365 383.
1808 4271 1897 4340 Alte·

1240 4392 1314 4439 rum
1344 4370 1469 4440 vallum
1499 4367 1580 4468 erigi
1609 4368 1728 4459 jubet.
1765 4374 1793 4439 I.
1820 4368 1899 4462 383.

1239 4468 1363 4567 Milites
1385 4469 1567 4567 generatim
1585 4467 1656 4540 adit
1670 4519 1682 4554 ,
1696 4489 1730 4540 et
1756 4492 1815 4566 pro
1843 4489 1906 4540 sua

1237 4590 1390 4661 quosque
1412 4588 1532 4640 natura
1548 4569 1591 4641 ad
1608 4587 1749 4641 strenue
1761 4591 1907 4668 pugnari·

1237 4666 1321 4739 dum
1338 4665 1552 4740 adhortatur.
1576 4675 1604 4741 Ι.
1624 4671 1669 4764 38
1676 4694 1708 4765 3.
1720 4669 1905 4743 Praemium

1236 4767 1396 4865 proponit
1418 4767 1494 4853 his,
1516 4770 1575 4864 qui
1596 4772 1755 4866 primus,
1782 4771 1842 4866 qui
1856 4791 1906 4839 se-

1235 4869 1396 4953 cundus,
1420 4870 1480 4966 qui
1503 4869 1619 4944 tertius
1639 4870 1781 4948 hostiles
1804 4868 1906 4945 muni·

1836 4989 1901 5047 810·
