4170 5866
581 437 822 518 cauom
863 434 916 514 u.
956 434 1074 514 rra.
1117 441 1237 517 xxr.
1518 449 1598 542 173

172 597 339 704 civitas
375 590 520 698 omnis
572 631 814 733 omnesque
862 587 1067 707 ordines,
1103 588 1286 709 Clerus,
1331 586 1668 737 Magistratus,

168 746 430 862 nobilitas,
469 774 511 839 et
546 775 777 877 tamquam
819 734 866 834 in
915 733 1061 836 classes
1109 772 1213 833 cum
1248 735 1413 839 vexillis
1465 779 1645 880 praece-

167 888 393 995 dentibus
429 881 577 1025 partiti
615 879 844 1022 populares
881 874 1064 979 obviam
1094 878 1438 1018 processissent,
1475 884 1647 1029 Philip·
1709 919 1716 934 “
1846 874 1850 882 ’

178 1073 274 1176 pus
310 1030 450 1129 multo
487 1035 579 1156 jam
615 1026 686 1124 die
723 1065 842 1164 equo
884 1022 932 1123 in
981 1019 1140 1123 urbem
1181 1021 1438 1146 invehitur,
1482 1031 1649 1131 velatio

179 1178 378 1311 (pallium
414 1171 573 1312 vulgus
610 1169 851 1304 nominat)
887 1200 1188 1328 contegente,
1219 1166 1461 1311 primisque
1496 1175 1651 1315 Magi.
1701 1220 1702 1223 a
1795 1198 1830 1247 q.

171 1314 428 1435 stratibus,
465 1313 545 1454 qui
586 1319 728 1449 jurari
766 1338 991 1413 'vocantur
1025 1389 1040 1430 ,
1075 1321 1365 1445 circumjectis
1402 1393 1418 1435 ,
1453 1356 1648 1456 quorum

38 1568 42 1573 .
167 1463 354 1605 primus
379 1535 404 1579 a.
427 1464 637 1598 caputque
675 1457 847 1575 dictus,
887 1453 1075 1558 habenas
1113 1457 1217 1597 equi
1254 1460 1403 1559 dextra
1445 1460 1620 1565 tenebat
1634 1540 1649 1584 ,

178 1605 321 1707 ceteri
357 1600 570 1703 velarium
607 1600 780 1740 perticis
817 1596 1138 1721 sustentabant,
1175 1637 1218 1700 et
1252 1602 1312 1702 sic
1348 1641 1424 1742 per
1461 1605 1550 1705 uias
1586 1642 1647 1706 ta-

190 1748 367 1891 petibus
404 1781 448 1845 tt
484 1745 640 1845 aulaeis
677 1741 991 1886 praetiosisque
1026 1742 1217 1848 vestibus
1254 1786 1426 1848 ornatas
1467 1750 1650 1853 deduci-

164 1929 256 1994 tur
275 1916 296 1997 .’
1653 1938 1655 1942 ’

258 2046 386 2138 ΧΧΙ.
464 2030 572 2138 Ubi*
595 2068 777 2136 ventum
816 2068 878 2135 est
912 2033 961 2135 in
996 2030 1174 2157 forum,
1198 2033 1424 2179 Philippus
1460 2036 1508 2140 in
1544 2079 1651 2184 sug-

178 2220 360 2324 gestum
396 2197 415 2299 ,'
457 2180 580 2320 quod
629 2216 831 2320 paratum
883 2217 927 2280 et
976 2181 1176 2322 regaliter
1225 2183 1485 2284 adornatum
1534 2221 1650 2305 erat,
1766 2198 1770 2204 ’

174 2323 472 2440 conscendit,
514 2324 773 2465 tamdiuque
820 2323 868 2421 in
923 2324 1040 2423 solio
1081 2325 1269 2445 resedit,
1306 2328 1447 2427 donec
1496 2368 1650 2431 omnes

171 2470 391 2609 deinceps
428 2467 597 2567 ordines
634 2468 1085 2608 praetergredientes,
1120 2507 1163 2573 et
1199 2470 1354 2570 vexilla
1391 2468 1648 2574 submitten-

173 2650 285 2733 tes,
322 2611 572 2754 suppliciter
608 2611 755 2751 ipsum
792 2613 1064 2715 salutassent.
1123 2614 1365 2754 Templum
1403 2617 1650 2720 maximum

165 2796 484 2899 progressus,
535 2757 658 2894 quod
707 2757 854 2857 Sancti
912 2756 1143 2859 salvatoris
1194 2759 1535 2900 cognominatur
1577 2800 1650 2878 ,a

162 2903 408 3001 Ternando
445 2897 797 3041 Archiepiscopo
843 2911 1245 3043 Caesaraugustano
1282 2939 1324 3001 et
1360 2901 1493 3005 Clero
1544 2941 1650 3003 cum

162 3045 371 3146 solemni
405 3078 535 3144 cantu
571 3044 811 3185 excipitur,
833 3078 876 3143 et
910 3080 1008 3144 ante
1045 3046 1276 3184 pulvinar,
1296 3046 1415 3165 sive,
1437 3083 1487 3145 ut
1525 3085 1645 3146 nunc

166 3188 448 3328 ]0quimur,
484 3188 617 3288 altare
669 3187 913 3289 maximum
964 3187 1228 3307 deducitur,
1265 3187 1345 3290 uhi
1394 3190 1514 3290 locus
1557 3226 1649 3291 erat

169 3371 290 3432 cum
323 3331 435 3432 solio
472 3329 707 3473 magnifice
743 3330 961 3473 tapetibus
998 3369 1042 3433 et
1077 3333 1218 3434 sericis
1264 3333 1463 3474 stragulis
1514 3373 1648 3433 orna-

177 3512 286 3576 tus.
325 3475 413 3577 Hic
449 3474 710 3618 Philippus,
744 3515 846 3575 cum
884 3477 926 3577 ei
959 3475 1078 3576 flexis
1114 3475 1299 3619 genibus
1334 3490 1482 3580 Deum
1519 3515 1649 3578 vene-

167 3620 298 3720 ranti
334 3618 703 3760 Archiepiscopus
738 3619 975 3762 Clerusque
1011 3621 1137 3721 certis
1173 3662 1222 3720 ac
1259 3621 1341 3762 piis
1378 3618 1521 3720 verbis
1569 3619 1652 3723 be·

173 3803 244 3863 ne
277 3763 437 3903 precati
474 3759 696 3884 fuissent,
733 3764 924 3884 assedit,
962 3765 1164 3904 proxime
1200 3761 1436 3866 astantibus
1473 3763 1655 3870 diversis

173 3908 337 4007 omnis
371 3905 534 4007 ordinis
573 3908 924 4051 Aragonensium
960 3908 1110 4050 legatis
1147 3908 1397 4046 (Deputatos
1434 3907 1518 4048 ipsi
1565 3921 1652 4007 no-

169 4051 394 4187 minant)
430 4051 508 4192 qui
565 4054 926 4194 Episcoporum,
960 4052 1079 4153 Cleri
1130 4053 1351 4174 universi,
1386 4090 1659 4194 procerum,

164 4192 453 4319 nobilium,
488 4196 732 4336 equitum,
766 4236 809 4298 et
846 4195 1116 4298 immunium
1151 4195 1427 4320 hominum,
1461 4234 1511 4294 ac
1564 4232 1685 4335 po·-

159 4339 407 4481 pularium
444 4378 649 4480 personas
686 4342 927 4483 gerebant,
960 4380 1123 4482 magna
1159 4376 1380 4482 praeterea
1415 4337 1654 4441 astantium

163 4521 349 4584 corona
401 4485 719 4619 circumjecta,
753 4485 800 4585 in
838 4524 927 4631 qua
977 4478 1153 4583 fuerunt
1206 4482 1325 4583 idem
1360 4495 1657 4623 Caesaraugu-

168 4662 334 4727 stanus
371 4626 771 4772 Archiepiscopus‚
800 4626 1103 4753 ,Giennensis,
1134 4625 1491 4770 Carthaginensis
1527 4664 1656 4765 supra

165 4774 465 4893 memorati,
522 4775 720 4916 itemque
756 4772 955 4875 Oscensis
992 4807 1036 4873 et
1090 4772 1366 4915 Alguerensis
1415 4769 1655 4911 Episcopi,

1566 4913 1657 5012 duo
1697 4940 1700 4944 ’
