3998 5850
449 410 1501 519 ennotrv.trn.xxv11.423

80 605 130 670 ιιι
157 561 338 731 injuriis
355 567 562 666 modum
598 559 761 684 faciat,
799 603 849 664 ac
886 563 1123 666 exercitum
1136 640 1151 684 ,
1174 561 1289 705 qui
1298 561 1398 668 sine
1424 581 1544 675 ···Ger

78 711 249 815 maniae
288 724 447 851 magna
483 706 645 838 injuria
681 743 728 807 et
760 716 927 839 jactura
971 706 1183 850 progredi
1219 748 1452 852 nequeat,
1493 716 1542 818 in

79 894 201 958 snam
237 852 426 954 Galliam
461 852 669 971 reducat,
708 848 795 950 hoc
831 864 1103 972 Germanos,
1143 892 1276 993 seque
1311 854 1359 953 in
1394 858 1544 996 primis

78 1038 172 1161 pro
201 1037 371 1138 magno
401 993 620 1096 beneficio
658 990 923 1156 habiturps3
940 994 1158 1156 quod
1128 1032 1164 1093 ιι
1198 1034 1291 1097 non
1333 996 1545 1138 impetra—

80 1140 277 1258 verint,
325 1181 372 1240 se
418 1179 518 1239 suae
577 1178 628 1239 ac
677 1137 896 1239 sociomm
950 1174 996 1238 et
1038 1137 1285 1240 amicorum
1328 1141 1457 1245 saluti
1501 1181 1545 1261 et

81 1277 341 1386 commodis
371 1318 523 1386 contra
560 1293 840 1383 externorum
875 1281 1054 1414 injurias
1089 1284 1412 1389 consulturos
1480 1347 1513 1391 a

152 1438 305 1528 XXV
355 1427 547 1529 Eodem
581 1421 672 1525 fere
708 1461 911 1586 tempore
939 1424 1118 1566 legatio
1139 1423 1246 1525 haec
1276 1426 1333 1526 ad
1368 1440 1541 1593 Regem

83 1569 247 1710 perlata
284 1605 382 1689 est,
415 1604 460 1669 ct
487 1570 662 1670 litterae
698 1608 724 1666 a
766 1566 989 1668 Mauricio
1026 1567 1261 1689 redditae,
1304 1569 1515 1710 quibus
1502 1612 1545 1679 1·.·

82 1746 210 1852 psum
247 1713 305 1811 de
335 1647 583 1875 cblloqumio
602 1713 659 1811 ad
702 1710 907 1812 Lincium
954 1707 1106 1812 habito
1135 1709 1375 1835 docebat,
1411 1752 1453 1817 et
1489 1716 1545 1815 de

86 1854 456 1974 conditionibus,
476 1855 530 1954 si
570 1855 663 1996 ipse
700 1893 885 2015 qupque
917 1846 1130 1953 foedus
1120 1852 1239 1955 mire
1271 1852 1435 1977 vellet,
1469 1896 1548 1956 ex-

85 1996 339 2138 quirebat,
374 1932 595 2138 sirriulque
633 1996 778 2095 nuntii
821 1993 1108 2096 afferebantur
1148 1997 1210 2096 de
1260 2000 1548 2138 populatione
1557 1995 1573 2000 ’ἃ

85 2174 128 2240 et
172 2141 358 2260 clade,
381 2139 566 2301 quibus
582 2138 802 2238 Martinus
845 2149 1081 2240 Rossemus
1124 2138 1312 2239 Galliam
1359 2142 1549 2284 Regiam

87 2281 453 2383 devastabatls
416 2281 612 2383 Isenim
652 2281 765 2382 inter
802 2279 927 2380 initia
963 2278 1091 2410 hujus
1133 2281 1290 2382 Gallici
1332 2285 1549 2384 tumultus

85 2431 192 2523 cuni
221 2425 420 2525 exercitu
456 2425 659 2565 peditum
697 2423 913 2587 triginta,
926 2422 1152 2565 equitum
1186 2464 1257 2527 sex
1297 2426 1487 2528 millium
1524 2469 1551 2555 a

86 2567 239 2668 Maria
266 2567 446 2669 Caroli
441 2607 609 2668 sorore
641 2604 717 2707 per
754 2581 872 2666 eam
887 2602 1091 2728 partem&
1120 2604 1231 2705 quae
1259 2569 1454 2672 Picardia
1486 2551 1548 2669 di-

88 2709 238 2832 citur,
272 2711 423 2812 missus
455 2706 626 2828 fuerat,
663 2744 712 2808 ut
744 2708 935 2808 Galliam
971 2709 1097 2809 omni
1132 2708 1235 2809 belli
1271 2710 1394 2811 clade
1431 2752 1549 2813 vexa·

89 2889 207 2974 ret,
247 2893 386 2995 eaque
420 2854 589 2956 ratione
631 2852 827 3015 Regium
862 2852 1098 2951 exercitum
1146 2888 1390 2957 averteret.
1430 2853 1549 2969 Qui-

88 2993 173 3096 bus
219 2996 345 3098 rebus
387 2998 599 3097 adductus
640 2995 857 3097 Henricus
892 2991 1001 3092 ab
966 3031 1163 3156 ιιιιιιιιο
1205 2993 1292 3095 sibi
1338 2996 1550 3097 desisten-

86 3137 216 3238 dum
236 3138 435 3278 putavit3
474 3177 593 3238 nam
612 3177 754 3277 neque
786 3135 997 3238 Mauricii
1030 3136 1262 3237 consilium
1303 3137 1359 3239 de
1394 3138 1548 3282 pacifi-

90 3278 273 3381 catione
303 3278 570 3423 probabat,
610 3317 652 3379 et
688 3319 900 3381 consensu
934 3318 984 3377 ae
1025 3281 1244 3420 legatione
1293 3282 1548 3422 Principum

86 3421 431 3525 deterrebatur·
421 3491 434 3532 ,
471 3425 571 3524 sed
590 3422 844 3563 gravissima
892 3422 1131 3524 reducendi
1171 3423 1382 3524 exercitus
1424 3464 1548 3525 causa

88 3558 276 3727 fuir,ut
308 3567 393 3667 suis
429 3561 733 3666 laborantibus
767 3563 1045 3686 subveniret,
1076 3607 1159 3686 ne,
1178 3568 1287 3666 dum
1324 3563 1432 3667 foris
1466 3600 1548 3667 no-

90 3705 157 3807 vis
192 3708 393 3870 imperiis
424 3711 606 3828 studet,
643 3745 687 3809 et
722 3708 965 3810 amicorum
1001 3642 1215 3809 vbluniati
1252 3710 1425 3831 servit,
1461 3712 1544 3811 do

87 3850 325 3953 mesticum
365 3785 608 3994 periculuni·
644 3887 688 3953 et
731 3889 911 3953 suorum
946 3851 1278 4057 popularium
1262 3890 1447 3986 jacturas
1472 3892 1547 3953 ne-

94 3991 262 4134 gligere
293 3996 555 4098 videretur..
1554 4021 1560 4027 “

167 4146 339 4237 XXVI.
411 4151 620 4242 Ceterum
648 4139 870 4242 Mauricio
911 4140 967 4241 de
998 4137 1113 4280 pacis
1139 4088 1544 4256 conditionibus,-
1513 4177 1549 4239 n

83 4286 338 4382 commune
376 4277 528 4412 foedus
558 4283 772 4424 placeret,
795 4284 1059 4424 exquirenti,
1073 4282 1310 4424 rescripsit.
1331 4289 1445 4380 Non
1461 4321 1549 4382 esse

80 4424 333 4525 Gallorum
361 4408 560 4591 Regum
576 4428 898 4563 consuetudinis
927 4463 1086 4568 pacem
1122 4423 1179 4525 ab
1211 4423 1339 4524 hoste
1379 4461 1547 4566 petere,

90 4568 347 4701 praesertim·
382 4610 462 4669 eo
455 4643 471 4691 ,
487 4570 573 4678 cui
601 4609 681 4669 nec
713 4569 942 4711 potentia,
962 4609 1045 4669 nec
1079 4567 1272 4711 opibus,
1289 4608 1366 4670 nec
1385 4605 1440 4667 re
1447 4567 1548 4677 alra

80 4703 180 4808 ιιιιι
199 4704 451 4813 inferiores:
436 4752 517 4823 se
533 4751 698 4815 tamen
720 4753 820 4920 pact
804 4711 1110 4853 obstiturum
1129 4753 1216 4815 etse
1234 4746 1403 4856 negat,
1426 4713 1550 4849 siqua

1475 4851 1550 4953 fie-
