4102 5864
534 381 779 468 cauom
822 383 877 464 v.
912 384 1032 465 rto.
1069 382 1218 467 xxvr.
1482 372 1566 483 ars

148 537 493 682 inferioremque
530 538 806 640 Pannoniam
842 570 884 640 et
915 540 1112 673 Mysiam
1148 575 1386 681 utramque
1404 537 1612 649 'innutnea

144 724 303 827 rasque
346 721 498 826 gentes
542 682 735 821 delapsus
770 757 801 803 ,.
832 683 1019 822 acceptis
1064 681 1321 784 fluminibus
1363 688 1613 831 sexaginta,

145 834 345 969 quorum
381 826 563 968 triginta
599 818 690 925 fere
715 833 828 926 'sunt
864 823 1168 968 navigabiles,
1212 868 1285 930 sex
1319 831 1449 932 vastis
1478 837 1613 977 ,capi-

145 973 265 1074 tibus
301 972 349 1072 in
385 980 577 1070 Pontum
612 968 838 1070 Euxinum
859 982 1045 1074 'mutato
1080 971 1264 1072 nomine
1300 969 1478 1077 influit:
1508 1016 1612 1079 nam
1751 1040 1752 1044 κ

145 1117 265 1217 unde
301 1116 497 1254 primum
532 1113 752 1249 Illyricum
789 1112 941 1232 alluit,
976 1126 1081 1216 Ister
1098 1103 1442 1233 :nominatur.‘s..
1601 1164 1607 1219 1

157 1303 162 1307 ⁴
218 1268 384 1361 XLVI.
452 1256 527 1360 Ab
569 1256 853 1360 Ulmensibus
896 1257 1134 1401 Philippus
1160 1259 1291 1360 simili
1326 1270 1614 1402 Augustano-

145 1440 249 1505 rum
286 1403 471 1543 parique
507 1441 685 1503 munere
722 1403 907 1520 donatus
944 1438 1031 1503 est.
1071 1401 1278 1502 Kalendis
1314 1404 1468 1504 Martii
1504 1405 1612 1508 Phi-

38 1669 47 1681 .
147 1546 294 1688 lippus
328 1548 465 1647 Ulma
501 1545 723 1664 discessit,
759 1545 914 1688 primis
950 1539 1138 1647 civitatis
1152 1546 1227 1668 (ad
1264 1559 1480 1647 extremos
1516 1590 1615 1652 suos
1689 1673 1690 1677 g

150 1687 259 1791 lines
274 1769 289 1812 ,
326 1729 471 1830 nequa
508 1688 558 1787 in
594 1725 716 1827 parte
738 1683 909 1789 officio
947 1688 1088 1808 deesse
1110 1687 1616 1808 ‘videretur,1deduceru

150 1831 267 1944 tibus
298 1872 311 1941 3
351 1873 445 1974 quo
482 1831 530 1930 in
565 1831 719 1931 itinere
755 1868 861 1940 octo
908 1831 1044 1970 legati
1079 1844 1254 1970 'praesto
1287 1825 1512 1954 fuerunt,
1540 1834 1617 1937 'ab

150 1975 363 2077 Ulderico
399 1972 777 2117 Vittembergensi
820 1987 945 2075 Duce
982 1975 1141 2093 missi,
1177 2012 1227 2076 ut
1270 1985 1359 2104 ejus
1409 1977 1617 2079 volunta-1

154 2154 246 2221 tem
283 2118 492 2263 Philippo
528 2113 775 2237 deferrent,
813 2155 856 2218 et
894 2119 1046 2218 omnia
1080 2112 1225 2218 officia
1262 2116 1495 2220 liberaliter
1522 2122 1618 2261 pol*

153 2261 416 2364 licerentur.
470 2260 710 2403 Silingham
752 2258 914 2385 urbem
958 2261 1293 2401 Imperatoriam
1314 2352 1318 2361 .
1338 2291 1617 2402 progressus,

153 2444 247 2508 non
281 2406 425 2507 solum
462 2441 745 2524 commeatu,
781 2408 855 2505 sed
892 2406 1055 2544 poculo
1087 2403 1167 2524 iis,
1205 2414 1318 2546 quae
1348 2443 1473 2546 supra
1509 2406 1621 2508 dixi-Q·

153 2586 285 2667 mus,
322 2547 455 2650 simili
490 2585 608 2649 cum·
630 2547 824 2648 nummis
844 2584 1106 2647 muneratus
1143 2586 1206 2648 est
1225 2598 1240 2648 .’
1275 2547 1396 2651 Hinc
1420 2549 1618 2689 digresso

152 2690 363 2833 Philippo
414 2691 624 2835 Magister
675 2689 876 2831 equitum
913 2697 1176 2791 Teutonum
1213 2690 1464 2828 Religiosae
1500 2693 1620 2792 mili*

156 2834 242 2934 tiae
298 2875 404 2936 cum
446 2873 613 2978 magno
659 2833 854 2974 equitatu
906 2871 1086 2974 praestov
1113 2827 1246 2953 fuit,
1286 2872 1478 2973 eumque
1519 2835 1620 2974 Spi2

152 3015 424 3120 ramusque
461 3013 742 3119 prosecutus.
782 2976 1075 3117 Heidelbetga
1113 2976 1332 3117 oppidum
1357 3011 1419 3075 est
1454 2978 1509 3076 ad
1536 2976 1618 3077 Hie

158 3121 225 3232 cii⁸
253 3119 447 3224 fluminis
495 3122 685 3262 ripam,
721 3120 953 3222 Comitum
1002 3119 1296 3220 Palatinotum
1349 3119 1509 3232 sedes,
1550 3120 1622 3222 cui

159 3298 266 3363 tunc
307 3263 517 3407 temporis
558 3263 783 3364 Federicus
819 3263 1142 3405 imperitabat,
1186 3276 1354 3397 ⁷Comes
1401 3262 1620 3365 Palatinus

55 3431 60 3435 ’
159 3446 213 3506 ex
248 3445 663 3528 eorumnumero,
701 3445 893 3548 quorum
929 3403 1138 3548 suffragio
1172 3418 1413 3546 Imperator
1457 3403 1619 3544 deligi-

159 3585 257 3650 tur.
310 3564 347 3652 Is
389 3549 667 3652 Dorotheam
708 3551 756 3649 in
800 3549 1088 3650 matrimonio
1130 3547 1321 3649 habebat
1364 3544 1620 3650 Christiemi

161 3695 330 3795 Daniae
365 3694 516 3838 Regis<
538 3729 582 3794 er
617 3693 815 3795 Isabellae
850 3691 1018 3813 filiam,
1040 3691 1191 3793 Caroli
1222 3690 1411 3792 Caesaris
1447 3693 1618 3794 sororis.
1728 3746 1733 3756 ·

164 3838 385 3940 Pedericus
423 3838 559 3982 igitur
601 3836 826 3942 accedenti
861 3835 1104 3977 Philippo,
1141 3871 1244 3934 curn
1267 3842 1462 3976 magno.
1483 3833 1619 3947 nobi⁴

152 3975 275 4080 lium
311 4017 354 4080 et
389 3982 730 4084 domesticorum
767 3981 967 4123 equitatu
1002 3977 1188 4081 libenter
1224 4017 1303 4120 pto
1339 3977 1619 4079 necessitudiss

155 4159 221 4231 ne
266 4157 311 4222 et
352 4117 559 4226 affinitate
606 4124 789 4227 obviarn
834 4124 1085 4268 processit,
1135 4123 1184 4224 in
1226 4121 1533 4261 oppidumque
1576 4156 1620 4221 et

78 4384 80 4387 v
158 4266 308 4370 arcem
347 4269 547 4408 recepit,
586 4270 666 4373 ubi
700 4269 929 4371 Dorothea
978 4308 1158 4408 quoque
1195 4266 1401 4365 conclave
1444 4264 1620 4364 intranti

63 4441 69 4450 ·
158 4409 361 4548 :prodivit
408 4407 587 4514 obviarn
620 4449 718 4533 ,et
752 4449 935 4552 uterque
979 4410 1161 4509 maritus
1204 4444 1248 4507 et
1293 4443 1403 4507 uxot
1454 4406 1621 4548 Philip·
1755 4435 1757 4440 '

160 4553 284 4691 pum
306 4550 469 4656 {officiis
484 4553 715 4686 omnibus
733 4556 1005 4672 coluerunt,
1043 4587 1086 4654 et
1107 4587 1331 4692 apparatu
1365 4551 1491 4690 regio
1511 4572 1623 4652 cum

167 4695 395 4797 Cardinale
431 4699 739 4822 Tridentino,
777 4700 855 4840 qui
889 4696 1219 4839 colloquiorum
1255 4729 1345 4796 erat
1381 4694 1624 4837 interpres,

209 4927 211 4931 .
249 4871 270 4935 r
1584 4872 1628 4937 et
