4124 5880
538 410 594 496 μ
903 395 992 479 on
1039 392 1248 474 nanus
1288 391 1516 475 orestis

480 557 597 660 tolus
633 555 694 693 ire
729 551 907 698 pergit3
946 589 990 660 et
1034 550 1282 651 continenti
1328 550 1487 652 diurna
1528 558 1833 695 nocturnaque
1878 593 1964 658 na-

480 702 709 844 vigatione
745 735 1006 840 provectus,
1043 696 1089 797 in
1126 695 1314 796 statione
1353 695 1546 838 quadam
1582 697 1688 798 citra
1717 700 1961 805 Massiliam

480 847 644 990 viginti
680 844 847 945 circiter
883 842 1076 945 millium
1112 839 1342 943 intervallo
1377 839 1500 975 jactis
1544 841 1745 943 anchoris
1800 847 1959 949 tantise,
2004 852 2009 855 ”

347 1059 355 1075 ·
479 1030 556 1132 per
592 987 902 1130 exspectavit,
938 988 1051 1088 dum
1102 1025 1233 1086 naves
1270 1021 1421 1088 omnes
1457 986 1775 1090 convenirent.
1833 998 1959 1092 Nam

481 1136 700 1277 quaedam
751 1172 903 1233 earum
942 1204 957 1255 ,
993 1163 1043 1229 ut
1095 1127 1264 1230 duabus
1329 1128 1577 1231 triremibus
1640 1131 1953 1256 subvenirent,

480 1297 671 1420 quarum
707 1277 878 1378 alterius
912 1309 1101 1373 antenna
1116 1346 1120 1351 »
1137 1273 1184 1373 vi
1220 1273 1342 1373 venti
1377 1268 1636 1394 confracta,
1678 1276 1847 1378 alterius
1884 1318 1961 1378 ve-

481 1425 577 1523 lum
613 1417 753 1522 fuerat
799 1420 1066 1535 rescissum,
1106 1418 1381 1542 retardatae,
1419 1458 1472 1519 cx
1518 1419 1751 1525 intervallo
1797 1460 1962 1564 seques

486 1566 649 1672 bantur
669 1580 706 1667 .’

464 1720 467 1728 ’
503 1810 506 1815 ,
561 1719 641 1812 ΙΧ.
674 1832 678 1841 Ι
716 1710 802 1812 His
837 1707 1061 1854 appulsis,
1097 1704 1349 1854 insequenti
1383 1743 1515 1813 nocte
1551 1709 1601 1810 in
1636 1707 1823 1832 insulas,
1845 1751 1961 1854 quae

354 1856 357 1859 ’
487 1891 586 1955 sunt
638 1891 740 1954 ante
775 1857 1049 1975 Massiliam,
1086 1857 1223 1997 vulgo
1272 1857 1460 1992 ‘Pomegas
1513 1855 1683 1975 dictas,
1721 1859 1959 1998 progredi-

485 2034 556 2099 tur
592 2077 607 2119 ,
645 2033 688 2097 er
737 2000 972 2102 necessario
1014 2035 1192 2140 propter
1234 1998 1458 2100 adversam
1500 2034 1805 2140 tempestatem
1850 2040 1963 2102 con-

486 2141 638 2262 sistit,
674 2180 807 2285 atque
843 2142 910 2243 ibi
953 2146 1008 2244 ad
1062 2144 1184 2244 diem
1220 2152 1459 2244 Nonarum
1496 2144 1611 2278 Maji
1660 2141 1709 2243 in
1757 2139 1962 2247 anchoris

488 2324 684 2388 moratus
723 2324 828 2396 ests
863 2328 956 2429 quo
1008 2286 1082 2387 die
1117 2322 1267 2412 nactus
1319 2288 1677 2388 commodiorem
1727 2322 1959 2429 tempesta·

486 2463 614 2550 tetn,
651 2433 988 2572 quatuordecim
1023 2432 1204 2532 navibus
1240 2466 1453 2573 aquatum
1490 2430 1662 2555 missis,
1689 2472 1738 2532 ac
1774 2472 1816 2530 se
1852 2430 1959 2532 sub-

488 2574 614 2716 sequi
649 2567 814 2708 jussis,
846 2617 950 2678 curn
985 2576 1152 2718 reliqua
1201 2575 1331 2677 classe
1379 2576 1441 2677 ire
1491 2575 1674 2718 pergit3
1710 2575 1956 2718 parumque

480 2754 763 2859 provectus,
797 2721 954 2822 incidit
1002 2720 1052 2821 in
1102 2722 1255 2822 decem
1290 2720 1476 2822 Gallicas
1526 2722 1722 2820 triremes
1779 2762 1832 2822 ex
1868 2728 1959 2821 Ae-

482 2901 596 3005 gaeo
647 2867 760 2965 mari
816 2872 1156 3007 Turcarumque
1203 2862 1361 2966 finibus
1415 2864 1690 2985 redeuntes,
1742 2902 1835 3005 quo
1890 2905 1962 2965 eas

482 3019 583 3108 Rex
617 3009 861 3109 Franciscus
913 3047 1018 3109 curn
1067 3003 1284 3151 praefecto
1342 3005 1680 3110 Samblancardo
1721 3007 1853 3108 armis
1910 3026 1969 3109 a‘c

482 3150 625 3251 milite
662 3153 789 3254 Gallo
835 3155 1057 3254 instructas
1113 3153 1288 3253 miserat
1322 3229 1339 3272 ,
1374 3189 1426 3253 ut
1474 3190 1578 3254 cum
1630 3151 1760 3252 classe
1793 3160 1963 3253 Turca-

484 3333 586 3394 rum
622 3336 664 3395 se
708 3305 1075 3439 conjungerent,
1121 3332 1302 3438 propter
1358 3295 1642 3415 societatem,
1680 3335 1816 3437 quam
1851 3331 1960 3400 cum

486 3439 686 3579 ipsorum
712 3438 914 3582 Principe
950 3441 1188 3576 Solymano
1224 3440 1413 3541 coierat.
1455 3442 1536 3543 Sed
1561 3437 1675 3541 Galli
1710 3477 1841 3540 naves
1869 3450 1960 3540 Ca-

467 3583 573 3683 roli
613 3583 890 3725 conspicati,
928 3623 971 3685 et
1022 3583 1197 3687 hostiles
1250 3583 1448 3704 tati,in
1497 3578 1655 3725 fugam
1691 3618 1952 3684 vertuntur.

486 3736 594 3834 Hoc
645 3727 992 3857 animadvertens
1049 3728 1232 3830 Carolus
1269 3805 1285 3848 ,
1321 3767 1483 3869 eosque
1539 3729 1734 3868 primum
1794 3734 1965 3828 Turcas

484 3869 723 4012 praedones
760 3911 846 3973 esse
882 3908 1033 3990 ratus,
1063 3872 1237 4012 insequi
1272 3867 1487 4014 fugientes
1522 3870 1745 4007 instituit,
1783 3879 1968 3974 Verum*

484 4014 618 4156 paulo
647 4050 748 4156 post
783 4054 888 4116 cum
917 4016 1102 4116 Gallicas
1138 4057 1225 4117 esse
1256 4056 1387 4118 naves
1423 4013 1546 4114 certis
1578 4011 1752 4113 indiciis
1789 4053 1963 4156 cogno-

487 4157 648 4278 visset,
678 4200 752 4260 eos
789 4158 1008 4301 imperat,
1033 4182 1362 4261 'tormentorum
1400 4159 1524 4262 editis
1559 4155 1650 4258 sine
1687 4158 1781 4261 telo
1814 4157 1957 4260 born-

487 4297 555 4401 bis
591 4336 634 4401 et
677 4303 771 4403 aliis
826 4295 1016 4445 pacificis
1070 4298 1466 4448 significationibus
1520 4303 1718 4403 revocari
1741 4342 1753 4411 3
1775 4301 1960 4442 'quibus

486 4484 589 4546 cum
624 4444 689 4545 illi
732 4445 843 4546 nibil
892 4487 1209 4570 moverentur,
1246 4490 1328 4551 nec
1370 4442 1479 4589 fuga
1520 4447 1800 4562 desisterent,
1842 4444 1959 4546 inci-

485 4591 570 4689 tari
605 4629 696 4691 suas
729 4631 863 4694 naves
898 4594 1116 4711 Carolus,
1149 4627 1193 4703 et
1229 4593 1286 4693 ab
1323 4593 1382 4692 eis
1433 4586 1650 4733 fugientes
1685 4583 1842 4717 retrahi
1877 4596 1958 4720 ju-

489 4730 564 4836 bet
594 4775 606 4849 3
637 4770 767 4880 atque
804 4737 898 4880 ipse
951 4737 1001 4838 in
1036 4735 1190 4877 primis
1242 4776 1347 4841 cum
1404 4732 1679 4881 quadriremi
1731 4733 1964 4854 invectus,

1825 4918 1962 4982 unam
