4102 5864
476 479 717 562 CAROLI
759 481 811 560 V.
853 480 965 560 LIB.
999 478 1169 558 xxvl.
1424 490 1513 581 347

84 650 188 738 Dux
229 635 425 738 Albanus
476 632 675 738 officium
709 636 925 775 praestitit
966 632 1321 736 administrorum
1373 635 1546 778 praefe-

82 780 144 879 cti
180 855 195 898 ,
232 777 422 919 quatuor
470 778 598 881 novis
644 776 838 918 Philippi
873 778 1145 879 Oeconomis
1199 778 1508 884 assectantibus
1523 864 1539 908 ,

81 927 210 1022 Petro
249 922 379 1023 Avila
413 930 641 1023 Nauarum
678 919 967 1039 Marchione,
1006 928 1134 1021 Petro
1170 932 1404 1021 Guzmano
1442 927 1540 1029 Oli-

79 1065 254 1165 varium
303 1064 484 1166 Comire
516 1141 532 1182 ,
565 1067 772 1166 Gutierro
823 1073 952 1203 Lupo
1004 1063 1216 1181 Fadilla,
1270 1098 1314 1163 et
1355 1066 1536 1199 Jacobo

80 1207 317 1306 Azevedo.
355 1209 546 1309 Aderant
574 1209 707 1308 etiam
742 1208 1045 1324 caduceatores
1077 1203 1246 1305 loricati
1281 1241 1327 1305 et
1360 1212 1531 1349 sceptris

80 1340 196 1454 feris
231 1347 469 1489 omniaque
505 1389 608 1449 cum
644 1349 831 1451 solemni
867 1387 1079 1490 pompa,
1113 1347 1344 1487 Regiaque
1394 1353 1532 1456 caeri·
1566 1444 1570 1450 ,.

77 1487 230 1588 monia
264 1526 433 1629 peracta
469 1528 596 1592 sunt.
639 1496 721 1596 Sed
757 1531 813 1591 ne
849 1490 1096 1630 Hispania,
1132 1528 1269 1631 quam
1305 1489 1530 1633 Philippus

76 1665 159 1767 pro
194 1667 317 1770 patre
352 1630 662 1771 procurabat,
698 1633 807 1733 sine
827 1671 1012 1774 magnae
1048 1631 1318 1733 auctoritatis
1363 1673 1528 1774 procu-

75 1806 220 1872 ratore
269 1773 629 1914 relinqueretur,
673 1774 1029 1876 Maximilianum
1082 1775 1376 1874 Archiduccm
1429 1787 1528 1880 Au-

76 1913 205 2012 striae
239 1990 255 2032 ,
288 1918 498 2018 Fernandi
547 1911 689 2017 fratris
738 1917 880 2019 filium
928 1918 1242 2019 adolescentem
1278 1992 1294 2035 ,
1335 1916 1527 2061 Philippi

74 2057 337 2195 aequalem,
371 2058 444 2157 cui
495 2056 632 2158 filiam
667 2060 859 2159 Mariam
911 2060 1247 2197 desponderat,
1284 2058 1333 2157 in
1368 2062 1524 2199 Hispa

73 2196 195 2297 niam
230 2198 448 2338 proficisci
469 2199 621 2331 jubet,
648 2235 696 2301 ut
730 2200 877 2343 Regni
912 2200 1335 2301 administrationem
1371 2243 1396 2302 a
1431 2204 1524 2308 dis-

73 2340 251 2440 cedente
288 2339 495 2481 Philippo
530 2343 735 2445 traditam
773 2383 876 2444 curn
914 2343 1059 2443 Maria
1093 2355 1232 2443 uxore
1264 2340 1437 2445 obiret.

135 2491 203 2582 111.
276 2494 345 2584 De
380 2485 519 2585 classis
559 2485 606 2585 in
642 2520 804 2586 terram
832 2485 1098 2623 Hispaniam
1132 2484 1316 2626 appulsu
1351 2521 1392 2586 et
1422 2494 1523 2589 Ma⁴

72 2618 291 2723 ximiliani
323 2627 511 2728 adventu
546 2667 650 2730 cum
686 2625 912 2767 Philippus
948 2626 1223 2769 cognovisset
1258 2703 1273 2746 ‚
1312 2630 1523 2767 praemisa

71 2802 124 2864 so
169 2774 298 2865 Petro
333 2767 590 2889 Corduba,
624 2769 812 2873 Comitis
847 2768 1078 2870 Cabrensis
1127 2766 1221 2866 lilio
1255 2844 1271 2887 ,
1307 2769 1388 2908 qui
1438 2770 1524 2871 suis

71 2905 219 3007 verbis
254 2910 609 3013 Maximiliauum
644 2910 886 3032 salutaret,
917 2920 1094 3011 Petrum
1127 2911 1398 3012 Fernandum
1434 2921 1526 3015 Ve-

71 3048 239 3149 lascum
273 3053 481 3154 Castellae
523 3051 868 3155 Comcstabilem
900 3055 971 3152 -ad
1024 3093 1067 3152 se
1119 3086 1292 3171 vocat,
1337 3091 1524 3194 magnae

71 3190 220 3291 virum
255 3195 555 3317 auctoritatis,
591 3197 941 3337 opulentumque
978 3228 1022 3293 et
1055 3191 1256 3336 publicae
1300 3195 1522 3335 dignitatis

70 3334 352 3457 studiosum,
387 3337 517 3478 eique
552 3338 782 3479 negotium
818 3342 891 3440 dat
918 3414 932 3454 ,
964 3374 1014 3437 ut
1049 3377 1153 3438 cum
1189 3378 1232 3437 se
1267 3337 1405 3477 digno
1440 3376 1521 3437 co-

69 3477 228 3578 mitatu
278 3480 334 3578 ad
384 3479 591 3582 Castellae
640 3480 977 3622 Aragoniaeque
1016 3478 1269 3579 confinium
1338 3476 1521 3582 obviam
1579 3514 1581 3519 ·

73 3621 382 3721 Maximiliano
429 3624 713 3762 procederet3
749 3662 841 3765 quo
876 3623 947 3722 ille
982 3621 1165 3763 negotio
1199 3619 1382 3722 libenter
1429 3660 1522 3720 sus-

71 3799 251 3901 cepto,
289 3805 334 3863 se
367 3803 552 3903 suosque
584 3841 600 3883 ,
637 3800 681 3863 et
716 3828 740 3883 ,-
767 3805 880 3906 quae
910 3764 1013 3863 ‘usui
1060 3759 1253 3883 forent,
1289 3761 1520 3905 magnifice

69 3906 381 4042 comparabat.
435 3906 761 4006 Maximilianus
797 3941 980 4016 autem,
1018 3904 1098 4046 qui
1132 3916 1332 4007 Genuam
1366 3942 1443 4044 per
1478 3944 1522 4003 e-

71 4085 186 4186 quos
223 4047 452 4188 dispositos
486 4087 590 4147 cum
625 4048 772 4189 paucis
807 4083 1024 4169 venerat,
1063 4046 1170 4147 dum
1206 4046 1309 4147 inde
1345 4046 1392 4144 in
1431 4045 1522 4144 Hi·
1573 4075 1575 4078 ⁴

70 4188 270 4328 spaniam
320 4189 544 4332 navigaret
575 4191 675 4310 ,in
710 4227 970 4332 quartanam
1019 4189 1277 4307 inciderat,
1312 4186 1523 4286 Barcino·

73 4369 267 4472 nemque
303 4334 508 4434 devectus
564 4334 724 4432 multos
777 4332 843 4434 ibi
878 4333 968 4432 dies
1004 4331 1260 4433 valetudinis
1294 4368 1445 4447 causa,
1481 4364 1525 4429 et

71 4462 130 4571 ad
174 4475 335 4574 montis
388 4483 536 4578 Seruari
585 4474 851 4575 coenobium
904 4471 1170 4574 consumsit.
1227 4470 1525 4573 Assecrabatur

72 4649 232 4717 autem
261 4617 617 4720 Maximiliauum
652 4614 993 4755 Christophorus
1029 4614 1337 4732 Madruccius,
1371 4612 1526 4714 Cardi-

71 4755 183 4858 nalis
232 4760 514 4862 Tridentinus
583 4759 749 4866 idcirco
808 4756 1144 4901 cognominatus
1197 4836 1214 4880 ,
1264 4757 1388 4900 quod
1436 4787 1526 4854 erat

1029 4909 1150 5001 an
1443 4902 1532 5029 ejus
