4192 5858
571 410 814 496 cauom
853 410 907 492 v.
944 409 1064 490 trs.
1108 412 1256 493 xx11.
1517 425 1605 517 οη

183 607 269 681 net
309 607 415 670 narn
470 601 658 709 uterque
707 608 733 667 a
778 566 991 711 proximis
1041 565 1239 670 hostibus
1290 562 1645 696 circumuentus,

149 715 331 817 ‘mutis
367 708 525 815 ictibus
559 751 780 853 percussus
816 750 920 838 est,
957 711 1159 855 quamvis
1194 749 1453 837 armorum,
1481 716 1645 860 quibus

180 859 473 1002 tegebantur,
510 856 775 978 firmitudo,
812 895 870 960 ne
905 861 962 960 ad
997 896 1156 999 corpus
1190 858 1502 999 pervenirent,
1539 904 1645 1005 pro·

177 999 395 1121 hibebat,
430 1037 613 1142 uterque
649 1002 800 1104 multis
834 1001 929 1105 telis
965 999 1215 1108 confectum
1250 1042 1418 1144 equum
1461 1007 1635 1115 amisits

178 1147 294 1286 quin
347 1145 479 1246 etiam
531 1146 729 1285 Jacobus
777 1145 964 1247 Pontius
1015 1146 1174 1248 vulnus
1240 1186 1398 1288 anceps
1446 1152 1641 1293 accepit,

178 1327 299 1391 crure
334 1291 447 1391 infra
483 1330 628 1393 suram
678 1286 916 1393 transfosso
951 1289 1106 1393 missili
1156 1289 1313 1415 hasta,
1349 1329 1461 1434 quae
1510 1295 1642 1396 simul

179 1472 346 1576 equum
382 1431 500 1536 bona
536 1436 816 1539 inventrem
849 1437 1002 1539 adacta
1037 1470 1159 1581 parte
1195 1433 1375 1539 confixit
1395 1478 1407 1538 ε
1427 1439 1501 1541 sed
1536 1439 1641 1542 huic

177 1577 398 1722 impedito
434 1617 478 1679 et
513 1576 732 1682 laboranti
784 1581 991 1683 succurrit
1041 1581 1154 1683 filius
1188 1591 1385 1720 Joannes
1422 1585 1638 1707 Pontius,

177 1726 294 1866 qui,
331 1726 578 1825 remittente
614 1729 671 1823 se'
694 1725 751 1824 ab
788 1767 838 1824 ea
885 1760 1005 1866 parte
1054 1763 1234 1868 pugna,
1271 1724 1438 1826 hastam
1489 1731 1640 1829 eduxit

176 1904 268 1968 tam
320 1869 470 1969 dextre
519 1901 564 1966 et
614 1861 829 1988 feliciter,
879 1906 931 1969 ut
965 1866 1078 1969 nihil
1127 1870 1303 2012 plagam
1339 1872 1498 2011 (quod
1547 1910 1639 1975 erat

174 2012 373 2152 proclive
410 2047 454 2112 et
498 2009 629 2111 nimis
665 2012 998 2153 periculosum)
1035 2013 1263 2115 dilataret.
1318 2014 1518 2114 Martino
1553 2055 1637 2118 au·

174 2190 306 2274 tem,
338 2157 419 2296 qui
454 2198 504 2257 ex
539 2193 641 2253 casu
677 2156 883 2295 prostrati
919 2158 1023 2299 equi
1058 2198 1102 2256 se
1136 2157 1184 2257 in
1240 2157 1371 2298 pedes
1407 2195 1600 2261 erexerat
1615 2235 1632 2282 ,

175 2340 320 2441 eoque
357 2295 555 2399 hostibus
590 2301 770 2430 objecto
806 2338 889 2441 pro
925 2299 1041 2400 vallo
1081 2295 1251 2402 fortiter
1297 2300 1637 2443 propugnabat,

174 2447 476 2577 Hieronymus
512 2440 625 2542 filius
660 2443 907 2546 adolescens
943 2483 1046 2544 curn
1078 2443 1330 2567 domesticis
1367 2481 1412 2546 et
1447 2485 1636 2549 necessa-

170 2590 246 2689 riis
283 2585 517 2704 subvenit,
553 2625 749 2728 quorum
784 2597 943 2729 Lupus
966 2587 1126 2688 Falcius
1162 2587 1217 2688 ad
1253 2591 1384 2727 pedes
1423 2587 1517 2730 ipse
1552 2592 1635 2691 de-

165 2734 351 2857 siliens,
378 2769 545 2873 equum
582 2732 801 2851 tradidit,
831 2771 925 2873 quo
962 2732 1034 2831 ille
1069 2770 1339 2852 conscenso,
1361 2733 1441 2831 etsi
1477 2734 1633 2833 cadent

163 2873 404 2978 brachium
441 2874 718 2995 offenderat,
754 2876 802 2975 in
838 2874 1048 3017 praelium
1084 2876 1349 2995 revertitur,
1385 2877 1511 3015 quod
1545 2876 1635 2977 ho·

154 3057 254 3124 stes
289 3061 314 3121 a
349 3018 495 3121 fronte
530 3019 679 3161 primo
715 3019 888 3164 impetu
923 3018 1102 3155 rejecti,
1128 3018 1176 3121 in
1211 3055 1452 3123 extremam
1489 3021 1632 3128 aciem

150 3199 509 3267 converterant.
1722 3288 1725 3294 .

239 3318 399 3411 XLIV.
471 3308 553 3410 Sed
589 3347 646 3410 ne
680 3305 753 3408 hic
790 3308 973 3450 quidem
1010 3343 1262 3452 pugnatum
1298 3306 1376 3410 diu
1411 3342 1473 3408 est
1486 3384 1501 3428 ,
1522 3345 1629 3411 nam

146 3451 370 3555 hostium
404 3452 625 3594 impetum
662 3455 844 3553 extremi
879 3455 1017 3554 nostri
1051 3450 1285 3555 fortissime
1310 3453 1628 3568 sustinuerunt,

143 3635 211 3700 et
252 3597 467 3738 equitatus
503 3634 648 3699 noster
685 3635 873 3740 propere
908 3599 957 3699 in
994 3599 1194 3698 eamdem
1230 3605 1427 3737 patrem,
1453 3631 1504 3696 ut
1539 3631 1631 3696 erat

135 3737 474 3881 imperatum,
510 3741 729 3863 accurrit,
765 3776 944 3883 totaque
978 3740 1090 3840 acies
1126 3742 1286 3842 eodem
1324 3739 1629 3861 convertitur,

130 3882 215 3986 in
256 3885 490 4026 hostesque
525 3886 650 3986 irruit
688 3927 737 3986 ea
773 3885 856 4006 vi,
890 3920 940 3985 ut
975 3884 1192 4026 impetum
1227 3884 1293 3985 illi
1328 3884 1512 3985 tolerare
1546 3924 1630 4021 ne-

128 4060 415 4172 queuntes,
451 4069 494 4133 se
526 4025 658 4172 fugae
694 4030 990 4149 mandarent,
1026 4068 1139 4170 quos
1174 4024 1392 4171 fugientes
1434 4067 1490 4127 ne
1542 4065 1628 4125 no-

123 4209 253 4276 ster
300 4172 516 4313 equitatus
567 4175 744 4316 longius
793 4173 1105 4292 insectaretur,
1144 4213 1195 4272 ea
1245 4173 1412 4273 ratione
1462 4165 1630 4273 factum

130 4351 265 4437 est,
303 4353 361 4414 ne
398 4317 526 4459 pauci
560 4318 715 4459 procul
757 4316 816 4419 ab
864 4318 1055 4418 exercitu
1103 4314 1299 4435 remoti,
1337 4354 1362 4412 a
1399 4312 1627 4455 plurimis,

129 4494 228 4562 ur.
250 4467 520 4573 Maurorum
539 4498 620 4563 est
654 4501 784 4581 mos,
807 4458 1127 4578 circumventi,
1154 4457 1396 4598 periculum
1433 4458 1629 4562 adirent.

136 4603 354 4704 Etenim
368 4643 545 4735 noster(
576 4608 793 4749 equitatus
823 4605 905 4705 suix
953 4637 1290 4725 trecentorum,
1325 4598 1494 4702 hostilis
1544 4642 1627 4702 au-

136 4757 262 4849 tern'
292 4749 512 4863 sexdecim
537 4752 735 4895 amplius
751 4748 963 4857 millium
997 4784 1235 4989 numerurp
1269 4743 1519 4890 explebat·
1551 4784 1628 4988 pp·

199 4939 201 4945 '
559 4899 560 4903 '
1172 4901 1200 4991 F
1243 4930 1268 4991 2
1591 4925 1631 4988 t·
