4102 5864
377 395 463 510 33⁶
702 397 705 403 ’
745 407 853 490 ms
899 406 1401 491 aususausus

334 566 600 711 „praesente
640 573 783 665 retum
832 600 942 665 statu
983 602 1086 663 cum
1126 562 1307 705 assequi
1340 602 1435 664 non
1477 558 1681 705 possim,
1720 604 1795 668 res

334 751 517 835 „novas
553 746 628 849 per
669 710 801 807 scelus
838 743 881 807 et
915 701 1033 805 nefas
1070 708 1315 808 moliuntur
1342 742 1496 808 contra
1535 745 1796 812 sanctorum

335 931 367 974 „
382 865 559 954 Parrum
588 851 821 951 sententias
858 852 902 950 et
939 887 1134 990 receptos
1160 851 1371 950 Ecclesiae
1407 890 1577 960 mores3
1615 890 1793 992 postte·
1802 897 1806 908 ·

335 1037 460 1117 „mo
495 996 695 1096 adversus
729 992 986 1094 communia
1022 992 1374 1095 Christianorum
1411 997 1579 1096 decreta
1610 1032 1653 1098 et
1689 1037 1798 1099 san·

336 1140 587 1261 ‚,ctiones,
609 1176 913 1279 sacrarumque
956 1135 1258 1276 scripturarum
1292 1139 1664 1278 interpretationes
1702 1140 1794 1241 im-

339 1280 692 1421 „pudentissime
736 1320 785 1379 ac
831 1279 1149 1379 sceleratissime
1196 1282 1487 1419 disputantes.
1539 1291 1579 1382 A
1623 1280 1793 1421 quibus

338 1424 583 1545 „leviculas
630 1422 898 1523 mulierculas
946 1457 988 1521 et
1030 1461 1188 1564 pravos
1224 1421 1464 1538 homines,
1509 1424 1588 1563 qui
1639 1423 1792 1522 eidem

339 1566 592 1709 „peccandi
634 1566 831 1667 licentiae
878 1566 1092 1685 student,
1144 1603 1218 1666 aut
1260 1602 1479 1706 praesente
1520 1600 1629 1665 statu
1677 1566 1794 1667 salvi

340 1748 472 1830 „esse
508 1748 600 1810 non
636 1745 844 1849 possunt,
870 1696 981 1808 nihil
1014 1706 1179 1807 mirum
1206 1708 1261 1808 sit
1296 1710 1343 1808 in
1378 1745 1497 1810 suam
1523 1711 1793 1810 sententiam

339 1853 675 1992 „scelerumque
716 1852 965 1953 societatem
1011 1850 1221 1990 perduci,
1209 1851 1430 1991 ‚quippe
1472 1851 1550 2014 qui
1592 1891 1689 1951 non
1733 1854 1794 1951 de

338 2071 370 2114 „
386 1995 659 2136 Religione,
695 2034 832 2158 quam
879 1992 1039 2094 violare
1075 1993 1220 2092 multis
1263 1993 1550 2094 sceleribus
1530 2034 1625 2093 non
1668 1994 1794 2094 desi-

338 2213 368 2257 „
384 2171 532 2255 stunt,
571 2137 730 2237 soliciti
765 2114 880 2256 sint,
902 2138 976 2236 sed
1000 2135 1317 2276 flagitiorum
1304 2137 1616 2277 impunitatem
1646 2178 1793 2278 quae·

339 2316 509 2399 ‚,rant.
548 2281 679 2378 Αι
638 2317 754 2380 vrros
760 2214 947 2442 prolsos
975 2315 1018 2378 et
1054 2317 1227 2418 graves,
1254 2318 1464 2420 veraeque
1485 2278 1658 2418 pictatis
1700 2319 1796 2380 sm·

339 2497 370 2540 „
386 2459 505 2519 cetos
542 2422 770 2522 cultores
758 2460 806 2521 ιιι
843 2421 1026 2522 istorum
1051 2421 1214 2558 ampias
1244 2460 1381 2563 nugas
1408 2422 1603 2523 animum
1629 2420 1796 2522 inten-

267 2697 269 2700 Α
338 2637 371 2687 „
385 2564 514 2681 dere
553 2599 597 2663 et
632 2576 851 2698 majorum
886 2564 1190 2663 consuetudini
1224 2599 1558 2726 sanctorumque
1601 2572 1797 2668 Parrum

336 2705 563 2828 „decretis
612 2741 657 2805 et
708 2706 955 2808 universalis
1009 2705 1219 2805 Ecclesiae
1269 2707 1519 2806 auctoritati
1575 2708 1796 2807 scelerata

335 2885 635 2972 „commenta
670 2885 714 2949 et
749 2845 929 2952 nefarias
972 2848 1161 2988 argutias
1205 2843 1441 2968 anteferre,
1479 2849 1798 2986 turpissimum

337 3066 366 3108 „
381 3028 467 3087 esse
502 2989 760 3111 confirmat,
794 3028 837 3091 et
872 3030 1075 3094 sanorum
1110 2988 1375 3111 hominum,
1396 2994 1561 3092 nedum
1597 2995 1797 3132 pruden-

336 3211 366 3255 „
382 3129 518 3230 tium
531 3168 575 3230 et
616 3135 951 3254 constantium,
986 3130 1198 3273 grauitate
1240 3068 1624 3275 indignissimum.
1677 3133 1797 3235 Illud

331 3313 585 3414 ‚,quoque‚
625 3277 816 3439 quod
785 3312 840 3375 stt
875 3311 1091 3376 extremae
1126 3276 1434 3397 dementiae,
1423 3316 1471 3376 m
1501 3276 1580 3375 his
1595 3313 1795 3378 conten-

330 3417 571 3543 „tionibus
607 3419 887 3557 praecipuum
923 3457 1009 3518 esse
1045 3419 1345 3538 demonstrat,
1386 3422 1509 3559 quod
1549 3420 1687 3518 armis
1733 3421 1796 3521 de

330 3558 429 3685 „iis
466 3558 591 3659 rebus
628 3560 924 3723 disceptatur,
962 3600 1074 3701 quae
1110 3560 1204 3661 vim
1240 3561 1402 3660 nullam
1439 3560 1709 3723 patiuntur,
1745 3600 1795 3665 et

328 3702 581 3826 „omnium
615 3703 804 3803 maxime
841 3704 1006 3805 ratione
1042 3739 1086 3800 et
1120 3703 1339 3865 scripturis
1365 3704 1536 3804 Divinis
1570 3702 1797 3867 publicis·

327 3922 361 3973 ,‚
377 3883 463 3983 que
504 3844 853 3945 Christianorum
897 3882 939 3948 et
980 3844 1244 3944 Ecclesiae
1232 3846 1436 3946 institutis
1480 3884 1556 3984 per
1605 3848 1792 3946 Conci-

325 4068 358 4112 „
375 3988 486 4086 llum
522 3987 850 4096 ecclesiasticum
890 3987 1086 4148 generale
1122 3987 1354 4148 dijudicari
1387 3975 1580 4095 debent3
1622 3989 1792 4109 idest,

328 4209 358 4254 „
377 4168 452 4272 per
488 4129 711 4232 Antistites
747 4128 1003 4271 religionis,
1010 4165 1064 4228 et
1100 4129 1402 4300 gravissimos,
1438 4129 1789 4292 sapientissimos
1923 4124 1930 4192 ’Ὺ

325 4351 358 4395 ,,
375 4312 418 4375 et
462 4272 749 4374 sanctissimos
784 4282 930 4373 Patres
966 4309 1090 4373 more
1126 4279 1347 4402 majorum
1398 4273 1653 4393 constitui,
1693 4315 1790 4414 qua
1920 4274 1921 4277 Ὺ

327 4418 648 4556 „perversitate
691 4416 827 4580 quid
848 4451 994 4579 posset
1037 4455 1150 4516 esse
1163 4416 1449 4516 dementius?
1493 4416 1654 4516 Altam
1690 4457 1787 4517 esse
1921 4463 1922 4466 ¹

326 4631 360 4678 „
379 4558 631 4679 rationem,
670 4561 706 4660 si
742 4559 840 4699 quis
876 4560 922 4659 in
965 4554 1212 4659 Christiani
1244 4559 1462 4697 nominis
1456 4557 1640 4661 hostes
1654 4599 1786 4659 arma

325 4778 356 4825 „
372 4700 446 4845 pia
492 4738 677 4824 sumat,
722 4702 792 4806 vel
834 4692 1064 4856 publicam
1104 4739 1279 4807 causam
1319 4703 1525 4845 suscipiat
1573 4704 1785 4807 adversm

1700 4885 1782 4912 ,fl-
1918 4887 1919 4891 ,
