4034 5858
109 502 264 590 latis,ad
288 502 431 575 arbitros
443 523 622 602 provocat.
650 507 677 575 1.
697 527 779 600 233.

109 608 165 679 De
199 602 371 691 Pontificis
394 606 491 676 Max.
520 605 714 676 liberatione
736 607 778 677 lit

108 705 249 777 certior.
274 704 303 771 Ι.
333 724 414 797 134.
447 704 631 802 Epistolam
659 705 779 777 Gallo-

108 829 185 878 rum
209 802 296 900 Regi
332 803 468 874 scribit.
512 807 541 873 I.
561 824 643 898 133.
671 808 775 874 Fran-

107 904 234 976 ciscum
252 903 433 974 Gallorum
455 910 584 1001 Regem
614 927 673 1000 per
702 903 774 1001 epi-

106 1005 227 1075 stolam
251 1002 319 1093 ejus
339 1004 450 1100 legato
475 1006 632 1099 scriptam
651 1001 694 1072 ad
709 1003 773 1072 sin·

107 1105 222 1201 gulare
250 1123 419 1172 certamen
442 1122 606 1199 provocat
619 1103 674 1171 .Ἰ.
694 1125 776 1196 237.

107 1203 250 1277 Litteras
265 1203 436 1273 Francisco
449 1203 536 1301 Regi
554 1201 677 1285 scribit,
694 1202 775 1297 qui-

108 1303 172 1374 bus
198 1300 291 1374 falsas
316 1300 402 1373 illius
420 1302 662 1374 criminationes
676 1301 774 1373 refel-

107 1403 169 1474 lit.
185 1404 214 1471 Ι.
233 1426 250 1470 2
260 1400 316 1494 38.
339 1407 471 1473 Locum
489 1401 645 1499 singulari
662 1419 770 1473 certa-

109 1501 192 1573 mini
208 1500 375 1597 designat.
392 1504 421 1570 1.
439 1523 520 1592 240.
537 1500 671 1597 Imperii
681 1524 772 1574 exer-

107 1603 194 1672 citus
219 1623 385 1671 summam
412 1601 591 1673 Philiberto
629 1599 772 1671 Uraniae

108 1699 251 1796 Principi
271 1698 399 1772 defert.
427 1703 455 1769 Ι.
476 1719 558 1793 249.
591 1698 771 1770 Philiberto

108 1797 275 1883 mandat,
302 1817 341 1868 ut
363 1799 397 1869 in
418 1798 507 1871 bello
536 1797 772 1870 administran-

107 1900 156 1972 do
168 1948 179 1981 ,
192 1918 225 1969 et
258 1898 401 1970 consiliis
431 1898 598 1995 capiendis
624 1901 770 1969 Fernan·

107 2000 193 2072 dum
213 1999 415 2067 Alarconem
431 1997 608 2068 adhibeat.
637 1997 666 2065 1.
686 2019 769 2087 252.

109 2105 236 2172 Arcem
251 2095 410 2191 Neapolis
424 2096 506 2194 erigi
522 2095 627 2184 jubet.
643 2096 672 2162 Ι.
687 2119 771 2189 133.

108 2193 281 2270 Andream
320 2194 464 2266 Doriam
494 2219 573 2268 cum
608 2195 713 2266 classe
734 2197 771 2268 in

108 2318 203 2368 suam
228 2293 331 2366 fidem
354 2296 606 2389 clientelamque
632 2294 770 2391 recipit.

108 2399 139 2466 I.
158 2396 241 2483 264.
273 2394 423 2467 Henrico
439 2396 530 2466 Duci
549 2394 771 2466 Brunsvicen-

107 2490 324 2590 sinegotium
343 2492 425 2577 dat,
443 2515 482 2564 ut
504 2493 657 2565 confecta
680 2495 770 2566 mili·

107 2593 173 2665 tari
187 2615 291 2664 manu
313 2591 399 2664 hanc
414 2594 590 2689 Neapolim
611 2591 770 2667 deducat.

107 2696 138 2764 1.
158 2691 241 2761 281.
272 2692 419 2763 Duobus
443 2695 624 2765 Gallorum
646 2698 772 2768 exerci-

107 2791 200 2865 tibus
222 2789 356 2876 deletis,
369 2793 522 2888 publicae
545 2812 657 2863 tamen
667 2794 768 2866 Chri-

106 2890 293 2962 stianorum
320 2891 425 2984 quieti
445 2891 770 2975 consulens,foedus

108 3013 190 3061 cum
217 2990 391 3060 Clemente
420 2992 582 3064 Pontifice
617 2993 770 3087 aequissi-

12 3098 22 3116 ‘
108 3089 171 3160 mis
191 3087 440 3161 conditionibus
456 3091 621 3189 percutit.
638 3094 666 3160 1.
686 3095 767 3184 285.

108 3191 268 3261 Genuam
294 3189 450 3286 appellit.
475 3194 504 3261 1.
530 3193 613 3281 285.
651 3193 771 3264 Bono-

107 3288 200 3360 niam
221 3291 389 3384 pervenit.
411 3290 440 3358 I.
458 3292 539 3362 286.
562 3299 678 3363 Pacem
690 3317 769 3364 cum

107 3388 245 3458 Venetis
262 3386 362 3471 facie,
376 3407 409 3458 et
435 3388 591 3461 Sfortiam
618 3388 661 3459 ad
676 3415 770 3462 suam

109 3485 307 3585 dignitatem
323 3487 615 3584 Principatumque
637 3489 773 3562 Medio-

109 3588 276 3658 lanensem
297 3587 460 3657 restituit.
489 3592 517 3658 I.
546 3609 628 3675 291.
651 3597 771 3661 Pacem

108 3685 172 3756 init
195 3711 272 3756 curn
300 3686 471 3758 Francisco
493 3689 672 3759 Gallorum
698 3695 772 3764 Re-

110 3808 174 3882 ge.
206 3788 234 3854 I.
254 3803 335 3870 291.
371 3787 542 3857 Bononiae
566 3808 772 3860 coronatur.

109 3885 140 3953 1.
158 3901 240 3968 292.
274 3883 446 3954 Francisco
484 3886 662 3971 Gallorum
685 3889 774 3984 Regi

111 3981 300 4079 pensionem
334 4005 374 4057 ex
409 3985 520 4083 Regni
560 3985 774 4082 Neapolitani

111 4080 327 4177 vectigalibus
371 4085 571 4155 constituit.
618 4087 646 4155 Ι.
688 4102 772 4169 292.

108 4179 263 4253 Bononia
285 4179 319 4249 in
341 4181 558 4254 Germaniam
577 4182 773 4255 contendit.

109 4285 139 4351 Ι.
161 4298 243 4372 293.
270 4278 364 4349 Galli
378 4283 481 4379 Regis
500 4283 585 4353 lilios
608 4282 772 4354 liberandi

109 4381 283 4478 negotium
314 4381 529 4450 comestabili
555 4400 602 4450 et
620 4381 773 4453 Ludovi-

68 4488 72 4494 '
112 4503 154 4548 co
172 4475 322 4549 Phandio
347 4474 427 4547 dat.
452 4482 480 4547 Ι.
499 4500 582 4570 194.
621 4481 775 4578 Religio-

112 4577 161 4648 nis
195 4577 368 4672 negotium
395 4577 497 4666 rejicit
524 4580 557 4648 in
594 4600 776 4650 commune

96 4687 97 4697 ’
114 4673 380 4748 Christianorum
400 4677 666 4749 Ecclesiasticum
683 4685 777 4752 Con·

115 4774 230 4846 cilium
246 4820 256 4839 .
272 4775 300 4840 Ι.
321 4778 396 4865 306.
425 4779 464 4847 In
493 4774 681 4850 Flandriam
698 4803 778 4875 pro-

118 4871 288 4977 graditur.
311 4875 340 4942 Ι.
374 4880 450 4967 306.
481 4880 674 4952 Turcarum
697 4901 782 4951 con·

142 4981 279 5047 111111.

890 505 1038 579 sillorum
1056 507 1181 576 nuntiis
1200 507 1235 575 in
1254 508 1471 581 Germaniam
1489 532 1549 582 cu-

889 629 1029 701 ramque
1053 606 1098 676 rei
1126 604 1260 675 bellicae
1288 627 1481 680 revocatur.
1520 610 1550 678 1.

893 711 972 799 306.
1008 704 1224 803 legationem
1254 707 1356 777 mittit
1387 706 1430 778 ad
1463 709 1551 779 Gal-

889 808 1001 876 lorum
1022 808 1324 898 Britannorumque
1344 811 1462 903 Reges,
1479 831 1552 878 001·

887 928 955 999 que
973 904 1152 988 hortatur,
1182 924 1221 974 ut
1245 904 1279 972 iu
1305 906 1475 976 communi
1495 930 1550 1003 pe·

886 1003 993 1075 riculo
1020 1004 1189 1100 publicam
1212 1003 1394 1102 Religionis
1412 1006 1550 1075 liberta-

885 1104 997 1197 tisque
1008 1103 1212 1174 Christianae
1218 1127 1349 1174 causam
1362 1104 1548 1200 suscipiant.

885 1204 915 1272 Ι.
938 1226 1018 1296 311.
1065 1201 1212 1276 Conciso
1233 1204 1425 1273 Turcarum
1451 1204 1550 1296 equi-

886 1322 982 1386 tatu,
994 1300 1216 1401 eosfugientes
1235 1302 1385 1399 persequi
1408 1327 1475 1373 ere
1494 1299 1549 1372 so-

887 1425 923 1473 re
946 1424 1015 1471 non
1033 1403 1219 1473 existimat.
1248 1404 1276 1470 Ι.
1304 1403 1384 1496 318.
1412 1404 1451 1471 111
1477 1403 1548 1470 Ita·

887 1501 965 1570 liam
991 1501 1158 1595 pervenit.
1180 1503 1209 1570 Ι.
1232 1523 1310 1594 340.
1337 1503 1546 1572 Clementem

885 1599 1083 1672 Pontificem
1112 1623 1171 1696 per
1202 1603 1348 1698 legatum
1379 1618 1546 1697 precatur,

865 1736 867 1739 v
885 1723 928 1769 ne
948 1719 1072 1770 ceteros
1103 1699 1306 1771 Christianos
1323 1700 1488 1796 Principes
1502 1696 1546 1770 ad

885 1798 1010 1868 bellum
1034 1797 1203 1870 cohortari
1228 1819 1393 1895 gravetur.
1416 1802 1444 1867 Ι.
1462 1820 1545 1893 341.

885 1897 1074 1992 Principum
1116 1896 1381 1968 Christianorum
1421 1899 1546 1968 auxilio

886 2019 956 2065 non
970 1994 1171 2092 impetrat0,
1191 1993 1387 2093 praesidium
1409 1996 1504 2082 jubet
1526 2019 1547 2066 a

886 2099 1024 2165 Corone
1045 2093 1188 2166 deduci.
1220 2097 1249 2164 Ι.
1278 2118 1356 2188 343.
1399 2094 1546 2166 Classem

885 2192 1041 2265 adversus
1062 2193 1292 2266 Charadinum
1319 2193 1461 2264 Tunetis
1478 2194 1545 2266 im-

886 2295 978 2392 perio
994 2293 1236 2384 dejiciendum,
1256 2314 1356 2391 prout
1390 2296 1547 2364 Hazenus

885 2400 962 2469 Rex
997 2419 1056 2493 per
1077 2399 1203 2494 legatos
1225 2395 1267 2464 ab
1291 2393 1408 2465 eodem
1437 2392 1545 2489 petit,

884 2493 1060 2592 diligenter
1074 2513 1267 2592 comparat.
1291 2497 1318 2564 I.
1341 2515 1418 2588 330.
1442 2500 1545 2591 Lega-

883 2613 937 2664 tos
964 2593 1005 2664 de
1030 2595 1119 2665 bello
1141 2595 1292 2664 adversus
1316 2591 1546 2676 Charadinum

885 2692 930 2763 ad
956 2694 1152 2766 Pontificem
1187 2697 1281 2765 Max.
1318 2713 1351 2763 et
1383 2691 1546 2786 quosdam

883 2792 1051 2889 Principes
1069 2794 1197 2864 mittit.
1219 2795 1248 2860 Ι.
1268 2812 1348 2887 331.
1376 2795 1545 2862 Tunetem

885 2890 1035 2963 aditurus
1065 2892 1126 2963 sibi
1144 2915 1271 2988 >parem
1310 2891 1544 2965 auctoritatem

884 2991 1039 3063 Isabellae
1057 2991 1155 3063 uxori
1177 2989 1303 3063 defert.
1323 2993 1351 3059 l.
1373 3013 1452 3086 331.
1478 2995 1544 3061 Ca·

883 3092 992 3162 stellae
1009 3096 1205 3190 Regnorum
1224 3089 1541 3162 administrationem

884 3190 980 3261 simul
1004 3195 1103 3261 etiarn
1131 3193 1279 3261 Taverae
1310 3189 1480 3260 Cardinali
1508 3209 1543 3259 01

884 3290 1268 3362 CastellaeComestabili
1279 3289 1504 3359 commendat.
1513 3292 1543 3357 I.

890 3411 970 3482 331.
1013 3389 1232 3466 Barcinonem
1276 3387 1476 3457 contendit.
1512 3390 1542 3457 1.

890 3511 970 3582 352.
985 3488 1108 3559 Edicto
1131 3488 1268 3585 publico
1295 3485 1461 3558 interdicit
1477 3534 1488 3567 ,
1503 3511 1546 3557 ne

884 3592 1032 3683 jumenta
1060 3588 1272 3669 sarcinaria,
1311 3610 1394 3656 neve
1430 3585 1546 3679 impu-

886 3690 1006 3770 beres,
1038 3706 1096 3756 aut
1120 3688 1288 3771 mulieres,
1302 3704 1362 3754 aut
1377 3685 1547 3770 monachi,

885 3784 1108 3860 sacerdotesve
1131 3805 1261 3883 praeter
1294 3807 1416 3881 paucos
1453 3785 1547 3855 navi«

887 3888 948 3958 bus
961 3885 1196 3980 imponantur.
1229 3886 1257 3952 Ι.
1279 3906 1357 3979 333.
1382 3883 1549 3956 Euchari-

885 3986 966 4057 stiae
986 3983 1100 4055 divino
1130 3983 1207 4056 cibo
1227 3981 1417 4079 frequenter
1440 3982 1547 4054 refici-

886 4105 961 4156 tur.
995 4086 1024 4152 Ι.
1062 4106 1142 4176 333.
1180 4085 1310 4154 Navem
1331 4085 1547 4179 praetoriam

886 4183 1104 4256 conscendit.
1137 4185 1168 4252 1.
1203 4204 1282 4274 333.
1322 4184 1362 4251 In
1402 4182 1550 4252 Baleares

889 4277 1046 4374 majores,
1070 4303 1104 4353 et
1133 4282 1251 4353 deinde
1275 4282 1310 4351 in
1329 4280 1472 4350 minores
1490 4278 1550 4352 de-

887 4381 1038 4454 scendit.
1069 4385 1097 4451 Ι.
1130 4386 1208 4476 336.
1228 4379 1408 4452 Sardiniam
1433 4404 1549 4477 perve-

890 4483 958 4552 nit.
993 4485 1022 4550 1.
1050 4485 1130 4573 336.
1172 4479 1230 4551 Ad
1266 4479 1382 4550 Uticae
1411 4500 1552 4577 portum

890 4605 982 4651 nunc
1005 4587 1128 4650 Furinae
1149 4579 1423 4678 cognominatum
1442 4605 1552 4678 perve-

891 4680 966 4752 nit.
994 4685 1022 4748 1.
1059 4684 1136 4772 336.
1175 4683 1332 4751 Duamm
1357 4681 1552 4777 scapharum

893 4780 1102 4850 Gallicarum
1131 4777 1312 4876 praefectos
1339 4781 1477 4850 retinere
1497 4781 1552 4868 ju-

895 4878 953 4953 bet
965 4903 976 4961 3
998 4875 1118 4953 deinde
1142 4882 1322 4955 Gallorum
1344 4882 1444 4979 Regis
1462 4881 1554 4976 lega-

1255 4991 1286 5052 D
1519 4996 1557 5052 to
