3998 5850
371 485 374 489 -
466 426 803 524 ernostv.
844 443 959 522 trs.
992 445 1161 525 ιιιιιιι
1368 367 1559 550 *503⁷⁴

69 638 146 725 te,
183 635 396 742 suamque
433 635 647 740 operam,
678 596 902 759 gratiam
905 636 950 727 et
998 596 1297 703 auctoritatem
1335 595 1537 703 deferen

70 785 143 850 te.
181 757 286 846 Erat
320 780 468 844 autem
505 741 774 882 Reginaldus
813 740 995 842 natione
1030 742 1257 842 Britannus
1294 745 1537 887 ,Regibus

51 885 447 1029 consanguinitate
500 883 822 1027 propinquus,
862 882 932 986 vir
980 883 1029 983 in
1068 883 1222 1024 primis
1286 868 1441 987 doetus
1493 924 1538 990 et
1677 930 1679 935 ·

40 1119 42 1121 .
71 1029 310 1149 facundus,
341 1023 540 1150 moribus
582 1027 934 1192 probatissimis,
973 1025 1183 1189 singulari
1218 1032 1464 1130 constantia
1495 1068 1539 1147 ct

70 1172 282 1336 religione
303 1172 504 1333 ,quique
527 1170 712 1299 Henrici
744 1168 802 1270 ab
826 1169 1015 1270 Ecclesia
1051 1168 1282 1272 Catholica
1323 1156 1534 1308 deficien-

71 1317 127 1417 tis
147 1315 286 1455 impia
318 1313 497 1416 consilia
526 1347 569 1414 et
596 1350 776 1415 conatus
809 1352 903 1414 non
931 1310 1120 1413 obscure
1146 1297 1417 1433 damnaret;
1424 1340 1542 1457 qua-

71 1495 173 1560 rum
230 1456 439 1557 virtutum
497 1456 703 1619 opinione
752 1456 951 1556 aPaulo
1004 1466 1073 1555 III.
1128 1453 1341 1567 Pontifice
1388 1459 1540 1559 Maxi-

73 1639 151 1701 mo
202 1610 399 1702 Romam
452 1600 679 1699 accersitus
717 1632 825 1715 est,
859 1633 902 1697 et
938 1599 986 1698 in
1044 1575 1345 1698 Cardinalium
1389 1602 1539 1703 Colle-'-

73 1743 200 1885 gium
238 1776 500 1883 cooptatus.
550 1741 670 1869 Huic
713 1738 847 1880 igitur
885 1741 1048 1879 patriae
1069 1740 1226 1840 salutis
1275 1741 1538 1874 studiosissi-

73 1927 153 1987 mo
191 1923 378 2024 ,quarn
418 1883 602 1983 Henrici
656 1882 793 2022 Regis
830 1877 954 1981 furor
1004 1923 1055 1981 ae
1092 1882 1284 1982 Eduardi
1323 1875 1405 1983 filii
1437 1925 1540 2016 cae-

75 2029 178 2127 citas
213 2026 261 2124 in
295 2022 601 2124 barathrum
589 2023 827 2185 rmpietatis
880 2023 1320 2163 praecipitaverant,
1360 2027 1538 2165 cupien·⁸
1620 2048 1622 2051 ’

74 2171 109 2268 ti
147 2207 197 2269 ac
235 2166 433 2310 poscenti
481 2165 713 2328 negotium
753 2208 779 2267 a
822 2163 1032 2265 Pontifice
1068 2167 1271 2266 Maximo
1306 2206 1409 2268 cum
1446 2207 1539 2269 ma-

20 2353 22 2358 ’
76 2350 164 2452 gna
193 2349 336 2412 rerum
370 2348 574 2409 ommum
610 2311 665 2408 ad
682 2308 969 2447 Religionem
1005 2344 1048 2410 et
1082 2309 1264 2411 salutern
1297 2312 1539 2411 ammarum

74 2453 389 2593 pertinentium
432 2480 644 2615 potestate
681 2452 833 2551 datum
866 2485 957 2569 est,
991 2486 1041 2551 ut
1076 2489 1173 2591 per
1194 2452 1383 2591 speciem
1416 2453 1539 2594 lega-

78 2594 209 2694 tionis
261 2596 314 2696 de
359 2634 464 2734 pace
505 2595 618 2695 inter
657 2594 869 2695 Carolum
914 2606 1142 2694 Caesarem
1201 2626 1244 2691 et
1298 2595 1541 2696 Henricum

78 2737 262 2838 Galliae
278 2750 452 2877 Regem
489 2733 807 2835 concilianda
794 2771 842 2834 m
874 2733 1074 2872 Belgium
1106 2735 1162 2832 ad
1190 2735 1401 2835 Carolum
1435 2775 1543 2836 con-

79 2881 302 2978 tenderet
314 2878 514 3017 ‚ibique
554 2869 785 3015 Philippo
806 2910 849 2975 et
869 2875 1089 2993 Κεσίιιιι,
1116 2913 1309 3015 quorum
1341 2878 1545 2979 volunta-

78 3039 123 3119 te
147 3057 278 3160 atque
304 3020 436 3121 etiam
467 3018 643 3118 hortatu
667 3017 818 3118 omnia
857 2951 1148 3180 gerebaquir,
1179 3017 1434 3118 certioribus
1467 3058 1543 3169 pet

79 3162 256 3263 litteras
270 3195 314 3261 et
346 3161 530 3262 nuntios
568 3141 763 3261 occultos
794 3152 961 3281 factis,
984 3160 1047 3260 rei
1083 3156 1194 3260 bene
1230 3163 1440 3301 gerendae
1463 3203 1543 3263 oc-

76 3304 298 3407 casionem
351 3338 636 3444 exspectaret.

140 3456 389 3547 XXXVIII.
467 3443 693 3587 Philippus
729 3477 877 3547 autem
936 3480 979 3545 et
1017 3440 1237 3606 Regina,
1276 3441 1515 3584 quibus
1470 3484 1543 3547 m-

81 3585 144 3687 hil
172 3623 261 3689 erat
298 3590 483 3730 potius,
519 3627 653 3728 quarn
682 3624 731 3688 ut
768 3587 1034 3693 Britanniam
1070 3587 1119 3687 in
1155 3586 1386 3727 pristinum
1417 3588 1541 3688 Reli·

80 3730 241 3893 gionis
270 3764 425 3832 statum
459 3732 696 3872 Fidemque
728 3728 1007 3832 Catholicam
1038 3728 1307 3829 restituerent
1331 3731 1542 3868 ,prima

79 3873 168 3971 rios
204 3873 350 3995 ciues,
375 3913 487 4015 quos
521 3873 706 4015 negotio
733 3870 1009 3974 conficiendo
1036 3906 1323 4011 opportunos
1353 3911 1440 3972 esse
1473 3882 1540 4003 ju-

81 4011 320 4135 dicabant,
358 4016 587 4160 separatim
624 4016 866 4159 appellare,
893 4053 1105 4135 monere,
1132 4011 1298 4116 hortati
1335 4053 1426 4114 non
1463 4015 1541 4113 de·
1600 4103 1603 4109 .

82 4156 289 4276 sistunt,
324 4193 384 4258 ut
409 4198 491 4300 pro
529 4200 573 4260 se
609 4162 829 4323 quisque
840 4196 1124 4323 communem
1163 4156 1322 4299 patriae
1368 4193 1542 4257 causam

21 4416 24 4419 A
82 4300 322 4439 SUSCsplBI,
340 4342 432 4441 quO
459 4341 573 4403 CI'I'OI
601 4302 988 4442 perniciosissimus
1015 4342 1066 4403 ex
1085 4301 1392 4401 Britannorum
1420 4337 1542 4401 men
1647 4366 1648 4369 ¹
1713 4419 1716 4426 Ι
1771 4355 1776 4364 ’

80 4438 197 4540 tibus
233 4445 509 4585 depellatur,
541 4485 675 4607 quem
714 4484 907 4570 errorem
945 4442 1127 4548 Henrici
1168 4442 1306 4584 Regis
1344 4436 1465 4542 furor
1498 4476 1543 4541 et

82 4583 319 4721 pertinacia
347 4626 423 4726 pet
457 4587 620 4729 impios
654 4589 924 4690 administros
951 4586 1236 4705 induxisset,
1271 4587 1378 4686 dum
1421 4610 1543 4685 suam

81 4725 319 4912 Regnique
356 4730 539 4833 salutem
587 4768 631 4835 et
671 4727 835 4873 famam
892 4729 1088 4901 priuatis
1124 4663 1458 4847 simtiltatibus,
1499 4748 1542 4823 et

1472 4865 1542 4966 in-
