4170 5866
607 391 858 475 cauom
898 391 953 474 ιι.
997 393 1114 475 ιιι.
1146 399 1242 481 xx.
1522 419 1606 510 153

190 548 425 658 haberent.
479 558 583 651 Erat
617 586 775 652 autem
800 588 957 653 eorum
1002 550 1108 651 alter
1144 553 1295 674 Petri,
1326 552 1431 659 alter
1466 562 1648 664 Gatciae

190 701 341 821 Lassi,
378 697 453 799 sed
489 694 652 796 nothus
695 694 854 814 filius,
881 733 1074 835 quorum
1109 704 1257 797 Petms
1310 702 1529 860 popularis
1578 745 1648 805 se-

189 843 395 945 cessionis
431 843 590 941 ducem
626 881 671 940 se
706 874 750 939 et
785 874 1010 939 auctorem
1052 878 1154 940 cum
1206 856 1355 983 paucis
1392 845 1647 986 praebuerat

189 987 451 1104 Toletanis,
479 983 654 1084 Garcias
689 982 739 1084 in
773 977 890 1082 bello
926 983 1127 1104 Gallico,
1144 985 1255 1084 dum
1289 989 1502 1091 Carolum
1537 1004 1646 1094 Cae-

188 1167 330 1231 sarem
365 1121 606 1270 praefectus
641 1164 926 1269 sequeretur,
955 1127 1002 1226 in
1037 1126 1374 1288 oppugnatione
1411 1133 1536 1233 turris
1572 1176 1648 1235 cu-

186 1274 398 1408 jusdam,
431 1272 524 1372 ictu
559 1270 716 1414 lapidis
750 1271 897 1434 capite
940 1307 1281 1389 comminuto,
1276 1273 1543 1397 ceciderat,
1577 1277 1647 1378 vir

189 1416 398 1580 singulari
434 1416 596 1516 virtute
632 1456 683 1517 ac
719 1415 849 1515 omni
883 1412 1155 1517 humanitate
1190 1354 1543 1578 litterarumque
1561 1420 1648 1522 do-

190 1563 329 1663 ctrina
362 1558 802 1720 praestans.1taque
838 1592 1012 1714 patrum
1047 1559 1293 1660 recordatio
1331 1564 1448 1701 apud
1485 1575 1649 1665 Caesa·
1666 1564 1669 1570 ’

188 1743 281 1805 rem
312 1740 582 1864 ,quantum
631 1740 759 1807 umus
812 1738 935 1843 grata
984 1699 1301 1864 suffragabatur
1351 1706 1650 1831 adveniam,

185 1883 362 1949 tantum
397 1847 570 1948 alterius
606 1844 763 1946 odiosa
797 1882 1095 1948 communiter
1146 1845 1494 1948 adolescentibus
1545 1846 1650 1954 offi

186 1990 368 2112 ciebat,
401 2030 485 2132 pro
522 2028 715 2133 quorum
751 1989 886 2090 salute
922 1990 1062 2091 duo
1050 2027 1099 2090 ιιι
1136 1990 1282 2129 primis
1325 2031 1522 2093 summae
1567 2035 1648 2096 au

187 2136 402 2237 ctoritatis
438 2131 701 2254 Pontifices,
737 2135 975 2236 Toletanus
1012 2168 1055 2233 et
1090 2134 1393 2273 Hispalensis,
1431 2172 1474 2235 et
1511 2136 1650 2241 iidem
1693 2131 1695 2134 ⁵
1752 2169 1753 2173 ‘

191 2279 402 2381 Ecclesiae
436 2289 668 2380 Romanae
704 2278 957 2380 Cardinales
993 2278 1236 2379 Carolum
1244 2279 1413 2421 magnis
1450 2279 1650 2420 precibus

188 2426 498 2524 contendentes
534 2420 755 2562 deprecati
790 2456 915 2522 sunt:
948 2422 1129 2523 Carolus
1155 2456 1303 2524 tamen
1338 2422 1496 2523 nullius
1533 2462 1649 2544 sese,

186 2602 496 2730 praeterquam
523 2565 749 2728 Philippi
748 2564 827 2665 filii
863 2561 1064 2730 precibus
1081 2567 1251 2665 exorari
1275 2605 1417 2728 passus
1455 2602 1545 2685 est,
1569 2607 1649 2667 nec

182 2710 310 2812 aliter
331 2753 508 2855 ,quam
543 2747 593 2811 ut
621 2708 773 2850 capitis
809 2749 953 2851 poena
987 2709 1035 2809 in
1071 2709 1266 2850 proximi
1302 2707 1469 2812 biennii
1505 2748 1648 2810 carce

76 2864 82 2873 “
180 2891 279 2955 rem
323 2892 610 2973 mutaretur,
648 2863 769 2984 cujus
812 2893 937 2954 causa
986 2853 1033 2952 in
1079 2891 1224 2953 arcem
1259 2849 1650 2989 Methymnensem

172 2997 309 3098 missi
337 3038 460 3121 sunt,
487 3034 531 3099 et
567 2996 773 3100 deinde
760 3035 809 3097 ιιι
842 3031 1105 3140 perpetuum
1141 3037 1167 3095 a
1201 2995 1387 3098 Castella
1422 2996 1645 3098 exsilium.

238 3151 408 3247 XX.V
482 3156 651 3245 Interea
687 3140 871 3243 Carolus
869 3139 1259 3304 Aragonensium
1307 3139 1477 3240 indicto
1519 3154 1648 3243 Con

171 3286 327 3407 cilio,
324 3289 538 3451 'quod
526 3326 637 3388 rtem
672 3284 903 3386 consuevit
958 3284 1091 3384 tertio
1129 3323 1313 3425 quoque
1364 3324 1511 3384 anno
1535 3323 1648 3385 con-

169 3432 374 3552 vocari,
411 3474 464 3533 ex
499 3429 728 3533 Valdolito
764 3429 942 3529 decimo
978 3427 1194 3527 Kalendas
1231 3425 1396 3565 Junii,
1437 3426 1517 3569 qui
1563 3419 1647 3525 fuit

168 3616 326 3677 annus
361 3571 526 3676 Christi
575 3573 824 3701 millesimus
869 3570 1242 3714 quingentesimus
1290 3569 1644 3712 quadragesimus
1667 3614 1760 3688 Arm
1773 3639 1849 3694 m
1851 3645 1932 3697 „u

160 3722 450 3839 secundus,
469 3720 809 3835 Montisonem,
844 3748 1080 3814 assectante
1115 3713 1321 3876 Philippo
1359 3712 1497 3834 filio,
1538 3752 1647 3876 prq-

165 3863 434 3984 ficiscimr,
472 3864 596 4004 quod
646 3860 865 4005 oppidum
901 3857 1310 4000 Aragonensium,
1340 3858 1421 3999 qui
1471 3857 1649 3998 proprie

158 3943 491 4147 intelliguniur
529 4085 544 4128 ,
595 4043 639 4107 ct
688 3994 1001 4106 Catalanorum
1060 4001 1488 4141 Valentinorumque
1537 4034 1648 4101 con-

164 4189 316 4251 sensu
368 4149 677 4252 communibus
714 4148 927 4251 Conciliis
979 4144 1191 4249 habendis
1242 4145 1507 4247 destinatum
1556 4178 1648 4264 est,

178 4327 427 4458 propterea
464 4295 648 4435 quod
637 4333 685 4393 ιιι
721 4291 918 4394 confinio
955 4331 1093 4431 paene
1128 4289 1266 4390 trium
1317 4288 1487 4388 illarum
1541 4327 1649 4430 gen-

167 4438 306 4539 tium
342 4432 507 4553 feraci,
544 4467 600 4540 ut
630 4436 683 4536 in
712 4433 796 4536 illis
832 4432 1116 4598 regionibus,
1140 4467 1188 4543 et
1224 4470 1414 4532 amoeno
1451 4433 1552 4532 loco
1588 4433 1646 4532 ad

168 4578 767 4725 1ipamCingaelluminis
818 4579 950 4679 situm
985 4611 1078 4677 est.
1116 4587 1323 4720 Burgos,
1359 4613 1482 4678 vetus
1518 4582 1649 4675 Mus-

178 4720 441 4864 burgorum
476 4725 619 4870 gentis
655 4721 963 4849 vocabulum,
993 4724 1066 4822 sed
1116 4762 1168 4821 cx
1218 4757 1338 4863 parte
1389 4743 1649 4860 corruptum

259 4870 373 4970 Τοιιι
393 4879 449 4970 Π.
660 4949 664 4958 ι
1253 4874 1298 4976 ιζ
1584 4897 1651 4959 re·
