4102 5864
402 442 408 448 ’
530 418 687 535 338,
894 431 1502 519 uanuuusoasrrs

490 592 641 732 Itaque
677 584 964 691 constitutum
1001 628 1063 690 est
1100 589 1333 691 communi
1366 585 1621 711 sententia,
1657 624 1707 690 ut
1741 584 1960 694 omnium

492 740 548 838 de
583 733 817 873 Religione
853 735 1245 837 controversiarum
1280 732 1494 895 judicium
1531 735 1583 834 ad
1606 735 1860 835 Concilium
1882 748 1957 836 Sa·

451 931 453 934 >
494 879 722 980 cerdotum
758 879 956 1019 generale
992 875 1254 996 deferretur,
1274 913 1318 977 et
1355 876 1529 976 interim
1563 878 1743 1018 Religio
1778 876 1954 980 Catho-

494 1020 651 1124 lico
617 1058 703 1124 rrtu
739 1022 978 1122 coleretur.
1030 1035 1100 1123 De
1137 1020 1202 1121 his
1229 1019 1431 1120 consultis
1466 1053 1612 1159 atque
1631 1019 1808 1123 decretis
1844 1061 1955 1123 cunr

494 1199 601 1264 esset
635 1166 843 1305 scriptura
878 1163 1051 1304 publice
1086 1202 1160 1305 per
1195 1199 1278 1263 tres
1312 1163 1553 1302 Episcopos
1588 1158 1820 1282 confecta,
1857 1203 1956 1265 rut·

495 1348 563 1406 sus
599 1308 871 1446 Principibus
916 1344 1047 1447 atque
1099 1306 1295 1448 legatis
1284 1345 1332 1405 rn
1367 1306 1516 1405 locum
1564 1344 1702 1405 unum
1751 1307 1955 1428 coactis,

407 1513 409 1517 ν
495 1459 680 1550 Carolus
715 1453 1003 1550 Germanos
993 1452 1243 1549 iterumad
1278 1448 1569 1549 concordiam
1594 1448 1740 1587 paucis
1778 1447 1953 1569 verbis,

497 1594 572 1691 sed
624 1593 885 1732 gravissimis
936 1591 1234 1710 cohortatus,
1268 1590 1467 1692 libellum
1530 1590 1673 1731 palam
1736 1589 1957 1692 omnibus

496 1735 663 1833 recitari
698 1732 847 1866 jubet.
892 1735 987 1855 Qui
1023 1771 1124 1833 cum
1161 1768 1267 1833 esset
1300 1714 1473 1850 lectus,
1523 1732 1821 1873 Moguntinus
1863 1740 1958 1833 Ar·

496 1873 843 2036 chiepiscopus,
896 1875 977 2016 qui
1013 1877 1252 2016 principem
1286 1875 1495 1974 locum
1483 1911 1596 1975 mter
1632 1914 1787 1973 omnes
1842 1885 1957 1976 Ger·

495 2055 671 2118 mamae
706 2019 925 2157 Principes
960 2052 1055 2118 rum
1090 2056 1252 2137 sacros,
1272 2053 1371 2118 tum
1396 2015 1529 2119 etiam
1565 2011 1773 2156 profanos
1810 2053 1959 2136 tenet,

393 2224 396 2230 ‹
494 2198 579 2300 pro
616 2160 779 2260 cunctis
814 2160 985 2259 locutus
1021 2196 1118 2279 est,
1158 2196 1201 2259 ct
1244 2157 1423 2299 publico
1473 2160 1728 2260 Germaniae
1765 2162 1960 2265 nornine
2011 2242 2021 2260 ,

496 2336 540 2399 et
576 2304 830 2401 auctoritate
865 2303 1046 2401 decretis
1081 2301 1333 2402 collaudatis
1367 2337 1410 2400 et
1445 2299 1739 2462 approbatis,
1784 2305 1960 2440 gratias

496 2440 638 2542 verbis
673 2442 944 2582 amplissimis
981 2444 1072 2585 ogit
1106 2438 1266 2544 Carolo
1302 2443 1506 2563 Caesari,
1547 2444 1626 2585 qui
1661 2479 1840 2543 tantum
1881 2486 1962 2547 cu-

496 2623 566 2684 rae
602 2624 683 2724 pro
720 2585 857 2723 patria
893 2586 1183 2724 suscepisset,
1219 2620 1391 2683 tantum
1427 2583 1628 2705 laboris,
1662 2621 1711 2690 ut
1761 2597 1962 2688 Germa·

496 2726 595 2825 niae
629 2725 910 2866 Reipublicae
945 2729 1070 2842 saluti
1105 2763 1150 2827 ct
1185 2730 1391 2868 drgnrtatr
1426 2663 1687 2828 difficillrino
1724 2737 1822 2860 ejus
1843 2767 1962 2831 tem·

493 2906 604 3007 pore
639 2870 909 2989 consuleret,
945 2868 1171 2970 hausisset
1211 2871 1384 2971 Deinde
1420 2869 1588 2971 libellus
1624 2869 1742 2990 ille,
1782 2873 1962 2975 Latino

497 3043 542 3106 et
578 3013 838 3110 Germanico
874 3048 1072 3112 sermone
1107 3012 1342 3153 descriptus
1376 3090 1391 3132 ,
1429 3049 1721 3165 peromnem
1757 3022 1961 3115 Germa-

497 3148 622 3250 niam
672 3150 895 3291 evulgatus
930 3187 1019 3252 est
1074 3163 1294 3257 Praeterea
1342 3189 1423 3254 tres
1472 3154 1679 3296 Episcopi
1727 3194 1752 3253 a
1812 3158 1961 3259 Paulo

498 3292 657 3392 Tertio
693 3293 906 3393 Pontifice
940 3295 1194 3396 Maximo
1181 3335 1227 3396 m
1272 3298 1552 3399 Germaniam
1587 3336 1689 3396 cum
1730 3301 1963 3402 mandatis

496 3466 540 3530 et
575 3467 786 3573 potestate
822 3436 990 3557 missi,
1024 3439 1124 3598 qui
1139 3438 1416 3539 redeuntibus
1453 3442 1509 3540 ad
1552 3439 1782 3539 sanitatem
1839 3452 1963 3543 Ger·

496 3576 903 3822 manisfsuperioris
938 3578 1148 3720 temporis
1183 3582 1445 3682 delictorum
1481 3617 1523 3683 et
1565 3582 1810 3720 impietatis
1846 3624 1960 3727 gra-

499 3748 606 3815 tram
662 3758 829 3821 accrent

567 3869 796 3963 XXXVII.
870 3874 918 3961 In
955 3867 1112 3964 eodem
1147 3876 1383 3965 Conventu
1419 3865 1474 3965 de
1509 3862 1754 3984 sumtibus,
1794 3907 1822 3967 a
1860 3878 1960 3972 Ca-

419 4008 420 4011 ‘
493 3999 593 4125 rolo
628 4015 805 4104 Caesare
846 4002 964 4103 bello
1007 4006 1270 4106 Germanico
1307 4002 1473 4127 factis,
1527 4008 1799 4148 disputatum
1854 4049 1955 4116 est.

491 4119 631 4261 Quod
667 4141 828 4245 bellum
863 4149 1055 4266 eumad
1091 4147 1347 4248 Germaniae
1383 4083 1562 4249 saltitem
1598 4186 1642 4250 et
1677 4151 1958 4313 dignitatern

494 4285 683 4387 maxime
720 4286 933 4425 pertinere
967 4289 1109 4388 visum
1146 4325 1285 4408 esset,
1318 4325 1369 4389 ut
1405 4331 1454 4390 ca
1488 4300 1653 4421 jactura
1689 4326 1733 4391 et
1768 4296 1959 4435 impen-

491 4459 561 4520 sae
597 4426 881 4547 sarcirentur,
916 4431 1127 4570 imperata
1163 4432 1388 4532 Germanis
1425 4469 1545 4552 sunt,
1565 4471 1614 4533 ut
1651 4435 1844 4573 quidam
1884 4478 1955 4539 ra·

489 4561 661 4667 tionem
695 4567 923 4691 inierunt,
958 4611 1243 4673 nummorum
1279 4613 1511 4675 aureorum
1547 4575 1687 4675 decies
1724 4613 1772 4678 et
1808 4580 1950 4680 sexies

483 4740 664 4810 centena
697 4709 832 4811 millia
857 4754 1023 4857 ,quae
1061 4749 1156 4816 tum
1191 4757 1216 4816 a
1250 4715 1542 4857 Principibus,
1581 4754 1739 4830 tuma
1780 4721 1948 4847 civita-

1885 4863 1947 4964 ti.
