4042 5864
361 415 473 490 MAR
1124 418 1238 495 MAU
1464 496 1470 501 .

113 516 232 591 Filium
258 513 361 600 edit,
397 515 458 589 cui‘
488 535 614 587 nomen
648 520 774 592 Carolo
833 524 1054 616 Marquesena
1077 521 1191 591 vicus.
1218 525 1264 591 II.
1283 520 1365 614 287.

113 614 318 714 imponitur.
350 619 396 686 Π.
429 617 511 685 262.
537 619 672 708 Qarto
700 637 776 716 post
832 618 1076 695 Marramaldus
1097 619 1258 690 fabatius
1283 616 1433 715 praesidii
1455 618 1550 690 Lau·
1642 682 1644 687 .

113 717 167 789 die
203 714 300 785 obit.
334 718 382 786 ΙΙ.
418 719 501 785 262.
540 712 688 789 Effertur
722 719 776 790 in·
882 721 986 793 densis
1014 716 1196 816 praefectus
1229 718 1339 789 nudus
1371 720 1405 789 in
1438 739 1547 789 arcem

111 814 218 916 genti,
234 811 357 886 funeris
389 834 575 913 apparatu.
614 822 661 888 II.
693 823 775 912 263.
882 845 914 894 se
943 819 1079 915 recipit.
1109 822 1136 888 1.
1159 839 1238 909 195.
1261 822 1301 889 In
1323 817 1478 914 perfidiae
1494 839 1548 885 su-

113 918 301 988 Granatam
333 911 377 985 ad
405 916 513 1015 Regia
554 938 776 992 monumenta
882 919 1060 1018 spicionem
1084 917 1166 990 falso
1191 919 1307 990 venit.
1343 923 1370 988 Ι.
1391 941 1468 1009 270.
1490 914 1550 988 Ad

90 1016 92 1019 ’
112 1012 333 1087 transfertur.
356 1019 404 1087 II.
424 1024 506 1109 2⁶3·
881 1044 974 1092 suam
1002 1019 1197 1116 dignitatem
1213 1068 1224 1102 ,
1239 1038 1271 1090 et
1291 1017 1448 1113 Neapolis
1467 1038 1567 1110 por-.

65 1118 173 1190 Maria
195 1114 360 1186 Ludovici
383 1115 562 1189 Bohemiae
588 1163 600 1200 ,
630 1118 776 1216 Hunga-
881 1140 951 1191 tam
979 1119 1184 1189 restituitur.
1214 1125 1242 1188 l.
1261 1142 1341 1210 271.
1370 1115 1547 1188 Pistorium

114 1217 248 1308 tiaeque
271 1213 374 1312 Regis
402 1239 512 1287 uxor.
541 1221 576 1286 I..
598 1217 654 1311 38.
678 1220 776 1288 Plan·
881 1244 958 1291 cum
978 1217 1139 1315 praesidio
1154 1218 1307 1288 obtinet.
1337 1221 1365 1286 I.
1385 1236 1467 1303 299.

114 1313 222 1386 dn'am
237 1337 301 1410 pro
329 1317 456 1386 Carolo
478 1313 579 1385 fratre
606 1335 775 1413 procurat.
832 1321 1065 1392 Marrochinus
1081 1326 1096 1404 (
1108 1320 1332 1398 Franciscus).
1363 1323 1390 1386 I.
1409 1319 1487 1402 196.

112 1419 160 1487 11.
172 1433 229 1504 97·
256 1417 312 1484 De
335 1414 484 1485 motibus
502 1413 777 1489 Gandavcnsium
831 1418 952 1494 Marsia
976 1418 1093 1488 nobilis
1121 1436 1154 1486 ct
1189 1415 1325 1513 pulchra
1354 1416 1548 1486 adolescen-

112 1536 172 1612 per
187 1514 310 1583 litteras
333 1515 497 1585 Carolum
521 1516 696 1588 certiorem
723 1514 777 1586 fa·
879 1521 950 1588 tula
978 1543 1019 1590 ex
1050 1519 1198 1614 Reginae
1236 1516 1414 1586 comitibus
1451 1535 1549 1584 causa

116 1615 234 1683 eit.Il.
252 1632 310 1704 97.
343 1614 458 1684 Caroli
485 1636 641 1710 germana
664 1613 778 1687 Ludo-
881 1618 1004 1701 exsistit
1047 1615 1232 1686 certaminis
1266 1616 1437 1714 singularis
1460 1615 1546 1683 inter

37 1712 39 1715 ’
99 1712 191 1783 uico
208 1710 386 1782 Bohemiae
405 1732 438 1781 et
467 1715 659 1809 Hungariae
690 1713 777 1811 Regi
879 1717 988 1786 Feriae
1033 1717 1203 1785 Comitem
1247 1733 1280 1784 et
1336 1713 1547 1786 Fernandum

91 1865 96 1874 .
115 1810 224 1882 nubit.
241 1816 269 1880 I.
278 1830 334 1896 99.
345 1831 378 1881 et
402 1812 480 1905 308.
498 1812 695 1885 Adventum
708 1811 778 1884 fra·
881 1818 1105 1911 Gonzagam.
1134 1821 1180 1884 ll.
1201 1837 1279 1903 257.

113 1910 171 1980 tris
183 1908 228 1979 ad
245 1910 457 1981 Valentianas
480 1910 644 2005 oppidum
664 1933 777 2006 exspe·
831 1914 1062 2009 Martinengus
1093 1913 1345 2009 (Georgius)
1389 1912 1544 2004 equitum

115 2028 198 2079 ctat.
211 2010 342 2098 II.1o5.
358 2007 424 2079 Ad,
433 2009 528 2102 pedes
543 2006 650 2080 fratris
669 2011 778 2080 obvo·
880 2010 1063 2111 praefectus
1092 2012 1125 2082 in
1158 2014 1283 2108 praelio
1309 2011 1464 2106 capitur.
1499 2013 1546 2081 11.

115 2109 186 2178 luta
199 2105 408 2178 clementiam
423 2109 490 2198 ejus
502 2130 563 2202 pro
575 2108 778 2180 Gandaven-
822 2156 831 2174 .
884 2133 967 2201 2¹5·

115 2206 202 2278 sibus
213 2206 436 2303 implorat,et
453 2206 610 2276 obtinet.
631 2212 676 2279 11.
701 2228 777 2296 109.
832 2213 997 2282 Martinus
1027 2209 1248 2306 Portugalliae
1279 2207 1380 2306 Regis
1418 2226 1545 2278 orator.

113 2312 285 2380 Renatum
311 2304 454 2375 Uraniae
474 2307 661 2402 Principem
700 2333 776 2380 cum
881 2317 910 2380 Ι.
940 2334 1024 2380 221.

113 2404 259 2475 exercitu
275 2405 399 2474 mittit.
423 2409 469 2475 II.
497 2423 571 2497 197.
595 2407 777 2491 Vidua,et
831 2421 1025 2500 Mascaraque
1049 2407 1139 2477 vicus
1161 2430 1230 2477 non
1262 2408 1363 2504 longe
1392 2430 1411 2475 a
1439 2405 1544 2475 Tole-

114 2503 255 2600 Philippi
289 2510 454 2575 Asturum
485 2506 641 2604 Principis
674 2507 776 2577 amita
882 2527 943 2578 to.
971 2514 1000 2576 Ι.
1022 2530 1101 2574 112.
1296 2509 1306 2513 ’

114 2602 270 2672 eumdem
320 2603 470 2700 regaliter
513 2628 584 2674 non
621 2607 720 2703 longe
758 2631 778 2676 a
831 2607 970 2679 Massilia
994 2602 1113 2675 frustra
1139 2601 1349 2673 aBorbonio
1369 2625 1545 2699 oppugna-

115 2702 273 2774 Bruxellis
295 2703 415 2797 excipit
433 2752 443 2785 ,
464 2722 498 2772 et
520 2704 615 2773 omni
643 2704 778 2776 officio·
880 2725 959 2774 tur.
985 2709 1012 2773 l.
1036 2726 1113 2796 153.
1136 2722 1168 2770 ct
1192 2720 1275 2794 439.
1295 2703 1339 2771 ΙΙ.
1363 2725 1418 2793 32.
1528 2767 1531 2772 ,

114 2824 190 2871 rum
214 2823 332 2896 genere
367 2800 470 2870 colit.
502 2805 549 2870 ΙΙ.
571 2822 655 2896 379.
690 2804 778 2874 Gal-
819 2800 1082 2876 Massiliensium
1113 2800 1284 2898 singularis
1315 2800 1453 2871 comitas
1483 2796 1546 2867 ad·
1574 2805 1576 2808 ’

114 2899 193 2970 liam
214 2899 356 2996 Regiam
382 2923 440 2994 per
456 2900 642 2971 Martinum
656 2905 780 2975 Rosse-
880 2923 990 2971 versus
1012 2901 1174 2971 Carolum
1192 2906 1378 2971 Caesarem.
1396 2901 1441 2966 ΙΙ.
1458 2920 1519 2991 43.

78 3019 82 3028 ·
115 3021 210 3067 mum
232 2997 401 3068 devastat.
425 3002 471 3067 ll.
501 3020 586 3092 423.
617 3000 676 3071 Ad
703 3002 779 3072 Eri-
831 3002 988 3072 Matrona
1013 2996 1154 3068 fluvius.
1174 3001 1220 3066 11.
1240 3020 1323 3085 251.

113 3096 264 3167 tanniam
288 3115 410 3166 terram
435 3099 605 3169 accedenti
626 3099 777 3196 Phiiippo
831 3101 966 3178 Mauri,
991 3097 1050 3189 qui
1082 3121 1185 3167 annos
1208 3096 1338 3168 circiter
1371 3095 1547 3191 octingen-

115 3196 245 3269 classem
278 3195 414 3265 obviam
457 3197 583 3266 mittit.
620 3203 665 3267 ΙΙ·
693 3220 776 3288 499·
879 3217 932 3266 tos
956 3196 1150 3291 Hispaniam
1173 3195 1418 3277 obtinuerant,
1450 3194 1544 3262 dcvi-

116 3297 280 3364 Carolum
301 3301 471 3364 Caesarem
493 3293 629 3365 fratrem
653 3296 687 3365 in
716 3299 778 3370 Hi·
879 3295 958 3376 cti,
985 3315 1017 3364 et
1044 3295 1131 3363 bona
1155 3314 1307 3389 exparte
1332 3313 1421 3363 trans
1456 3313 1545 3360 mare

115 3392 261 3489 spaniam
311 3393 523 3489 navigantem
572 3397 776 3467 comitatur.
880 3393 995 3490 pulsi.
1037 3398 1064 3461 l.
1095 3394 1127 3462 8.
1167 3392 1339 3466 Roderico
1386 3409 1544 3488 regnante

115 3498 162 3562 ll.
184 3512 261 3583 527.
503 3584 508 3590 β
568 3505 569 3508 ’
880 3491 1074 3587 Hispaniam
1090 3489 1254 3561 invadunt
1274 3487 1464 3585 proditione
1480 3493 1543 3580 Ju-

65 3590 191 3663 Mariae
230 3589 355 3661 Caroli'
380 3594 529 3661 Caesaris
567 3592 654 3665 filiae
696 3617 774 3666 cum
878 3594 957 3664 liani
971 3589 1135 3661 Comitis.
1158 3596 1187 3659 I.
1205 3610 1261 3675 29.
1286 3589 1464 3683 Hispaniae
1477 3595 1543 3656 Im·
1605 3613 1607 3616 ’

114 3688 345 3760 Maximiliano
367 3691 520 3784 nuptiae.
546 3694 591 3760 11.
613 3715 690 3780 350.
880 3691 972 3789 perio
996 3688 1090 3776 dejici
1114 3709 1189 3757 ante
1206 3712 1309 3758 annos
1331 3687 1545 3784 octingentos

66 3787 208 3861 Mariani
226 3807 375 3856 montes.
404 3793 434 3856 Ι.
463 3812 516 3881 32.
530 3812 561 3859 et
580 3793 624 3859 ΙΙ.
645 3809 702 3885 93.
791 3838 793 3840 ψ
879 3787 1020 3883 amplius
1032 3810 1104 3855 non
1122 3808 1326 3880 potuerunt.
1346 3790 1373 3853 l.
1395 3809 1448 3878 30.

66 3888 302 3982 Marignanum
322 3885 508 3979 oppidum.
535 3892 579 3957 ll.
601 3894 678 3982 367.
831 3887 1014 3967 Mauricius
1042 3885 1183 3980 Philippi
1210 3886 1402 3983 Lantgravii
1442 3904 1542 3983 gener

65 3984 244 4059 Mariscalis
274 3988 441 4054 Navarrae
473 3987 633 4076 Bajonam
660 3986 775 4060 defen·
879 3986 972 4060 Duci
999 3985 1226 4057 Brunsvicensi
1255 4005 1374 4053 auctor
1403 4003 1477 4064 est,
1504 4001 1542 4053 ut

114 4082 189 4152 dit.
215 4088 245 4152 l·
266 4104 344 4151 121·
880 4085 1014 4158 Hessiae
1025 4084 1265 4180 lantgravium
1279 4083 1416 4178 supplex
1432 4080 1542 4150 adeat.

65 4181 247 4254 Mariscalis
288 4185 455 4252 Navarrae
494 4182 619 4268 filius,
660 4176 787 4264 Petrus⁴
856 4191 927 4279 ΙΙ.
958 4188 1035 4274 267.
1066 4185 1196 4252 Bonam
1228 4183 1387 4251 Saxoniae
1416 4199 1543 4276 partem

112 4281 327 4353 Ponterabiae
351 4304 607 4379 propugnator.
637 4288 664 4353 1.
696 4289 774 4374 146.
881 4302 1046 4378 occupat.
1075 4287 1121 4352 II.
1148 4301 1228 4369 295.
1267 4279 1386 4349 Itinere
1413 4279 1544 4350 succisis

113 4380 293 4476 Oppidum
311 4383 526 4450 Comestabili
538 4380 642 4450 dedit.
660 4388 774 4474 l.147.
881 4381 1054 4452 arboribus
1077 4379 1298 4474 impediro‚ad
1310 4381 1471 4450 Carolum
1491 4397 1545 4448 ta-

67 4479 192 4550 Marius
217 4504 274 4576 per
307 4476 426 4548 fossam
454 4477 660 4553 Rhodanum
690 4481 777 4551 deri·
881 4505 956 4550 men
972 4484 1121 4577 Eguerae
1132 4480 1454 4575 appropinquantem
1468 4502 1544 4574 per-

114 4596 169 4644 vat
201 4626 212 4658 ‚
253 4577 342 4647 unde
381 4590 465 4649 Fossa
488 4583 627 4650 Mariana
662 4579 774 4650 dicta.
883 4581 996 4650 venit.
1027 4581 1072 4645 Il.
1105 4580 1183 4670 3'11.
1216 4577 1370 4674 Sufl'ragii
1393 4579 1470 4666 jus,
1508 4596 1542 4646 et
1622 4602 1624 4605 ’

112 4680 235 4766 Il.43.
878 4678 957 4750 huic
982 4701 1106 4765 annexa
1132 4677 1256 4773 oppida
1286 4679 1452 4748 aCarolo
1484 4698 1541 4744 ac-

63 4772 288 4865 Marquardns
311 4781 326 4856 (
342 4775 513 4864 Joannes)
537 4775 626 4848 bello
657 4776 776 4848 Tune·-
879 4777 981 4872 cipit.
1019 4782 1064 4846 Il.
1094 4799 1173 4868 321.
1205 4778 1345 4846 Veniam
1381 4798 1495 4845 socero
1523 4798 1543 4844 a

113 4875 195 4943 tensi
215 4872 370 4943 interest.
402 4879 430 4944 1.
451 4896 579 4970 353..
735 4969 737 4972 Υ
879 4881 1019 4949 Caesare
1048 4875 1269 4974 deprecatur.
1306 4882 1354 4949 11.
1381 4898 1459 4969 322.
1486 4878 1543 5040 lp·

1098 4986 1100 4991 ·
1510 4994 1544 5041 ε·
