<?xml version="1.0" encoding="UTF-8"?>
<!DOCTYPE html PUBLIC "-//W3C//DTD XHTML 1.0 Transitional//EN"
    "http://www.w3.org/TR/xhtml1/DTD/xhtml1-transitional.dtd">
<html xmlns="http://www.w3.org/1999/xhtml" xml:lang="en" lang="en">
 <head>
  <title>
</title>
<meta http-equiv="Content-Type" content="text/html;charset=utf-8" />
  <meta name='ocr-system' content='tesseract 3.04.00' />
  <meta name='ocr-capabilities' content='ocr_page ocr_carea ocr_par ocr_line ocrx_word'/>
</head>
<body>
  <div class='ocr_page' id='page_1' title='image "./joannisgenesiis00sepgoog_0378.png"; bbox 0 0 4102 5864; ppageno 0'>
   <div class='ocr_carea' id='block_1_1' title="bbox 381 358 1418 477">
    <p class='ocr_par' dir='ltr' id='par_1_1' title="bbox 381 358 1418 477">
     <span class='ocr_line' id='line_1_1' title="bbox 381 358 1418 477; baseline 0.001 -14"><span class='ocrx_word' id='word_1_1' title='bbox 381 358 467 477; x_wconf 79' lang='lat'><strong>37⁶</strong></span> <span class='ocrx_word' id='word_1_2' title='bbox 738 382 761 438; x_wconf 68' lang='lat'>1</span> <span class='ocrx_word' id='word_1_3' title='bbox 811 380 896 464; x_wconf 82' lang='lat' dir='ltr'><strong>oe</strong></span> <span class='ocrx_word' id='word_1_4' title='bbox 944 378 1144 463; x_wconf 77' lang='lat' dir='ltr'><strong>nanus</strong></span> <span class='ocrx_word' id='word_1_5' title='bbox 1177 380 1418 464; x_wconf 44' lang='lat' dir='ltr'><strong>*essars</strong></span> 
     </span>
    </p>
   </div>
   <div class='ocr_carea' id='block_1_2' title="bbox 336 527 1806 1552">
    <p class='ocr_par' dir='ltr' id='par_1_2' title="bbox 338 527 1806 785">
     <span class='ocr_line' id='line_1_2' title="bbox 338 527 1806 678; baseline -0.003 -38"><span class='ocrx_word' id='word_1_6' title='bbox 338 576 389 640; x_wconf 67' lang='lat' dir='ltr'><strong>et‘</strong></span> <span class='ocrx_word' id='word_1_7' title='bbox 418 532 570 640; x_wconf 87' lang='lat' dir='ltr'><strong>ceteris</strong></span> <span class='ocrx_word' id='word_1_8' title='bbox 606 534 894 642; x_wconf 84' lang='lat' dir='ltr'><strong>summatibus</strong></span> <span class='ocrx_word' id='word_1_9' title='bbox 930 537 1128 678; x_wconf 89' lang='lat' dir='ltr'><strong>accepit,</strong></span> <span class='ocrx_word' id='word_1_10' title='bbox 1162 535 1428 676; x_wconf 89' lang='lat' dir='ltr'><strong>edendisque</strong></span> <span class='ocrx_word' id='word_1_11' title='bbox 1464 528 1638 636; x_wconf 86' lang='lat' dir='ltr'><strong>ludicris</strong></span> <span class='ocrx_word' id='word_1_12' title='bbox 1675 527 1806 636; x_wconf 59' lang='lat' dir='ltr'><strong>rniliss</strong></span> 
     </span>
     <span class='ocr_line' id='line_1_3' title="bbox 339 679 1156 799; baseline -0.005 -16.896"><span class='ocrx_word' id='word_1_13' title='bbox 339 681 504 799; x_wconf 79' lang='lat' dir='ltr'><strong>taribus</strong></span> <span class='ocrx_word' id='word_1_14' title='bbox 541 680 850 785; x_wconf 84' lang='lat' dir='ltr'><strong>certaminibus</strong></span> <span class='ocrx_word' id='word_1_15' title='bbox 886 679 1156 782; x_wconf 88' lang='lat' dir='ltr'><strong>oblectavit.</strong></span> 
     </span>
    </p>

    <p class='ocr_par' dir='ltr' id='par_1_3' title="bbox 336 818 1805 1539">
     <span class='ocr_line' id='line_1_4' title="bbox 340 818 1805 987; baseline -0.002 -61.849"><span class='ocrx_word' id='word_1_16' title='bbox 340 830 625 927; x_wconf 90' lang='lat' dir='ltr'>XLVII</span> <span class='ocrx_word' id='word_1_17' title='bbox 663 827 834 973; x_wconf 85' lang='lat' dir='ltr'><strong>Spiram</strong></span> <span class='ocrx_word' id='word_1_18' title='bbox 870 823 1027 925; x_wconf 90' lang='lat' dir='ltr'><strong>urbem</strong></span> <span class='ocrx_word' id='word_1_19' title='bbox 1065 822 1357 987; x_wconf 84' lang='lat' dir='ltr'><strong>primariam,</strong></span> <span class='ocrx_word' id='word_1_20' title='bbox 1396 856 1533 963; x_wconf 86' lang='lat' dir='ltr'><strong>quam</strong></span> <span class='ocrx_word' id='word_1_21' title='bbox 1584 818 1805 922; x_wconf 83' lang='lat' dir='ltr'><strong>Nemetum</strong></span> 
     </span>
     <span class='ocr_line' id='line_1_5' title="bbox 337 963 1802 1131; baseline -0.003 -63"><span class='ocrx_word' id='word_1_22' title='bbox 337 1004 498 1069; x_wconf 81' lang='lat' dir='ltr'><strong>ueteres</strong></span> <span class='ocrx_word' id='word_1_23' title='bbox 531 963 862 1118; x_wconf 82' lang='lat' dir='ltr'><strong>appellabant,</strong></span> <span class='ocrx_word' id='word_1_24' title='bbox 898 968 1117 1069; x_wconf 86' lang='lat' dir='ltr'><strong>intraturis</strong></span> <span class='ocrx_word' id='word_1_25' title='bbox 1162 967 1281 1131; x_wconf 91' lang='lat' dir='ltr'><strong>prius</strong></span> <span class='ocrx_word' id='word_1_26' title='bbox 1323 1003 1384 1068; x_wconf 91' lang='lat' dir='ltr'><strong>est</strong></span> <span class='ocrx_word' id='word_1_27' title='bbox 1426 963 1609 1066; x_wconf 83' lang='lat' dir='ltr'><strong>Rhenus</strong></span> <span class='ocrx_word' id='word_1_28' title='bbox 1653 964 1802 1064; x_wconf 89' lang='lat' dir='ltr'><strong>amnis</strong></span> 
     </span>
     <span class='ocr_line' id='line_1_6' title="bbox 337 1107 1803 1269; baseline -0.004 -57"><span class='ocrx_word' id='word_1_29' title='bbox 337 1112 656 1269; x_wconf 81' lang='lat' dir='ltr'><strong>trajiciendos,</strong></span> <span class='ocrx_word' id='word_1_30' title='bbox 699 1109 856 1263; x_wconf 84' lang='lat' dir='ltr'><strong>urbem</strong></span> <span class='ocrx_word' id='word_1_31' title='bbox 903 1109 1070 1214; x_wconf 89' lang='lat' dir='ltr'><strong>brevi</strong></span> <span class='ocrx_word' id='word_1_32' title='bbox 1071 1112 1213 1252; x_wconf 89' lang='lat' dir='ltr'><strong>spatio</strong></span> <span class='ocrx_word' id='word_1_33' title='bbox 1265 1109 1416 1210; x_wconf 90' lang='lat' dir='ltr'><strong>relicto</strong></span> <span class='ocrx_word' id='word_1_34' title='bbox 1467 1107 1803 1251; x_wconf 84' lang='lat' dir='ltr'><strong>praeterfluens.</strong></span> 
     </span>
     <span class='ocr_line' id='line_1_7' title="bbox 337 1252 1804 1375; baseline -0.001 -21"><span class='ocrx_word' id='word_1_35' title='bbox 337 1255 523 1356; x_wconf 90' lang='lat' dir='ltr'><strong>Oritur</strong></span> <span class='ocrx_word' id='word_1_36' title='bbox 547 1252 754 1375; x_wconf 79' lang='lat' dir='ltr'><strong>autern,</strong></span> <span class='ocrx_word' id='word_1_37' title='bbox 812 1293 991 1355; x_wconf 92' lang='lat' dir='ltr'><strong>auctore</strong></span> <span class='ocrx_word' id='word_1_38' title='bbox 1051 1268 1231 1357; x_wconf 84' lang='lat' dir='ltr'><strong>Caesare</strong></span> <span class='ocrx_word' id='word_1_39' title='bbox 1272 1254 1321 1354; x_wconf 92' lang='lat' dir='ltr'><strong>in</strong></span> <span class='ocrx_word' id='word_1_40' title='bbox 1370 1260 1701 1370; x_wconf 78' lang='lat' dir='ltr'><strong>Commentariis,</strong></span> <span class='ocrx_word' id='word_1_41' title='bbox 1744 1293 1804 1352; x_wconf 82' lang='lat' dir='ltr'><strong>ex</strong></span> 
     </span>
     <span class='ocr_line' id='line_1_8' title="bbox 336 1394 1806 1552; baseline -0.002 -55"><span class='ocrx_word' id='word_1_42' title='bbox 336 1399 590 1538; x_wconf 89' lang='lat' dir='ltr'><strong>Lepontiis,</strong></span> <span class='ocrx_word' id='word_1_43' title='bbox 629 1398 709 1539; x_wconf 89' lang='lat' dir='ltr'><strong>qui</strong></span> <span class='ocrx_word' id='word_1_44' title='bbox 745 1398 877 1538; x_wconf 89' lang='lat' dir='ltr'>Alpes</span> <span class='ocrx_word' id='word_1_45' title='bbox 913 1399 1161 1517; x_wconf 91' lang='lat' dir='ltr'><strong>incolunt,</strong></span> <span class='ocrx_word' id='word_1_46' title='bbox 1191 1435 1243 1498; x_wconf 89' lang='lat' dir='ltr'><strong>et</strong></span> <span class='ocrx_word' id='word_1_47' title='bbox 1278 1398 1414 1552; x_wconf 87' lang='lat' dir='ltr'><strong>longo</strong></span> <span class='ocrx_word' id='word_1_48' title='bbox 1450 1397 1592 1537; x_wconf 88' lang='lat' dir='ltr'><strong>spatio</strong></span> <span class='ocrx_word' id='word_1_49' title='bbox 1629 1434 1708 1535; x_wconf 91' lang='lat' dir='ltr'><strong>pet</strong></span> <span class='ocrx_word' id='word_1_50' title='bbox 1745 1394 1806 1494; x_wconf 85' lang='lat' dir='ltr'>fi</span> 
     </span>
    </p>
   </div>
   <div class='ocr_carea' id='block_1_3' title="bbox 336 1537 1888 1701">
    <p class='ocr_par' dir='ltr' id='par_1_4' title="bbox 336 1537 1888 1701">
     <span class='ocr_line' id='line_1_9' title="bbox 336 1537 1888 1701; baseline -0.002 -60"><span class='ocrx_word' id='word_1_51' title='bbox 336 1580 431 1641; x_wconf 91' lang='lat' dir='ltr'><strong>nes</strong></span> <span class='ocrx_word' id='word_1_52' title='bbox 449 1543 800 1662; x_wconf 88' lang='lat' dir='ltr'><strong>Mantuatium,</strong></span> <span class='ocrx_word' id='word_1_53' title='bbox 837 1541 1193 1661; x_wconf 85' lang='lat' dir='ltr'><strong>Helvetiorum,</strong></span> <span class='ocrx_word' id='word_1_54' title='bbox 1228 1541 1574 1701; x_wconf 83' lang='lat' dir='ltr'><strong>Sequanorum,</strong></span> <span class='ocrx_word' id='word_1_55' title='bbox 1612 1537 1806 1639; x_wconf 89' lang='lat' dir='ltr'><strong>Medio·</strong></span> <span class='ocrx_word' id='word_1_56' title='bbox 1883 1666 1888 1672; x_wconf 14' lang='grc' dir='ltr'><strong>Δ</strong></span> 
     </span>
    </p>
   </div>
   <div class='ocr_carea' id='block_1_4' title="bbox 329 1620 1810 4137">
    <p class='ocr_par' dir='ltr' id='par_1_5' title="bbox 329 1620 1810 4113">
     <span class='ocr_line' id='line_1_10' title="bbox 337 1620 1807 1805; baseline -0.001 -21"><span class='ocrx_word' id='word_1_57' title='bbox 337 1685 622 1805; x_wconf 81' lang='lat' dir='ltr'><strong>matricum,</strong></span> <span class='ocrx_word' id='word_1_58' title='bbox 651 1620 992 1805; x_wconf 81' lang='lat' dir='ltr'><strong>Tribriterum,</strong></span> <span class='ocrx_word' id='word_1_59' title='bbox 1026 1682 1319 1784; x_wconf 82' lang='lat' dir='ltr'><strong>Trevirorum</strong></span> <span class='ocrx_word' id='word_1_60' title='bbox 1354 1682 1508 1785; x_wconf 87' lang='lat' dir='ltr'><strong>citatus</strong></span> <span class='ocrx_word' id='word_1_61' title='bbox 1542 1677 1730 1800; x_wconf 89' lang='lat' dir='ltr'><strong>fertur,</strong></span> <span class='ocrx_word' id='word_1_62' title='bbox 1757 1717 1807 1782; x_wconf 91' lang='lat' dir='ltr'><strong>et</strong></span> 
     </span>
     <span class='ocr_line' id='line_1_11' title="bbox 337 1823 1807 1970; baseline 0 -44"><span class='ocrx_word' id='word_1_63' title='bbox 337 1823 417 1926; x_wconf 90' lang='lat' dir='ltr'><strong>ubi</strong></span> <span class='ocrx_word' id='word_1_64' title='bbox 441 1838 636 1928; x_wconf 83' lang='lat' dir='ltr'><strong>Oceano</strong></span> <span class='ocrx_word' id='word_1_65' title='bbox 687 1827 1109 1970; x_wconf 88' lang='lat' dir='ltr'><strong>appropinquavit,</strong></span> <span class='ocrx_word' id='word_1_66' title='bbox 1151 1826 1197 1926; x_wconf 91' lang='lat' dir='ltr'><strong>in</strong></span> <span class='ocrx_word' id='word_1_67' title='bbox 1243 1828 1383 1970; x_wconf 89' lang='lat' dir='ltr'><strong>plures</strong></span> <span class='ocrx_word' id='word_1_68' title='bbox 1432 1823 1574 1926; x_wconf 80' lang='lat' dir='ltr'><strong>influit</strong></span> <span class='ocrx_word' id='word_1_69' title='bbox 1624 1861 1807 1966; x_wconf 88' lang='lat' dir='ltr'><strong>partes,</strong></span> 
     </span>
     <span class='ocr_line' id='line_1_12' title="bbox 333 1966 1807 2123; baseline 0.001 -55"><span class='ocrx_word' id='word_1_70' title='bbox 333 1970 479 2069; x_wconf 91' lang='lat' dir='ltr'><strong>multis</strong></span> <span class='ocrx_word' id='word_1_71' title='bbox 514 1971 853 2123; x_wconf 75' lang='lat' dir='ltr'><strong>ingentibusque</strong></span> <span class='ocrx_word' id='word_1_72' title='bbox 889 1971 1036 2071; x_wconf 89' lang='lat' dir='ltr'><strong>insulis</strong></span> <span class='ocrx_word' id='word_1_73' title='bbox 1073 1966 1263 2072; x_wconf 86' lang='lat' dir='ltr'><strong>effectis.</strong></span> <span class='ocrx_word' id='word_1_74' title='bbox 1312 1983 1499 2072; x_wconf 86' lang='lat' dir='ltr'><strong>Constat</strong></span> <span class='ocrx_word' id='word_1_75' title='bbox 1533 2005 1699 2068; x_wconf 88' lang='lat' dir='ltr'><strong>autem</strong></span> <span class='ocrx_word' id='word_1_76' title='bbox 1726 2010 1807 2069; x_wconf 86' lang='lat' dir='ltr'><strong>ve-</strong></span> 
     </span>
     <span class='ocr_line' id='line_1_13' title="bbox 334 2111 1807 2274; baseline 0 -62"><span class='ocrx_word' id='word_1_77' title='bbox 334 2146 421 2214; x_wconf 91' lang='lat' dir='ltr'><strong>tere</strong></span> <span class='ocrx_word' id='word_1_78' title='bbox 458 2125 766 2214; x_wconf 89' lang='lat' dir='ltr'><strong>Romanorum</strong></span> <span class='ocrx_word' id='word_1_79' title='bbox 808 2125 1161 2253; x_wconf 87' lang='lat' dir='ltr'><strong>Graecorumque</strong></span> <span class='ocrx_word' id='word_1_80' title='bbox 1198 2115 1369 2215; x_wconf 89' lang='lat' dir='ltr'><strong>tatione</strong></span> <span class='ocrx_word' id='word_1_81' title='bbox 1382 2192 1397 2235; x_wconf 98' lang='lat'><strong>,</strong></span> <span class='ocrx_word' id='word_1_82' title='bbox 1436 2112 1623 2215; x_wconf 87' lang='lat' dir='ltr'><strong>Galliam</strong></span> <span class='ocrx_word' id='word_1_83' title='bbox 1660 2111 1807 2274; x_wconf 78' lang='lat' dir='ltr'><strong>Belgi-</strong></span> 
     </span>
     <span class='ocr_line' id='line_1_14' title="bbox 334 2254 1809 2374; baseline 0 -20"><span class='ocrx_word' id='word_1_84' title='bbox 334 2295 435 2363; x_wconf 83' lang='lat' dir='ltr'><strong>cam</strong></span> <span class='ocrx_word' id='word_1_85' title='bbox 473 2296 499 2353; x_wconf 89' lang='lat' dir='ltr'><strong>a</strong></span> <span class='ocrx_word' id='word_1_86' title='bbox 536 2257 773 2357; x_wconf 88' lang='lat' dir='ltr'><strong>Germania</strong></span> <span class='ocrx_word' id='word_1_87' title='bbox 809 2256 969 2358; x_wconf 89' lang='lat' dir='ltr'><strong>Rheno</strong></span> <span class='ocrx_word' id='word_1_88' title='bbox 1006 2257 1188 2358; x_wconf 85' lang='lat' dir='ltr'><strong>flumine</strong></span> <span class='ocrx_word' id='word_1_89' title='bbox 1224 2254 1544 2374; x_wconf 85' lang='lat' dir='ltr'><strong>disterminati,</strong></span> <span class='ocrx_word' id='word_1_90' title='bbox 1578 2289 1628 2355; x_wconf 90' lang='lat' dir='ltr'><strong>ut</strong></span> <span class='ocrx_word' id='word_1_91' title='bbox 1667 2254 1809 2354; x_wconf 90' lang='lat' dir='ltr'><strong>intel-</strong></span> 
     </span>
     <span class='ocr_line' id='line_1_15' title="bbox 329 2396 1808 2541; baseline 0.004 -47"><span class='ocrx_word' id='word_1_92' title='bbox 329 2396 495 2538; x_wconf 83' lang='lat' dir='ltr'><strong>ligatur</strong></span> <span class='ocrx_word' id='word_1_93' title='bbox 532 2399 653 2537; x_wconf 84' lang='lat' dir='ltr'><strong>Spita</strong></span> <span class='ocrx_word' id='word_1_94' title='bbox 690 2400 738 2501; x_wconf 92' lang='lat' dir='ltr'><strong>in</strong></span> <span class='ocrx_word' id='word_1_95' title='bbox 774 2401 893 2541; x_wconf 84' lang='lat' dir='ltr'><strong>parte</strong></span> <span class='ocrx_word' id='word_1_96' title='bbox 929 2439 1017 2499; x_wconf 88' lang='lat' dir='ltr'><strong>esse</strong></span> <span class='ocrx_word' id='word_1_97' title='bbox 1043 2400 1218 2500; x_wconf 89' lang='lat' dir='ltr'><strong>Galliae</strong></span> <span class='ocrx_word' id='word_1_98' title='bbox 1255 2400 1454 2541; x_wconf 77' lang='lat' dir='ltr'><strong>belgicae</strong></span> <span class='ocrx_word' id='word_1_99' title='bbox 1485 2433 1653 2498; x_wconf 90' lang='lat' dir='ltr'><strong>vetusta</strong></span> <span class='ocrx_word' id='word_1_100' title='bbox 1674 2398 1808 2499; x_wconf 77' lang='lat' dir='ltr'><strong>ratio</strong></span> 
     </span>
     <span class='ocr_line' id='line_1_16' title="bbox 333 2540 1810 2683; baseline 0.002 -45"><span class='ocrx_word' id='word_1_101' title='bbox 333 2577 427 2638; x_wconf 92' lang='lat' dir='ltr'><strong>ne</strong></span> <span class='ocrx_word' id='word_1_102' title='bbox 422 2617 437 2659; x_wconf 94' lang='lat'><strong>,</strong></span> <span class='ocrx_word' id='word_1_103' title='bbox 474 2580 588 2681; x_wconf 90' lang='lat' dir='ltr'><strong>quae</strong></span> <span class='ocrx_word' id='word_1_104' title='bbox 626 2540 721 2643; x_wconf 93' lang='lat' dir='ltr'><strong>hoc</strong></span> <span class='ocrx_word' id='word_1_105' title='bbox 749 2578 950 2683; x_wconf 92' lang='lat' dir='ltr'><strong>tempore</strong></span> <span class='ocrx_word' id='word_1_106' title='bbox 986 2543 1269 2644; x_wconf 88' lang='lat' dir='ltr'><strong>Germanicis</strong></span> <span class='ocrx_word' id='word_1_107' title='bbox 1302 2540 1484 2644; x_wconf 85' lang='lat' dir='ltr'><strong>urbibus</strong></span> <span class='ocrx_word' id='word_1_108' title='bbox 1532 2580 1810 2641; x_wconf 85' lang='lat' dir='ltr'><strong>annumera-</strong></span> 
     </span>
     <span class='ocr_line' id='line_1_17' title="bbox 332 2684 1809 2849; baseline 0.003 -67"><span class='ocrx_word' id='word_1_109' title='bbox 332 2719 444 2802; x_wconf 90' lang='lat' dir='ltr'><strong>tur,</strong></span> <span class='ocrx_word' id='word_1_110' title='bbox 489 2692 642 2785; x_wconf 73' lang='lat' dir='ltr'><strong>camera</strong></span> <span class='ocrx_word' id='word_1_111' title='bbox 674 2692 918 2849; x_wconf 77' lang='lat' dir='ltr'><strong>Imperatorio</strong></span> <span class='ocrx_word' id='word_1_112' title='bbox 961 2684 1123 2804; x_wconf 87' lang='lat' dir='ltr'><strong>dicta,</strong></span> <span class='ocrx_word' id='word_1_113' title='bbox 1161 2690 1205 2784; x_wconf 87' lang='lat' dir='ltr'><strong>er</strong></span> <span class='ocrx_word' id='word_1_114' title='bbox 1248 2722 1338 2786; x_wconf 90' lang='lat' dir='ltr'><strong>est</strong></span> <span class='ocrx_word' id='word_1_115' title='bbox 1357 2685 1474 2784; x_wconf 92' lang='lat' dir='ltr'><strong>sedes</strong></span> <span class='ocrx_word' id='word_1_116' title='bbox 1516 2685 1809 2824; x_wconf 84' lang='lat' dir='ltr'><strong>Imperatorii</strong></span> 
     </span>
     <span class='ocr_line' id='line_1_18' title="bbox 330 2806 1810 2970; baseline 0.002 -44.091"><span class='ocrx_word' id='word_1_117' title='bbox 330 2826 544 2929; x_wconf 88' lang='lat' dir='ltr'><strong>Consilii</strong></span> <span class='ocrx_word' id='word_1_118' title='bbox 584 2836 718 2929; x_wconf 90' lang='lat' dir='ltr'><strong>Nunc</strong></span> <span class='ocrx_word' id='word_1_119' title='bbox 756 2828 875 2930; x_wconf 91' lang='lat' dir='ltr'><strong>enim</strong></span> <span class='ocrx_word' id='word_1_120' title='bbox 912 2806 1083 2928; x_wconf 89' lang='lat' dir='ltr'><strong>illarum</strong></span> <span class='ocrx_word' id='word_1_121' title='bbox 1119 2829 1321 2970; x_wconf 87' lang='lat' dir='ltr'><strong>gentium</strong></span> <span class='ocrx_word' id='word_1_122' title='bbox 1352 2827 1672 2930; x_wconf 88' lang='lat' dir='ltr'><strong>consuetudine</strong></span> <span class='ocrx_word' id='word_1_123' title='bbox 1693 2839 1810 2929; x_wconf 88' lang='lat' dir='ltr'><strong>Get·</strong></span> 
     </span>
     <span class='ocr_line' id='line_1_19' title="bbox 330 2968 1809 3112; baseline 0.006 -47"><span class='ocrx_word' id='word_1_124' title='bbox 330 2969 480 3067; x_wconf 84' lang='lat' dir='ltr'><strong>mania</strong></span> <span class='ocrx_word' id='word_1_125' title='bbox 526 2968 659 3112; x_wconf 88' lang='lat' dir='ltr'><strong>longe</strong></span> <span class='ocrx_word' id='word_1_126' title='bbox 707 2971 834 3071; x_wconf 89' lang='lat' dir='ltr'><strong>latius</strong></span> <span class='ocrx_word' id='word_1_127' title='bbox 882 3007 1031 3111; x_wconf 84' lang='lat' dir='ltr'><strong>patet</strong></span> <span class='ocrx_word' id='word_1_128' title='bbox 1083 2978 1205 3072; x_wconf 84' lang='lat' dir='ltr'><strong>Nam</strong></span> <span class='ocrx_word' id='word_1_129' title='bbox 1248 2972 1360 3073; x_wconf 90' lang='lat' dir='ltr'><strong>olim</strong></span> <span class='ocrx_word' id='word_1_130' title='bbox 1408 2970 1698 3090; x_wconf 84' lang='lat' dir='ltr'><strong>Germania,</strong></span> <span class='ocrx_word' id='word_1_131' title='bbox 1754 3009 1809 3074; x_wconf 88' lang='lat' dir='ltr'><strong>ut</strong></span> 
     </span>
     <span class='ocr_line' id='line_1_20' title="bbox 334 3109 1809 3233; baseline 0.005 -23"><span class='ocrx_word' id='word_1_132' title='bbox 334 3109 548 3210; x_wconf 90' lang='lat' dir='ltr'><strong>Claudius</strong></span> <span class='ocrx_word' id='word_1_133' title='bbox 583 3113 856 3212; x_wconf 90' lang='lat' dir='ltr'><strong>Ptolemaeus</strong></span> <span class='ocrx_word' id='word_1_134' title='bbox 893 3115 1052 3232; x_wconf 90' lang='lat' dir='ltr'><strong>docet,</strong></span> <span class='ocrx_word' id='word_1_135' title='bbox 1071 3111 1128 3213; x_wconf 92' lang='lat' dir='ltr'><strong>ab</strong></span> <span class='ocrx_word' id='word_1_136' title='bbox 1163 3125 1334 3218; x_wconf 89' lang='lat' dir='ltr'><strong>Occasu</strong></span> <span class='ocrx_word' id='word_1_137' title='bbox 1369 3112 1531 3216; x_wconf 89' lang='lat' dir='ltr'><strong>Rheno</strong></span> <span class='ocrx_word' id='word_1_138' title='bbox 1566 3113 1809 3233; x_wconf 77' lang='lat' dir='ltr'><strong>fluv10,a</strong></span> 
     </span>
     <span class='ocr_line' id='line_1_21' title="bbox 329 3254 1810 3398; baseline 0.003 -46"><span class='ocrx_word' id='word_1_139' title='bbox 329 3254 712 3392; x_wconf 76' lang='lat' dir='ltr'><strong>Septentrionibus</strong></span> <span class='ocrx_word' id='word_1_140' title='bbox 748 3268 931 3357; x_wconf 88' lang='lat' dir='ltr'><strong>Oceano</strong></span> <span class='ocrx_word' id='word_1_141' title='bbox 968 3256 1262 3378; x_wconf 86' lang='lat' dir='ltr'><strong>Germanico,</strong></span> <span class='ocrx_word' id='word_1_142' title='bbox 1282 3299 1307 3358; x_wconf 88' lang='lat' dir='ltr'><strong>a</strong></span> <span class='ocrx_word' id='word_1_143' title='bbox 1342 3257 1531 3358; x_wconf 80' lang='lat' dir='ltr'><strong>Meridie</strong></span> <span class='ocrx_word' id='word_1_144' title='bbox 1566 3294 1786 3398; x_wconf 89' lang='lat' dir='ltr'><strong>patteoc</strong></span> <span class='ocrx_word' id='word_1_145' title='bbox 1725 3297 1810 3358; x_wconf 89' lang='lat' dir='ltr'><strong>oe-</strong></span> 
     </span>
     <span class='ocr_line' id='line_1_22' title="bbox 329 3337 1810 3540; baseline 0.006 -46"><span class='ocrx_word' id='word_1_146' title='bbox 329 3394 471 3495; x_wconf 89' lang='lat' dir='ltr'><strong>cidua</strong></span> <span class='ocrx_word' id='word_1_147' title='bbox 495 3432 538 3496; x_wconf 91' lang='lat' dir='ltr'><strong>et</strong></span> <span class='ocrx_word' id='word_1_148' title='bbox 572 3399 715 3540; x_wconf 90' lang='lat' dir='ltr'><strong>capite</strong></span> <span class='ocrx_word' id='word_1_149' title='bbox 755 3399 956 3501; x_wconf 91' lang='lat' dir='ltr'><strong>Danubii</strong></span> <span class='ocrx_word' id='word_1_150' title='bbox 992 3337 1346 3522; x_wconf 82' lang='lat' dir='ltr'><strong>terminabatirr,</strong></span> <span class='ocrx_word' id='word_1_151' title='bbox 1398 3398 1474 3501; x_wconf 89' lang='lat' dir='ltr'><strong>ab</strong></span> <span class='ocrx_word' id='word_1_152' title='bbox 1498 3435 1598 3499; x_wconf 87' lang='lat' dir='ltr'><strong>ortu</strong></span> <span class='ocrx_word' id='word_1_153' title='bbox 1645 3436 1810 3503; x_wconf 89' lang='lat' dir='ltr'><strong>autem</strong></span> 
     </span>
     <span class='ocr_line' id='line_1_23' title="bbox 331 3539 1808 3685; baseline 0.007 -49"><span class='ocrx_word' id='word_1_154' title='bbox 331 3539 504 3678; x_wconf 90' lang='lat' dir='ltr'><strong>spati0,</strong></span> <span class='ocrx_word' id='word_1_155' title='bbox 546 3544 669 3681; x_wconf 92' lang='lat' dir='ltr'><strong>quod</strong></span> <span class='ocrx_word' id='word_1_156' title='bbox 706 3584 730 3642; x_wconf 88' lang='lat' dir='ltr'><strong>a</strong></span> <span class='ocrx_word' id='word_1_157' title='bbox 764 3541 877 3641; x_wconf 85' lang='lat' dir='ltr'><strong>flexu</strong></span> <span class='ocrx_word' id='word_1_158' title='bbox 913 3542 1110 3642; x_wconf 90' lang='lat' dir='ltr'><strong>Danubii</strong></span> <span class='ocrx_word' id='word_1_159' title='bbox 1144 3543 1201 3643; x_wconf 92' lang='lat' dir='ltr'><strong>ad</strong></span> <span class='ocrx_word' id='word_1_160' title='bbox 1236 3552 1457 3685; x_wconf 90' lang='lat' dir='ltr'><strong>Carpem,</strong></span> <span class='ocrx_word' id='word_1_161' title='bbox 1485 3543 1563 3684; x_wconf 90' lang='lat' dir='ltr'><strong>qui</strong></span> <span class='ocrx_word' id='word_1_162' title='bbox 1598 3544 1808 3646; x_wconf 84' lang='lat' dir='ltr'><strong>maxime</strong></span> 
     </span>
     <span class='ocr_line' id='line_1_24' title="bbox 331 3682 1807 3854; baseline 0.007 -74"><span class='ocrx_word' id='word_1_163' title='bbox 331 3682 519 3782; x_wconf 88' lang='lat' dir='ltr'><strong>Borealis</strong></span> <span class='ocrx_word' id='word_1_164' title='bbox 555 3718 663 3803; x_wconf 89' lang='lat' dir='ltr'><strong>est,</strong></span> <span class='ocrx_word' id='word_1_165' title='bbox 703 3685 759 3785; x_wconf 87' lang='lat' dir='ltr'><strong>ad</strong></span> <span class='ocrx_word' id='word_1_166' title='bbox 793 3684 1095 3825; x_wconf 89' lang='lat' dir='ltr'><strong>impendentes</strong></span> <span class='ocrx_word' id='word_1_167' title='bbox 1154 3688 1401 3787; x_wconf 90' lang='lat' dir='ltr'><strong>Sarmatiae</strong></span> <span class='ocrx_word' id='word_1_168' title='bbox 1427 3722 1599 3786; x_wconf 89' lang='lat' dir='ltr'><strong>montes</strong></span> <span class='ocrx_word' id='word_1_169' title='bbox 1657 3689 1807 3854; x_wconf 75' lang='lat' dir='ltr'><strong>perti·</strong></span> 
     </span>
     <span class='ocr_line' id='line_1_25' title="bbox 329 3821 1803 3971; baseline 0.005 -46"><span class='ocrx_word' id='word_1_170' title='bbox 329 3825 440 3944; x_wconf 86' lang='lat' dir='ltr'><strong>net,</strong></span> <span class='ocrx_word' id='word_1_171' title='bbox 479 3821 739 3928; x_wconf 88' lang='lat' dir='ltr'><strong>finiebatur.</strong></span> <span class='ocrx_word' id='word_1_172' title='bbox 784 3835 918 3928; x_wconf 91' lang='lat' dir='ltr'><strong>Nunc</strong></span> <span class='ocrx_word' id='word_1_173' title='bbox 955 3863 1102 3929; x_wconf 88' lang='lat' dir='ltr'><strong>autern</strong></span> <span class='ocrx_word' id='word_1_174' title='bbox 1129 3831 1419 3930; x_wconf 88' lang='lat' dir='ltr'><strong>Germaniam</strong></span> <span class='ocrx_word' id='word_1_175' title='bbox 1453 3829 1587 3929; x_wconf 87' lang='lat' dir='ltr'><strong>video</strong></span> <span class='ocrx_word' id='word_1_176' title='bbox 1625 3870 1654 3929; x_wconf 89' lang='lat' dir='ltr'><strong>a</strong></span> <span class='ocrx_word' id='word_1_177' title='bbox 1691 3833 1803 3971; x_wconf 89' lang='lat' dir='ltr'><strong>qui·</strong></span> 
     </span>
     <span class='ocr_line' id='line_1_26' title="bbox 329 3901 1806 4137; baseline 0.006 -69"><span class='ocrx_word' id='word_1_178' title='bbox 329 3901 518 4068; x_wconf 86' lang='lat' dir='ltr'><strong>busdam</strong></span> <span class='ocrx_word' id='word_1_179' title='bbox 553 3968 828 4069; x_wconf 87' lang='lat' dir='ltr'><strong>Germanis</strong></span> <span class='ocrx_word' id='word_1_180' title='bbox 815 4007 862 4070; x_wconf 87' lang='grc' dir='ltr'><strong>ιιι</strong></span> <span class='ocrx_word' id='word_1_181' title='bbox 897 3970 1140 4130; x_wconf 87' lang='lat' dir='ltr'><strong>complures</strong></span> <span class='ocrx_word' id='word_1_182' title='bbox 1190 3971 1433 4137; x_wconf 79' lang='lat' dir='ltr'><strong>provincias</strong></span> <span class='ocrx_word' id='word_1_183' title='bbox 1469 3971 1662 4072; x_wconf 87' lang='lat' dir='ltr'><strong>divisam</strong></span> <span class='ocrx_word' id='word_1_184' title='bbox 1712 3984 1806 4077; x_wconf 81' lang='lat' dir='ltr'><strong>esse</strong></span> 
     </span>
    </p>
   </div>
   <div class='ocr_carea' id='block_1_5' title="bbox 314 4111 1949 4239">
    <p class='ocr_par' dir='ltr' id='par_1_6' title="bbox 314 4111 1949 4239">
     <span class='ocr_line' id='line_1_27' title="bbox 314 4111 1949 4239; baseline 0.006 -29"><span class='ocrx_word' id='word_1_185' title='bbox 314 4112 476 4234; x_wconf 78' lang='lat' dir='ltr'><strong>tradi,</strong></span> <span class='ocrx_word' id='word_1_186' title='bbox 512 4111 827 4231; x_wconf 85' lang='lat' dir='ltr'><strong>Franconiam,</strong></span> <span class='ocrx_word' id='word_1_187' title='bbox 860 4114 1117 4236; x_wconf 79' lang='lat' dir='ltr'><strong>Bavariam,</strong></span> <span class='ocrx_word' id='word_1_188' title='bbox 1151 4117 1379 4235; x_wconf 88' lang='lat' dir='ltr'><strong>Sueviam,</strong></span> <span class='ocrx_word' id='word_1_189' title='bbox 1405 4112 1553 4217; x_wconf 89' lang='lat' dir='ltr'><strong>Rheni</strong></span> <span class='ocrx_word' id='word_1_190' title='bbox 1585 4150 1805 4239; x_wconf 86' lang='lat' dir='ltr'><strong>tractum,</strong></span> <span class='ocrx_word' id='word_1_191' title='bbox 1948 4178 1949 4183; x_wconf 24' lang='grc' dir='ltr'>ι</span> 
     </span>
    </p>
   </div>
   <div class='ocr_carea' id='block_1_6' title="bbox 327 4248 1804 4541">
    <p class='ocr_par' dir='ltr' id='par_1_7' title="bbox 327 4248 1804 4541">
     <span class='ocr_line' id='line_1_28' title="bbox 327 4248 1804 4410; baseline 0.005 -58.022"><span class='ocrx_word' id='word_1_192' title='bbox 327 4290 375 4353; x_wconf 94' lang='lat' dir='ltr'><strong>et</strong></span> <span class='ocrx_word' id='word_1_193' title='bbox 387 4254 733 4410; x_wconf 71' lang='lat' dir='ltr'><strong>burgundiam.</strong></span> <span class='ocrx_word' id='word_1_194' title='bbox 802 4255 888 4357; x_wconf 90' lang='lat' dir='ltr'><strong>His</strong></span> <span class='ocrx_word' id='word_1_195' title='bbox 901 4255 1092 4356; x_wconf 87' lang='lat' dir='ltr'><strong>addunt</strong></span> <span class='ocrx_word' id='word_1_196' title='bbox 1171 4255 1423 4361; x_wconf 85' lang='lat' dir='ltr'><strong>inferiorem</strong></span> <span class='ocrx_word' id='word_1_197' title='bbox 1468 4248 1767 4360; x_wconf 86' lang='lat' dir='ltr'><strong>Germaniam</strong></span> <span class='ocrx_word' id='word_1_198' title='bbox 1783 4339 1804 4381; x_wconf 93' lang='lat'><strong>,</strong></span> 
     </span>
     <span class='ocr_line' id='line_1_29' title="bbox 330 4397 1804 4541; baseline 0.008 -47"><span class='ocrx_word' id='word_1_199' title='bbox 330 4400 468 4535; x_wconf 88' lang='lat' dir='ltr'><strong>quam</strong></span> <span class='ocrx_word' id='word_1_200' title='bbox 503 4399 649 4499; x_wconf 83' lang='lat' dir='ltr'><strong>Gallia</strong></span> <span class='ocrx_word' id='word_1_201' title='bbox 677 4397 846 4540; x_wconf 88' lang='lat' dir='ltr'><strong>Belgica</strong></span> <span class='ocrx_word' id='word_1_202' title='bbox 881 4397 1096 4502; x_wconf 91' lang='lat' dir='ltr'><strong>contineri</strong></span> <span class='ocrx_word' id='word_1_203' title='bbox 1133 4401 1320 4523; x_wconf 88' lang='lat' dir='ltr'><strong>volunt,</strong></span> <span class='ocrx_word' id='word_1_204' title='bbox 1341 4400 1716 4541; x_wconf 78' lang='lat' dir='ltr'><strong>Westphali&#39;am,</strong></span> <span class='ocrx_word' id='word_1_205' title='bbox 1755 4441 1804 4506; x_wconf 91' lang='lat' dir='ltr'><strong>et</strong></span> 
     </span>
    </p>
   </div>
   <div class='ocr_carea' id='block_1_7' title="bbox 331 4539 1802 4748">
    <p class='ocr_par' dir='ltr' id='par_1_8' title="bbox 331 4539 1802 4748">
     <span class='ocr_line' id='line_1_30' title="bbox 331 4539 1802 4748; baseline 0.01 -111"><span class='ocrx_word' id='word_1_206' title='bbox 331 4539 606 4748; x_wconf 69' lang='lat' dir='ltr'><strong>Apstriam,</strong></span> <span class='ocrx_word' id='word_1_207' title='bbox 623 4581 737 4683; x_wconf 89' lang='lat' dir='ltr'><strong>quae</strong></span> <span class='ocrx_word' id='word_1_208' title='bbox 774 4580 917 4700; x_wconf 86' lang='lat' dir='ltr'><strong>vetere</strong></span> <span class='ocrx_word' id='word_1_209' title='bbox 946 4539 1170 4646; x_wconf 87' lang='lat' dir='ltr'><strong>vocabulo</strong></span> <span class='ocrx_word' id='word_1_210' title='bbox 1206 4545 1402 4688; x_wconf 87' lang='lat' dir='ltr'><strong>superior</strong></span> <span class='ocrx_word' id='word_1_211' title='bbox 1441 4547 1675 4707; x_wconf 83' lang='lat' dir='ltr'><strong>Pannonia</strong></span> <span class='ocrx_word' id='word_1_212' title='bbox 1724 4549 1802 4650; x_wconf 89' lang='lat' dir='ltr'><strong>di</strong></span> 
     </span>
     <span class='ocr_line' id='line_1_31' title="bbox 332 4715 1558 4748; baseline -0.001 0"><span class='ocrx_word' id='word_1_213' title='bbox 332 4719 380 4748; x_wconf 61' lang='lat' dir='ltr'><strong>„a</strong></span> <span class='ocrx_word' id='word_1_214' title='bbox 414 4715 507 4748; x_wconf 51' lang='lat' dir='ltr'><strong>tm,</strong></span> <span class='ocrx_word' id='word_1_215' title='bbox 1552 4742 1558 4747; x_wconf 80' lang='grc'><em>,</em></span> 
     </span>
    </p>
   </div>
   <div class='ocr_carea' id='block_1_8' title="bbox 2027 3686 2048 3747">
    <p class='ocr_par' dir='ltr' id='par_1_9' title="bbox 2027 3686 2048 3747">
     <span class='ocr_line' id='line_1_32' title="bbox 2027 3686 2048 3747; baseline 0 0"><span class='ocrx_word' id='word_1_216' title='bbox 2027 3686 2048 3747; x_wconf 75' lang='lat' dir='ltr'>t</span> 
     </span>
    </p>
   </div>
   <div class='ocr_carea' id='block_1_9' title="bbox 0 0 2056 5862">
    <p class='ocr_par' dir='ltr' id='par_1_10' title="bbox 0 0 2056 5862">
     <span class='ocr_line' id='line_1_33' title="bbox 0 0 2056 5862; baseline 0 0"><span class='ocrx_word' id='word_1_217' title='bbox 0 0 2056 5862; x_wconf 95' lang='lat' dir='ltr'><strong> </strong></span> 
     </span>
    </p>
   </div>
  </div>
 </body>
</html>
