4110 5888
442 364 587 442 xxxn.
904 313 1408 447 sorn‘ntnurusr.
1528 340 1529 344 ‘

425 492 554 608 ibique
584 484 801 576 facultatem
827 482 938 573 ¹hosti
980 485 1130 573 summis
1180 482 1304 601 jubet.
1343 484 1485 568 Hostes
1513 482 1735 570 Caesariana
1779 505 1900 578 castra

425 611 539 727 copis
581 605 825 728 depugnandi
859 601 978 692 lacere
1002 606 1131 692 decer·
1187 631 1330 720 magno
1354 602 1523 717 impetu,
1566 602 1633 688 sed
1666 598 1801 691 frustm
1833 607 1903 696 ire-

424 729 500 816 nit.
794 792 798 799 -
986 824 988 828 .
1119 744 1121 751 '
1189 751 1274 808 tum
1303 738 1551 838 oppugnant.

484 849 611 932 XVII.
668 843 837 960 Cognito
881 840 1045 928 hostium
1092 844 1132 928 in
1244 843 1384 924 XXIII.
1432 844 1547 948 ⁴Inter
1574 841 1900 956 oppugnationem

425 991 543 1051 castra
558 981 708 1077 'receptu
722 1022 734 1065 ,
750 961 909 1047 alterum
923 961 1050 1046 locum
1074 988 1130 1046 ca·
1184 961 1320 1043 Caesar
1356 957 1406 1043 ad
1438 956 1577 1045 vallum
1607 957 1734 1042 cibum
1764 963 1900 1070 sumit,

427 1083 507 1169 stris
539 1077 826 1167 accomodarum
857 1079 982 1193 capit,
1005 1107 1134 1193 ‚quem
1186 1076 1404 1190 eodemque
1435 1099 1605 1192 tempore
1638 1075 1713 1188 ejus
1754 1080 1903 1167 cubicu-

426 1200 597 1288 Albanus
625 1201 739 1285 ducta
763 1196 927 1281 celeriter
942 1193 1040 1282 fossa
1053 1228 1135 1281 mu·
1185 1195 1264 1280 lum
1310 1195 1490 1280 tormenti
1537 1191 1614 1281 telo
1660 1191 1871 1308 perforatur
1881 1245 1896 1285 .-

427 1318 506 1409 nit.
551 1317 712 1404 Alvarus
737 1315 894 1399 Sandius
929 1314 979 1399 ad
1011 1315 1136 1402 hostes
1186 1309 1363 1399 Alfonsus
1404 1312 1520 1399 Vives
1560 1311 1895 1427 scloppetariorum

428 1431 656 1522 infestandos
695 1433 815 1518 noctis
864 1430 1008 1518 silentio
1056 1463 1133 1549 pro
1190 1460 1346 1517 manum
1378 1430 1428 1514 ab
1453 1429 1622 1515 hostibus
1644 1431 1901 1522 immissamin

429 1583 601 1670 gressus,
618 1575 744 1639 totum
772 1551 972 1639 exercitum
986 1577 1136 1640 contur-
1193 1578 1259 1635 sua
1289 1572 1408 1634 castra
1434 1547 1640 1662 compellit.
2033 1620 2035 1622 ,

430 1673 513 1756 bat.
1253 1669 1386 1752 XXIV
1388 1725 1400 1748 .
1468 1665 1647 1780 Sequenti
1695 1666 1755 1753 die
1801 1674 1909 1756 Ger«

491 1788 629 1875 XVIII.
688 1786 892 1875 Lutherani
921 1787 1035 1875 duces
1061 1790 1134 1874 Ca·
1190 1814 1323 1871 manus
1357 1781 1512 1901 quidam
1538 1811 1584 1868 ex
1612 1783 1804 1871 hostilibus
1841 1818 1902 1873 ca-
2032 1874 2039 1887 ,

431 1905 502 1993 roli
549 1930 666 1993 castra
714 1935 935 2024 oppugnare
1002 1909 1138 1993 consti·
1190 1905 1270 1989 stris
1301 1932 1465 2020 egressus
1484 1902 1726 1986 Caesarianos
1753 1905 1802 1989 ad
1831 1906 1900 1990 sin·
2028 1925 2034 1937 ·

432 2048 565 2115 tuunt.
597 2023 756 2110 Carolus
780 2053 824 2108 ea
853 2023 946 2110 tueri
979 2048 1107 2138 parat.
1192 2021 1319 2136 gulare
1334 2047 1521 2106 certamen
1551 2045 1755 2133 provocat.
1782 2027 1901 2108 Hunc

490 2144 599 2227 XIX.
657 2141 954 2258 Oppugnatione
987 2143 1139 2228 inchoa·
1192 2138 1368 2252 Tamajus
1393 2138 1582 2251 Hispanus
1611 2137 1712 2221 miles
1750 2167 1902 2256 aggres-

430 2283 477 2345 ta·
503 2259 772 2373 tormentisque
813 2289 956 2375 magno
991 2254 1140 2375 fragore
1193 2286 1253 2341 sus
1269 2256 1489 2372 prosternit,
1504 2281 1807 2373 prostratumque
1829 2259 1905 2377 gla⁴

430 2375 650 2467 micantibus
666 2437 678 2480 ,
695 2379 832 2461 Caesar
860 2403 962 2461 nunc
985 2406 1140 2461 suorum
1194 2374 1259 2459 dio
1289 2397 1486 2488 pernecat.
1672 2438 1674 2443 -

430 2494 524 2579 acies
559 2493 653 2577 inter
684 2492 850 2581 volantia
881 2492 955 2578 tela
984 2494 1135 2608 obequi·
1252 2491 1392 2576 XXV.
1442 2490 1569 2574 Caroli
1589 2491 1767 2578 exercitus
1786 2492 1900 2610 sclop

430 2633 488 2696 tat
515 2673 527 2716 ,
558 2638 660 2694 nunc
701 2634 790 2701 ante
818 2611 911 2726 ipsas
955 2609 1141 2727 intrepido
1193 2608 1322 2723 petati
1353 2609 1480 2694 hostes
1511 2607 1587 2692 dies
1628 2636 1830 2726 noctesque
1861 2614 1904 2702 in

430 2729 558 2813 animo
586 2727 774 2814 consistit.
819 2728 987 2815 Albanus
1013 2730 1141 2814 omnia
1194 2726 1303 2811 armis
1328 2753 1406 2814 esse
1433 2752 1606 2845 cogunt,
1627 2757 1704 2843 qua
1737 2731 1787 2816 de
1818 2758 1904 2816 cau·

431 2846 482 2932 ad
518 2847 704 2933 statoriam
733 2876 901 2963 pugnam
928 2846 998 2954 ,si
1027 2846 1143 2934 hostis
1194 2875 1234 2930 sa
1263 2870 1304 2931 et
1330 2847 1553 2932 cibariorum
1579 2873 1703 2960 tnopra
1731 2876 1908 2962 premen‹
2032 2927 2034 2931 ,

430 2993 523 3049 mox
554 2964 736 3079 impetum
767 2961 913 3072 iaciat,
945 2963 1139 3082 diligenter
1194 2987 1234 3049 te
1258 2987 1376 3050 castra
1407 2986 1595 3065 movent,
1627 2989 1665 3049 et
1703 2966 1752 3050 ad
1775 2970 1907 3052 Tona-

433 3079 611 3194 immat.
1195 3080 1340 3167 bertem
1384 3080 1615 3168 inDanubii
1659 3083 1739 3196 ripa
1781 3087 1905 3171 consi.

493 3201 583 3282 XX.
643 3200 782 3285 Hostes
822 3198 1021 3312 jacalando
1080 3199 1143 3287 de·
1199 3200 1315 3284 dent.

434 3309 517 3401 fessi
532 3377 544 3423 ,
560 3340 599 3401 et
614 3320 921 3403 Caesarianorum
947 3316 1143 3404 tolerantia
1257 3321 1403 3405 XXVI.
1463 3323 1599 3404 Caesar
1641 3317 1739 3406 hosti
1788 3316 1907 3439 longe.

435 3435 720 3550 constantiaque
749 3435 936 3541 deterriti,
958 3464 1045 3519 curn
1078 3466 1142 3550 pa·
1198 3462 1358 3523 numero
1396 3434 1545 3522 inferior
1579 3437 1717 3522 bellum
1768 3439 1905 3526 ducere

436 3577 522 3638 rum
556 3555 669 3639 etiarn
712 3553 978 3670 proficerent,
1022 3584 1143 3668 oppu-
1199 3579 1238 3638 et
1269 3556 1393 3670 copias
1421 3585 1444 3637 a
1474 3555 1626 3641 Comite
1659 3556 1810 3640 Burensi
1859 3588 1906 3644 ex

439 3671 619 3786 gnatione
645 3672 847 3758 desistunt.
1196 3671 1328 3788 Belgio
1358 3674 1536 3785 deductas
1572 3697 1781 3789 exspectare
1811 3702 1903 3760 con·

498 3791 605 3872 XXI.
665 3790 835 3874 Proxima
882 3812 995 3874 nocte
1020 3792 1140 3877 Caro·
1197 3789 1334 3875 stituit.
1367 3791 1562 3897 burensis,
1592 3792 1758 3879 hostibus
1784 3790 1908 3883 invitis

438 3894 495 3990 lus
522 3929 640 3990 castra
661 3906 870 4024 diligentius
887 3909 1031 3994 munit.
1064 3915 1144 3995 Ro-
1197 3932 1239 4000 et
1280 3909 1475 4022 probibere
1532 3938 1612 3994 non
1672 3910 1908 4016 valentibus,

338 4048 345 4060 ’
438 4051 640 4110 manorum
681 4024 718 4107 in
757 4024 962 4111 castrorum
1009 4024 1144 4115 defen·
1197 4026 1374 4111 Rhenum
1408 4026 1556 4140 trajicit.
1667 4022 1669 4026 ’

436 4140 541 4227 sione
568 4142 812 4229 laudatissima
847 4143 1104 4232 consuetudo.
1259 4147 1419 4228 XXVII.
1480 4145 1584 4228 Idem
1613 4144 1738 4260 copias
1768 4144 1908 4231 incolu⁴

363 4271 366 4274 ’
497 4262 620 4344 XXII.
680 4262 838 4347 Postero
878 4262 938 4348 dle
982 4263 1142 4379 scloppe·
1197 4287 1276 4344 mes
1303 4262 1571 4376 Ingolstadium
1605 4264 1797 4376 perducit,
1825 4264 1910 4378 qui-

438 4376 619 4463 tariorum
635 4407 765 4464 manus
794 4409 840 4466 ex
871 4379 1061 4466 hostilibus
1085 4407 1143 4463 ca·
1199 4376 1269 4462 bus
1307 4406 1437 4466 aucttas
1495 4381 1687 4493 laetusque
1746 4382 1910 4466 Carolus

434 4494 517 4580 stris
544 4494 673 4581 emissa
700 4526 722 4579 a
754 4497 978 4585 Caesarianis
1026 4498 1144 4611 repel-
1200 4493 1349 4582 bostem
1378 4499 1520 4611 insequi
1546 4496 1755 4583 constituit.
1800 4501 1903 4581 Neu-

433 4605 541 4696 Iitur.
590 4612 748 4699 Carolus
794 4614 930 4702 fossam
990 4614 1144 4699 alteram
1199 4613 1363 4729 burgum
1400 4640 1505 4701 vero
1524 4640 1633 4711 antjea
1672 4642 1906 4732 oppugnans

431 4729 585 4847 propius
633 4732 778 4826 hostilia
821 4759 940 4822 castra
986 4731 1145 4849 produci
1198 4757 1289 4839 tus,
1315 4731 1427 4823 situm
1458 4732 1534 4848 ejus
1583 4732 1775 4850 dilgenter
1821 4763 1910 4820 cum

1836 4879 1912 4941 ma·
