4124 5880
506 429 561 522 92
876 410 958 493 uu
1005 403 1491 487 nurusoussrs
1539 447 1543 459 ·

469 573 608 674 millia
643 566 849 715 proximo
898 606 1014 668 anno
1065 563 1382 666 contribuendo
1436 562 1774 703 imperarentur.
1828 567 1924 664 Ne·-

472 716 676 859 gantibus
706 747 853 815 autem
876 709 1029 857 legatis
1065 710 1132 810 sui
1167 702 1333 826 officii,
1353 740 1429 806 aut
1464 706 1686 848 potestatis
1723 745 1810 806 esse
1832 709 1928 825 ‚ci-

472 858 682 962 vitatibus
709 855 792 957 suis
817 853 1106 976 inconsultis,
1127 853 1182 953 de
1218 849 1382 951 tributo
1406 886 1523 950 extra
1558 851 1928 993 ordinemimpo·

473 1005 618 1107 nendo
644 1000 892 1141 quidquam
920 1034 1134 1120 statuere,
1156 993 1346 1137 placuit,
1367 1030 1417 1094 ut
1442 994 1603 1138 singuli
1626 993 1763 1137 legati
1797 992 1927 1127 hujus

473 1147 533 1248 rei
568 1144 706 1289 gratia
741 1143 797 1242 ad
833 1181 926 1244 suas
960 1140 1155 1241 civitates
1192 1140 1541 1239 remitterentur.
1594 1141 1677 1240 Sed
1710 1177 1813 1239 cum
1850 1181 1929 1241 ce-

475 1288 559 1390 teri
594 1288 726 1388 etiam
760 1285 809 1385 in
844 1284 972 1384 tantis
997 1321 1139 1384 rerum
1166 1282 1377 1425 angustiis
1413 1319 1457 1381 et
1490 1281 1642 1423 inopia
1668 1281 1928 1426 pecuniam,

477 1472 591 1572 quae
626 1465 745 1529 extra
780 1428 980 1529 ordinem
1017 1422 1310 1568 poscebatur,
1344 1419 1649 1528 conferendam
1684 1463 1928 1547 censerent,

478 1587 716 1716 Burgenses
751 1606 899 1672 tamen
935 1606 977 1669 et
1010 1569 1395 1690 Salmanticenses,
1423 1569 1501 1710 qui
1538 1607 1698 1712 magna
1733 1572 1781 1672 id
1817 1608 1929 1671 tem«

478 1718 598 1858 poris
648 1754 847 1816 annonae
898 1713 1074 1813 caritate
1124 1747 1168 1812 et
1207 1712 1362 1854 inopia
1410 1710 1714 1855 premebantur
1745 1793 1757 1830 ,
1793 1754 1931 1816 num-

481 1899 616 2000 quam
651 1859 697 1958 in
734 1897 832 1957 eam
868 1856 1127 1956 sententiam
1164 1856 1323 1956 adduci
1359 1891 1629 1996 potuerunt3
1659 1897 1737 1957 nec
1779 1892 1931 1960 tamen

479 2001 662 2102 obstitit>
686 1998 847 2100 borum
890 1999 1159 2141 pertinacia,
1196 1997 1433 2139 quominus
1469 2041 1518 2103 ea
1555 2001 1738 2140 pecunia
1781 2001 1931 2144 impe-

401 2139 403 2142 *
476 2180 675 2247 raretur.
713 2144 853 2266 Quod
888 2144 1110 2246 decretum
1145 2136 1311 2242 factum
1347 2180 1448 2264 est,
1480 2145 1822 2287 Conciiiumque
1858 2145 1933 2251 di-‚

478 2289 661 2389 missum
698 2325 844 2390 mense
878 2286 1081 2406 Martio,
1116 2322 1237 2387 sexto
1273 2282 1411 2427 quam
1444 2282 1587 2388 fuerat
1621 2324 1856 2411 coactum,
1887 2325 1934 2390 et

481 2467 628 2531 exacta
665 2429 850 2570 pecunia
885 2468 977 2529 non
1013 2431 1157 2531 solum
1192 2470 1219 2529 a
1254 2431 1434 2547 ceteris,
1457 2432 1532 2531 sed
1567 2429 1622 2532 ab
1658 2433 1758 2574 ipsis
1792 2432 1934 2534 etiam

478 2571 766 2714 Burgensibus
798 2649 813 2693 ,
849 2570 1010 2712 quibus
1058 2573 1276 2675 ordinaria
1312 2614 1494 2715 quoque
1547 2575 1709 2677 tributa
1762 2575 1933 2677 remitti

479 2717 675 2818 solebant
708 2716 849 2858 Regia
883 2714 1136 2820 liberalitate
1162 2718 1216 2818 iis
1246 2718 1458 2861 quidem,
1482 2719 1566 2860 qui
1600 2719 1755 2822 urbem
1792 2720 1934 2858 ipsam

481 2859 748 2981 incolerent,
769 2860 830 2963 ob
866 2869 957 2994 ejus
991 2861 1320 2984 auctoritatem,
1344 2904 1459 3005 quae
1494 2863 1636 3005 prima
1671 2863 1806 2964 totius
1842 2874 1934 2964 Ca-

481 3004 624 3126 steliae
661 3040 702 3105 et
739 3003 863 3144 quasi
899 3041 1030 3146 caput
1065 3003 1332 3108 habebatur.
1372 3020 1524 3149 Itaque
1548 3004 1635 3107 hoc
1671 3047 1788 3107 anno
1812 3044 1933 3145 prae-

480 3178 545 3245 tet
580 3146 759 3286 antiqua
796 3180 838 3246 et
873 3183 981 3248 stata
1017 3149 1248 3291 vectigalia
1293 3151 1448 3252 collata
1490 3189 1588 3251 sunt
1622 3190 1647 3250 a
1682 3149 1935 3252 Castellanis

479 3287 616 3389 millia
651 3289 816 3389 circiter
846 3291 1090 3432 quingenta
1124 3293 1306 3433 triginta
1339 3296 1423 3395 tria
1458 3333 1744 3397 nummorum
1781 3332 1934 3395 aureo-

479 3469 617 3553 rum,
653 3431 732 3572 qui
768 3437 898 3532 ducati
934 3434 1043 3534 dicti
1079 3439 1270 3576 pondere
1327 3435 1561 3540 drachmae
1605 3437 1747 3539 minus
1798 3437 1939 3542 tritici

479 3612 617 3714 grano
654 3611 698 3676 et
733 3575 858 3675 semis
893 3572 1188 3698 feriebantur,
1222 3579 1615 3723 permutabantque
1650 3580 1831 3683 undenis
1867 3620 1939 3681 ar-

481 3715 648 3857 genteis
699 3719 893 3818 nummis
939 3718 1294 3859 drachmalibus,
1331 3765 1442 3865 quos
1494 3730 1641 3863 regales
1684 3721 1940 3843 vocabant,

480 3894 785 4000 praetereaque
819 3860 932 3961 binis
967 3868 1138 3976 blancis,
1166 3904 1286 3966 aerea
1321 3904 1364 3966 et
1400 3867 1571 4006 minuta
1607 3903 1816 3988 moneta,
1835 3904 1941 3970 nam

478 4000 547 4101 his
582 4005 802 4144 sexagenis
838 4005 1011 4106 octonis
1046 4008 1197 4149 regalis
1232 4049 1440 4111 nummus
1475 4006 1673 4110 valebat.
1758 4040 1763 4047 ‘

547 4156 672 4245 XXI.
754 4158 877 4246 Dum
928 4188 977 4251 ea
1012 4150 1164 4250 Toleti
1200 4187 1453 4291 geruntur,
1498 4189 1589 4255 tam
1626 4152 1860 4255 vehemens
1897 4183 1943 4255 et

476 4280 734 4388 inusitatum
775 4284 912 4432 frigus
954 4292 1150 4393 Baeticae
1187 4294 1524 4398 mediterraneas
1561 4298 1760 4438 regiones
1805 4297 1941 4397 inva÷

476 4426 531 4524 sit
565 4469 711 4529 mense
745 4431 984 4535 Decembri
1019 4512 1034 4555 ,
1070 4474 1120 4536 ut
1156 4434 1330 4538 arbores
1368 4479 1461 4541 non
1500 4441 1643 4538 solum
1689 4440 1735 4535 in
1778 4474 1941 4577 genere

474 4568 751 4689 citreorum,
787 4611 829 4672 et
872 4616 983 4717 quae
1035 4577 1120 4678 nisi
1171 4578 1416 4719 tepentibus
1465 4581 1572 4679 loeis
1625 4619 1716 4681 non
1771 4618 1940 4718 prove-

448 4709 630 4834 nium,
666 4749 708 4813 ct
743 4752 840 4817 sunt
874 4718 1034 4858 algoris
1071 4720 1255 4854 injuriae
1289 4758 1681 4865 peropportunam,
1714 4725 1788 4825 sed
1825 4725 1937 4825 vites

1877 4901 1943 4967 et-
