3998 5850
462 419 704 507 cmtour
747 423 799 503 v.
835 422 954 501 ura.
992 418 1161 509 xxvu.
1421 433 1511 530 419

84 579 271 683 militare
307 573 454 715 primo
490 613 674 716 quoque
711 609 913 713 tempore
949 571 1250 684 submitterett
1291 573 1338 677 in
1375 588 1550 685 Germa·

83 725 206 824 niam
242 757 347 821 vero
383 720 439 818 ad
476 718 720 858 principes,
762 719 901 858 quia
937 716 1025 818 fide
1061 754 1105 819 et
1141 713 1295 821 officio
1330 755 1423 824 non
1459 727 1548 826 dis·

84 899 318 982 cesserant,
355 859 505 962 scribir
534 859 871 1001 hortaturque,
908 862 1014 964 dent
1050 888 1230 1004 operam
1260 919 1296 982 ,ς
1311 898 1404 1005 quo
1440 907 1548 974 rno-

84 1047 153 1109 tus
189 1007 261 1108 ille
287 1006 546 1106 Germaniae
583 1006 849 1143 perniciosus
885 1002 1166 1125 cohibeatur,
1201 1044 1336 1148 atque
1367 1010 1464 1114 otio
1500 1048 1548 1115 et·

86 1151 289 1291 publicae
314 1149 473 1290 quieti
516 1150 783 1249 consulatur.
828 1154 1061 1248 Praeterea
1108 1153 1331 1287 Joannem
1373 1156 1544 1254 Federi-

83 1333 185 1394 cum
221 1294 434 1395 Saxoniae
479 1304 653 1406 Ducem
695 1291 892 1392 custodia
926 1290 1129 1411 liberat,
1171 1328 1353 1433 accepto
1375 1331 1544 1400 tamen

82 1438 138 1539 ab
174 1477 226 1537 eo
259 1436 540 1568 jurejurando
576 1435 724 1574 ipsum
759 1473 836 1534 suo
872 1432 1036 1566 injussu
1069 1470 1099 1535 a
1136 1435 1410 1539 castrisnon
1452 1440 1542 1541 dis-

82 1619 322 1687 cessurum.
377 1588 520 1711 Hujus
556 1578 677 1677 enim
713 1615 881 1718 opera,
904 1612 947 1676 et
998 1576 1044 1680 in
1093 1587 1280 1680 Saxones
1316 1577 1460 1722 gratia
1495 1618 1543 1687 er
1654 1719 1656 1722 Ι

82 1724 342 1824 auctoritate
377 1722 427 1823 in
461 1720 670 1822 Mauricii
704 1721 870 1820 malum
905 1717 971 1821 uti
1005 1718 1259 1863 cogitabat..
1386 1784 1389 1794 κ
1435 1855 1438 1859 ¹

150 1877 276 1966 XIX.
365 1876 431 1966 Ex
475 1868 678 2004 Augusta
718 1862 920 1964 Albertus
976 1898 1019 1963 et
1076 1860 1332 1967 Guilielmus
1374 1861 1541 1972 infestis

79 2008 213 2149 signis
248 2009 298 2107 in
332 2008 563 2110 Ulmenses
597 2041 819 2125 movent,
848 2003 1104 2146 indignati,
1141 2005 1266 2147 quod
1301 2043 1350 2111 ea
1384 2010 1538 2113 civitas

81 2152 331 2251 societatem
367 2151 565 2291 ipsorum
602 2180 930 2290 aspernaretur,
950 2183 994 2248 et
1029 2147 1244 2290 imperata
1280 2182 1540 2253 contemne»

79 2328 180 2414 ret,
213 2334 344 2435 seque
379 2294 435 2392 ad
471 2291 771 2393 obsistendum
812 2287 1024 2392 seditiosis
1062 2291 1319 2394 eorumdem
1365 2295 1538 2399 conati-

80 2434 161 2535 bus
197 2470 496 2578 compararet.
549 2444 759 2538 Ceterum
800 2469 872 2537 sex
907 2430 1060 2536 diebus
1100 2431 1148 2536 in
1191 2428 1429 2538 obsidione
1464 2474 1538 2545 ura

78 2575 146 2678 bis
180 2575 339 2680 frustra
364 2577 647 2698 =·consumtis,
679 2577 939 2720 vastatisque
975 2572 1121 2720 agris,
1155 2576 1417 2680 Stocachum
1454 2619 1538 2722 op·

77 2721 243 2863 pidum>
271 2723 503 2864 Hegoniae
539 2723 872 2865 progrediuntur
891 2769 909 2842 ·,
944 2720 1100 2861 ibique
1136 2720 1404 2881 stipendium
1450 2726 1536 2826 tri÷

79 2901 236 2965 mestre
271 2863 525 2985 militibus,
557 2901 608 2966 ut
642 2900 940 2984 convenerat,
977 2861 1032 2966 ab
1066 2870 1262 2965 Hennco
1296 2871 1422 3005 Rege
1458 2898 1536 3006 per

76 3006 245 3149 legatos
281 3007 506 3129 solutum,
526 3044 570 3109 et
605 3003 776 3110 obsides
811 3008 1019 3152 utrinque
1053 3005 1227 3126 traditi,
1246 3040 1272 3106 a
1306 3008 1434 3108 Gallo
1456 3021 1535 3110 Ga·

76 3189 198 3251 meus
233 3149 516 3252 Marchianus
533 3151 566 3285 (
603 3187 708 3252 nam
740 3151 940 3251 Tolietus
975 3145 1099 3250 obses
1136 3146 1242 3249 alter
1277 3143 1447 3251 futurus
1483 3146 1533 3250 in

76 3291 230 3393 itinere
265 3331 457 3396 mortem
493 3292 706 3431 obierat)
752 3334 778 3395 a
813 3290 1042 3394 Germanis
1085 3285 1359 3432 Principibus
1400 3289 1533 3392 Chri-

75 3433 308 3576 stophorus
344 3437 719 3580 Megelburgensis
753 3451 893 3556 Dux,
932 3471 975 3536 et
1010 3431 1237 3574 Philippus
1279 3430 1533 3574 Lantgtavii

74 3577 218 3688 filiust
240 3580 480 3686 Mauricius
516 3577 888 3682 autemLineium
923 3575 1151 3681 deflexerat
1186 3574 1434 3677 Pannoniae
1462 3610 1530 3678 'su

73 3721 254 3862 perieris
291 3723 541 3866 oppidum,
576 3761 626 3825 ut
659 3722 932 3825 Fernandum
965 3731 1138 3864 Regem
1175 3716 1452 3821 conveniret.
1492 3732 1529 3821 Is

74 3864 196 3965 enirn
231 3868 527 4010 superioribus
555 3863 708 3969 diebus
743 3866 857 3968 inter
882 3862 1007 3967 initia
1042 3858 1250 3966 tumultus
1275 3897 1378 3964 cum
1405 3871 1531 3965 Mau·

72 4004 195 4109 ticio
217 4047 293 4148 per
326 4010 573 4113 Henricum
608 4006 808 4112 Plavium
843 4006 1090 4110 Bohemiae
1113 4001 1433 4109 Cancellarium
1462 4005 1530 4104 di-

72 4149 259 4293 ligenter
295 4191 487 4296 egerat,
525 4188 846 4297 monueratque
878 4228 894 4274 ,
921 4189 970 4255 ut
1007 4194 1031 4252 a
1068 4148 1312 4292 periculoso
1351 4147 1529 4288 incepto

73 4329 118 4393 et
153 4295 386 4397 seditiosis*
402 4299 590 4400 consiliis
625 4299 873 4403 desisteret.
925 4305 1049 4397 Nam
1085 4294 1253 4410 adid,
1289 4291 1412 4431 quod
1435 4330 1530 4393 ¹cu-

74 4471 197 4573 peret
210 4514 225 4558 ,
264 4439 349 4538 alia
383 4437 671 4562 honestiore,
710 4441 909 4559 tutiore,
936 4475 990 4539 et
1027 4432 1166 4577 magis
1202 4433 1531 4574 compendiaria
1580 4470 1599 4477 “

73 4577 147 4675 via
188 4617 232 4678 se
273 4619 427 4721 agente
471 4582 688 4721 perveniri
737 4608 910 4724 posse,
948 4617 998 4681 ut
1018 4628 1024 4635 ·
1048 4577 1332 4719 Lantgravius
1365 4576 1532 4715 ‘aequis

73 4718 409 4828 conditionibus
445 4725 727 4835 liberareturt
766 4726 821 4827 ad
859 4724 982 4865 quod
1018 4719 1348 4862 impetrandum
1384 4755 1410 4820 a
1446 4729 1532 4818 Ca-

877 4878 1030 5009 Gggr.
1457 4894 1536 4960 ro·-
