4124 5880
492 437 743 522 canosa
783 436 837 517 v.
886 437 1004 519 ura.
1044 435 1203 520 xvir.
1454 449 1511 540 45

96 644 168 751 per
206 597 489 707 occasionem
524 597 813 700 molirentur.

165 758 341 853 XXIV.
417 759 624 875 Ceterum
660 783 765 843 curn
801 739 1038 864 illuxisset,
1077 740 1292 885 paulatim
1327 748 1415 851 sole
1450 751 1561 856 tali-

97 896 249 1041 ginem
285 889 580 1009 discutiente,
614 927 777 1007 naves,
820 927 933 1028 quae
983 887 1197 1029 plurimae
1239 932 1280 991 se
1329 893 1378 995 in
1424 900 1562 1001 altum

97 1044 305 1142 dederant
346 1074 446 1154 ,ac
500 1034 714 1173 dispersae
765 1026 1049 1152 ferebantur,
1088 1037 1145 1134 ad
1194 1043 1556 1177 Imperatoriam,

98 1226 208 1328 quae
244 1217 405 1324 parum
442 1220 468 1278 a
505 1177 656 1278 littore
695 1178 887 1319 digressa
922 1213 1083 1277 ceteras
1121 1179 1385 1319 opperiendi
1424 1188 1565 1329 gratia

95 1329 265 1472 placide
303 1320 607 1465 procedebat,
642 1323 880 1425 convenire
917 1359 1185 1463 coeperunt.
1240 1334 1391 1466 Itaque
1436 1333 1566 1434 omni

99 1470 191 1577 fere
227 1472 355 1571 classe
401 1503 591 1588 coacta,
628 1504 808 1609 portum
854 1467 1036 1570 Carolus
1086 1468 1304 1589 intravit,
1339 1470 1473 1573 Gallis
1510 1516 1563 1578 ex

96 1616 274 1719 castello
312 1649 667 1731 tormentorum,
694 1647 744 1712 ut
779 1611 918 1712 moris
956 1648 1048 1732 est,
1076 1611 1248 1755 ingenti
1284 1608 1458 1758 fragore
1494 1660 1563 1721 sa-

92 1758 375 1878 lutantibus,
412 1793 456 1857 et
493 1756 700 1858 laetitiam
736 1752 1111 1899 significantibus.
1156 1767 1253 1858 Rex
1290 1760 1409 1863 enim
1445 1803 1564 1879 nonf

90 1911 206 2012 dum
263 1936 441 2006 venerat
490 1902 540 2003 in
592 1899 855 2024 castellum,
894 1903 966 2003 sed
1003 1911 1094 2035 jam
1144 1904 1563 2048 appropinquabat,

90 2048 391 2195 pervenitque
429 2083 529 2188 post
565 2086 720 2188 paucas
758 2045 928 2167 horas,
961 2044 1193 2187 praemisso
1230 2057 1362 2148 Anna
1397 2060 1563 2153 Come-

89 2194 287 2315 stabili,
320 2192 399 2335 qui
435 2191 649 2294 Carolum
685 2190 821 2332 ipsius
858 2190 999 2296 verbis
1035 2190 1275 2312 salutaret,
1305 2234 1356 2294 ac
1392 2204 1482 2326 ejus
1517 2237 1564 2296 a÷
1702 2293 1705 2298 .

89 2342 273 2443 nimum
310 2373 631 2480 cognosceret,
669 2375 934 2478 acceptaque
970 2333 1027 2435 ab
1063 2335 1161 2477 ipso
1198 2335 1286 2438 fide
1333 2375 1432 2439 tuto
1468 2350 1562 2441 Re-

89 2523 205 2629 gem
241 2484 298 2585 ad
334 2522 467 2585 naves
503 2518 785 2605 venturum,
825 2483 1021 2615 ejusdem
1057 2484 1295 2583 adventum
1338 2523 1563 2625 praenun-

88 2631 226 2731 tiaret
261 2669 273 2738 3
305 2629 367 2730 ita
400 2664 549 2731 tamen
583 2666 634 2731 ut
668 2641 765 2732 Rex
801 2627 857 2726 de
894 2628 1046 2728 animo
1083 2627 1234 2730 Caroli
1269 2668 1361 2728 non
1398 2629 1566 2731 videre-

84 2810 165 2877 tur
202 2771 438 2896 dubitare,
469 2775 526 2875 sic
562 2775 684 2876 enim
720 2771 1028 2874 Comestabilis
1066 2772 1157 2914 egit
1194 2812 1297 2872 cum
1333 2811 1421 2872 eo:
1454 2784 1567 2892 Est,

84 2916 281 3058 inquit,
318 2927 360 3016 in
412 2925 536 3018 animo
569 2923 673 3053 Regi
707 2922 779 3017 buc
815 2923 864 3016 ad
900 2951 968 3039 te,
997 2923 1128 3016 (arole
1147 2993 1162 3036 ,
1199 2922 1345 3017 tenire.
1395 2921 1459 3014 An
1492 2958 1566 3016 non

89 3093 186 3162 tuto
222 3066 265 3160 ia
297 3064 436 3196 facere
472 3068 642 3200 poterit?
682 3063 756 3163 Ad
792 3059 897 3161 haec
935 3060 1158 3160 Carolus:
1200 3097 1243 3160 et
1294 3070 1469 3199 Regem
1523 3095 1567 3161 et

93 3205 246 3308 Gallos
283 3245 436 3306 omnes
473 3205 694 3307 tutissimo
731 3207 788 3307 ad
825 3249 867 3307 se
905 3245 1085 3346 suasque
1123 3244 1254 3306 naves
1282 3204 1432 3305 venire
1465 3244 1568 3346 pos-

87 3389 180 3469 se,
216 3351 469 3494 respondit.
528 3349 704 3473 Quibus
740 3349 887 3452 verbis
937 3384 1169 3452 contentus
1211 3349 1432 3491 laetusque
1468 3359 1568 3448 Co-

90 3492 340 3597 mestabilis
392 3495 598 3597 discedit.
653 3496 834 3596 Carolus
886 3533 1033 3597 aurem
1083 3530 1312 3614 metuens,
1341 3492 1389 3592 id
1441 3492 1567 3634 quod

100 3640 287 3761 evenit,
321 3678 377 3740 ne
411 3647 508 3742 Rex
543 3639 725 3740 incauto
763 3682 843 3741 suo
880 3642 1073 3741 adventu
1110 3639 1255 3739 mutui
1291 3631 1428 3737 officii
1463 3675 1568 3738 cum

87 3794 272 3916 majore
311 3783 507 3925 periculo
544 3822 588 3885 et
624 3784 903 3887 solicitudine
947 3784 1160 3887 reddendi
1206 3779 1290 3884 sibi
1341 3782 1570 3882 necessita-

87 3961 199 4024 tem
235 3926 522 4067 imponeret,
559 3926 839 4032 Albanorum
876 3943 1048 4032 Ducem
1087 3965 1130 4029 et
1165 3926 1435 4029 Franciscum
1472 3936 1570 4025 Co-·

93 4106 215 4169 vum
253 4071 581 4212 Nicolaumque
619 4076 899 4178 Granvellam
936 4077 992 4177 ad
1024 4086 1198 4219 Regem
1236 4110 1466 4215 properare
1502 4079 1571 4201 ju·-

98 4211 218 4336 bet,
252 4254 304 4316 ac
356 4217 551 4357 primum
588 4219 773 4358 quidem
826 4221 911 4321 suis
966 4260 1068 4322 eum
1125 4216 1266 4323 verbis
1316 4215 1569 4334 resalutare,

104 4357 259 4460 deinde
297 4399 392 4461 non
433 4398 667 4505 tamquam
719 4407 771 4464 ex
821 4368 1068 4483 mandato,
1105 4367 1179 4464 sed
1228 4359 1365 4462 veluti
1416 4395 1573 4500 sponte

111 4538 233 4604 suae
270 4540 458 4608 renato
497 4506 687 4608 consilio
724 4545 828 4609 cum
865 4509 962 4646 ipso
1000 4545 1157 4649 agere,
1188 4540 1239 4605 ut
1274 4508 1327 4615 ad
1365 4505 1578 4605 Carolum

112 4676 308 4751 venturus
344 4690 481 4752 unam
519 4694 570 4752 ex
610 4651 695 4753 suis
732 4650 984 4753 triremibus
1020 4652 1368 4770 conscenderet,
1408 4649 1579 4750 ceteris·
1602 4648 1622 4671 '⁰

22 4911 24 4942 ἐ
119 4822 193 4923 que
221 4794 517 4938 stipantibus,
540 4799 597 4898 ad
618 4796 946 4938 Imperatoriam
976 4798 1196 4898 accederet
1220 4874 1235 4917 ,
1259 4833 1309 4898 ut
1344 4834 1449 4894 curn
1486 4795 1578 4929 ipse
1696 4900 1698 4903 .

22 4943 24 4975 i
1487 4945 1578 5031 Ca·
