4110 5888
456 387 551 464 XIV.
913 373 1417 453 SUMMARIUM.

429 543 568 631 magna
594 509 747 595 caedes.
798 502 1049 589 Caramamini
1089 501 1142 586 ira
1191 502 1230 587 in
1260 501 1507 588 Germaniam
1550 501 1671 619 pergit
1705 524 1915 587 conventus

428 659 467 719 et
521 627 767 747 indignatio,
817 646 1047 739 suorumque
1091 619 1142 705 ad
1192 621 1395 738 peragendi
1426 620 1573 738 gratia,
1601 649 1715 736 quem
1752 624 1910 703 Pernan·
2023 712 2028 720 ¹

424 780 595 869 pugnam
619 734 920 832 cohortationes.
1193 740 1263 824 dus
1301 735 1414 824 frater
1454 769 1524 826 suo
1556 739 1655 851 jussu
1696 744 1911 856 Haganoae

500 869 646 954 XXVI.
723 865 839 947 Hunc
885 856 1141 943 Bernardinus
1190 856 1331 943 habere
1363 884 1542 971 coeperat
1571 858 1622 943 ad
1667 886 1809 944 errores
1842 863 1915 941 Lu·

429 988 662 1102 conspicatus
695 1040 707 1085 ,
739 1000 862 1064 sumta
907 1007 931 1060 a
969 975 1141 1090 proximo
1193 974 1373 1061 theranos
1422 975 1697 1080 cohibendos,
1734 977 1913 1062 undecim

318 1176 320 1180 Α
431 1108 633 1221 jaculatore
676 1097 904 1212 catapulta,
938 1093 1142 1211 sagittain
1196 1093 1280 1180 viris
1313 1094 1434 1182 doctis
1467 1093 1686 1178 Lutheranis
1727 1093 1910 1181 totidem·

429 1250 582 1340 pectore
610 1215 785 1332 configit.
821 1211 1049 1297 Vulneratus
1067 1214 1140 1294 Ca·
1190 1242 1267 1326 que
1295 1213 1498 1298 Catholicis
1529 1212 1736 1328 Theologis
1781 1211 1911 1297 nomi-

427 1340 652 1429 ramaminus
678 1363 793 1440 ,suos
825 1355 952 1416 tamen
981 1330 1031 1416 ad
1073 1359 1142 1444 pu·
1191 1331 1308 1417 natim
1340 1331 1426 1418 illuc
1457 1333 1644 1419 evocatis.

387 1463 391 1470 ’
429 1491 546 1580 gnam
589 1457 850 1553 cohortatur,
885 1447 951 1533 sed
991 1447 1142 1533 duobus
1278 1452 1407 1536 XXX.
1497 1450 1571 1535 Sed
1617 1469 1814 1537 conventu
1874 1446 1914 1533 in

428 1604 620 1694 praeterea
668 1571 745 1658 telis
782 1562 975 1653 confossus
1006 1566 1142 1653 occidi·
1192 1568 1441 1685 Vangionum
1469 1567 1708 1653 Vormatiam
1760 1563 1908 1651 transla-

430 1721 518 1781 tur.
566 1693 798 1780 Alihamatus
825 1713 982 1800 quoque
1014 1683 1138 1772 vulne·
1191 1709 1267 1791 to,
1299 1685 1536 1792 Granvella,
1566 1686 1633 1800 qui
1662 1684 1728 1799 ipsi
1758 1684 1911 1797 praesit,

428 1844 470 1901 re
501 1838 658 1927 accepto
684 1811 732 1894 ab
748 1805 917 1892 Henrico
946 1803 1143 1919 Henrique
1193 1804 1393 1890 remittitur
1434 1832 1522 1888 cum
1555 1804 1671 1889 tribus
1702 1808 1739 1887 T
1739 1802 1912 1919 heologis

432 1932 597 2047 capitur.
1195 1922 1372 2036 Hispanis
1397 1951 1436 2007 et
1461 1950 1542 2007 uno
1567 1920 1708 2038 Belga.

489 2051 650 2136 XXVII.
709 2047 802 2128 Tres
831 2039 958 2153 itaque
976 2040 1144 2127 hostium
1251 2044 1398 2126 XXXI.
1459 2041 1596 2125 Paulus
1622 2044 1686 2124 III.
1718 2038 1816 2125 duos
1858 2037 1908 2126 le·

432 2167 628 2272 triremes,
648 2163 880 2274 biremesque
909 2182 1052 2271 septem
1085 2188 1143 2244 ca·
1191 2182 1301 2274 gatos
1338 2158 1572 2245 Nuntiorum
1621 2155 1776 2243 nomine
1819 2186 1908 2244 cum

429 2313 519 2401 prae
552 2310 666 2391 ,una
695 2281 891 2365 dumtaxat
937 2277 1044 2361 initio
1079 2276 1143 2362 de·
1191 2302 1357 2390 quatuor
1400 2275 1534 2363 Italicis
1566 2276 1774 2392 Theologis
1811 2279 1911 2362 Vor-

432 2432 587 2518 pressa,
615 2399 912 2486 Christianorum
945 2395 1047 2478 nulla
1082 2395 1142 2481 de·
1191 2395 1345 2479 mariam
1370 2395 1502 2481 mittit.
1549 2398 1641 2480 Post
1670 2394 1827 2512 longam
1860 2394 1911 2480 de

431 2522 609 2610 siderata.
652 2515 765 2630 Capri
797 2514 911 2599 eriam
954 2540 1001 2598 ex
1033 2512 1144 2598 hosti·
1191 2513 1337 2598 ratione
1376 2512 1574 2599 disserendi
1625 2512 1910 2598 contentionem

431 2639 502 2726 bus
521 2632 785 2755 quadringenti
813 2628 945 2747 viginti
976 2654 1142 2744 septem.
1192 2630 1343 2716 duobus
1358 2633 1514 2719 tandem
1536 2629 1744 2748 Theologis
1765 2630 1910 2743 ,Joan-

432 2755 703 2845 Controversia
746 2752 841 2837 inter
871 2749 1144 2835 Bernardinum
1193 2747 1232 2831 ni
1256 2743 1377 2836 Eckio
1405 2749 1606 2835 Catholico
1629 2811 1641 2856 ,
1665 2772 1705 2834 et
1738 2747 1912 2865 Philippo

431 2878 720 2990 etHenriquem
736 2871 784 2957 de
798 2867 1014 2957 Alihamato
1030 2869 1142 2983 capti·
1194 2866 1485 2954 Melanchthoni
1519 2868 1740 2954 Lutherano
1787 2867 1911 2983 dispu-

431 3025 486 3082 vo
504 3054 517 3099 ,
532 3024 649 3108 quem
680 2993 816 3075 Caesar
845 3010 976 3100 postea
1005 2984 1054 3069 illi
1076 2987 1143 3072 ad·
1193 2985 1288 3070 tatio
1316 2987 1539 3101 permittitur
1560 2987 1797 3102 ,triduoque
1826 3015 1910 3071 con·

434 3112 592 3229 judicat.
1194 3130 1320 3189 sumto
1366 3105 1458 3190 nihil
1489 3106 1774 3221 propemodum
1817 3103 1914 3190 inter

493 3230 669 3314 XXVIII.
729 3219 948 3338 Octingenti
985 3250 1143 3336 quoque
1194 3247 1259 3306 eos
1294 3224 1499 3310 convenit.

430 3348 581 3466 triginta
609 3367 752 3459 septem
780 3342 1016 3455 captivorum
1035 3339 1143 3424 Chri·
1252 3343 1413 3428 XXXII.
1475 3344 1567 3427 Hoc
1604 3340 1761 3458 cognito
1790 3345 1914 3427 Caro-

433 3468 640 3553 stianorum
686 3462 725 3546 in
771 3459 979 3546 libertatem
1023 3458 1143 3546 vindi·
1194 3452 1250 3542 lus
1298 3459 1495 3577 negotium
1542 3460 1734 3545 intermitti
1783 3460 1913 3574 jubet,

432 3611 588 3671 cantur.
623 3579 781 3694 Hispani
809 3603 963 3663 centum
993 3575 1143 3693 triginta
1193 3602 1239 3659 ac
1261 3579 1507 3666 Ratisbonam
1539 3578 1678 3691 rejicit,
1707 3578 1775 3693 qui
1815 3609 1914 3665 con·

431 3701 657 3803 desiderati,
689 3723 727 3783 et
768 3696 807 3782 in
840 3697 881 3781 iis
923 3720 995 3782 tres
1041 3693 1140 3780 trire-
1195 3694 1372 3784 veniendi
1409 3697 1513 3783 locus
1542 3696 1769 3783 Germaniae
1809 3698 1907 3782 Prin·

432 3822 551 3906 mium
596 3813 802 3933 praefecti,
832 3811 1014 3931 nongenti
1061 3843 1142 3898 sau-
1193 3810 1335 3926 cipibus
1364 3815 1483 3902 dictus
1525 3840 1635 3920 etat,
1662 3838 1701 3898 et
1728 3841 1809 3928 quo
1837 3814 1915 3931 ipse

431 3939 536 4026 ciati.
583 3932 832 4022 Bernardinus
875 3934 931 4018 bis
972 3929 1140 4018 vulnera·
1194 3934 1335 4017 Caesar
1391 3926 1574 4048 multique
1631 3931 1779 4018 illorum
1820 3961 1914 4018 con-

431 4081 521 4164 tus,
551 4058 601 4144 ad
633 4053 871 4139 Arboranam
903 4048 1058 4136 insulam
1089 4052 1142 4139 vi·
1195 4050 1384 4159 veniunt,
1417 4052 1602 4166 simulque
1635 4055 1783 4165 Gaspar
1810 4055 1908 4135 Cor·

430 4199 514 4261 ctor
541 4172 736 4262 revertitur
752 4195 905 4285 propter
934 4168 1142 4256 occisorum
1195 4193 1344 4255 tarenus
1381 4169 1585 4256 CardInalis
1625 4200 1650 4256 a
1696 4169 1818 4256 Paulo
1850 4176 1914 4256 lII.

433 4295 685 4408 sepulturam,
715 4290 818 4375 unde
843 4283 1030 4401 profectus
1050 4292 1142 4374 Mo·
1195 4287 1362 4404 legatus.
1968 4292 1970 4295 ’

431 4413 598 4517 trillum,
631 4408 766 4494 deinde
798 4405 988 4493 Malacam
1030 4407 1141 4494 tertio
1254 4411 1432 4493 XXXIII.
1505 4412 1713 4494 Conventa
1750 4429 1912 4510 coacto,

434 4533 495 4622 die
521 4527 710 4644 pervenit.
1194 4525 1354 4610 Carolus
1388 4528 1436 4610 de
1467 4526 1669 4643 Religionis
1693 4552 1913 4610 controver-

493 4651 637 4732 XXIX.
699 4645 845 4731 Eodem
864 4668 1033 4759 tempore
1067 4647 1142 4729 Ca·
1195 4642 1250 4726 siis
1290 4642 1499 4749 tollendis,
1530 4671 1570 4730 et
1601 4645 1650 4730 de
1683 4641 1782 4728 bello
1815 4648 1913 4727 Tur·

433 4768 535 4858 tolus
567 4771 702 4852 Caesar
729 4793 775 4851 ex
792 4763 1019 4852 Valentianis
1048 4765 1140 4851 urbe
1200 4761 1285 4847 eico
1328 4761 1583 4878 propulsando
1630 4759 1763 4868 refert.
1783 4767 1913 4962 Tim

1847 4906 1914 4962 eo·
