4102 5864
507 315 596 498 aso
697 359 704 372 ’
828 412 850 521 '.
915 393 1241 483 -uuttuuus
1288 392 1522 485 castro

471 566 792 662 tormentorum
826 551 1005 655 bombis
1042 552 1187 652 fieri
1169 576 1325 696 coepta
1360 591 1422 656 est
1435 633 1449 675 ,
1469 595 1606 696 quae
1619 577 1672 660 e'x
1706 550 1924 659 omnibus

379 805 384 816 ,
471 701 638 804 arcibus
680 733 723 800 ct
765 696 993 797 maritimis
1033 697 1211 797 castellis
1251 698 1308 797 ad
1350 710 1565 814 Genuam
1583 711 1722 835 usque
1753 699 1922 800 conti·

472 880 631 946 nuata
628 839 746 941 fuit.
772 831 1130 941 Villamfrancam
1160 876 1456 999 praetereunte
1489 839 1614 939 classe
1648 841 1790 970 (nam
1818 878 1920 981 por

472 1002 569 1089 'turn
602 1020 789 1124 capere,
825 1015 874 1080 ut
908 1017 1002 1085 erat
1045 982 1368 1099 constitutum,
1418 980 1700 1084 commodior
1744 999 1918 1121 tempe-

403 1152 405 1157 ’
474 1164 598 1250 stas,
618 1165 689 1225 ne
736 1124 902 1223 occasio
944 1122 1247 1264 navigandi
1237 1122 1639 1243 intermitteretur,
1689 1121 1919 1225 dehortata

474 1273 572 1403 est)
607 1311 632 1367 a
666 1264 826 1368 Carolo
862 1210 1097 1368 sabaudiae
1136 1275 1260 1373 Duce
1295 1264 1607 1402 amplissimum
1643 1280 1685 1364 et
1722 1266 1915 1411 gratissi

472 1448 598 1512 mum
633 1406 891 1508 cibariorum
925 1447 1082 1509 munus
1117 1406 1164 1508 in
1193 1406 1359 1573 scaphis
1396 1404 1661 1519 submissum
1692 1444 1755 1512 est
1767 1483 1794 1526 ,
1814 1406 1918 1545 pha

475 1553 696 1654 sianorum
731 1547 924 1673 scilicet,
960 1549 1213 1688 perdicum,
1253 1565 1474 1689 pavonum
1492 1625 1506 1665 ,
1497 1549 1911 1709 gallinarum,
1844 1587 1915 1647 ve

475 1693 700 1810 nationis,
734 1724 1056 1858 ceterarumque
1099 1689 1345 1817 carnium,-
1378 1725 1422 1791 et
1466 1688 1673 1791 vinorum
1715 1681 1915 1831 optimo-

476 1873 577 1936 rum
612 1870 771 1974 magna
790 1832 961 1992 copia

547 1984 671 2077 XVI.
744 1971 829 2073 Vix
864 1969 1138 2074 Monachum
1173 2008 1264 2073 erat
1298 2007 1601 2115 praetergressa
1636 1970 1799 2091 classis,
1816 2011 1916 2077 cum

478 2135 631 2221 ventus
661 2151 997 2217 commutatur:
1034 2117 1181 2254 itaque
1216 2155 1382 2256 magno
1418 2116 1724 2258 remigantium
1770 2113 1920 2216 labore

477 2271 693 2360 Savonam
743 2293 925 2357 uentum
971 2294 1080 2378 est,
1119 2267 1240 2387 cujus
1291 2295 1469 2397 portum
1521 2296 1566 2359 ct
1612 2255 1770 2358 urbem
1817 2295 1919 2358 cum

478 2438 636 2539 magna
697 2396 1020 2536 oppidanorum
1084 2399 1370 2540 gratulatione
1437 2399 1724 2563 Philippus
1710 2400 1916 2518 intravit,

477 2539 708 2679 biduoque
748 2574 938 2647 moratus
980 2574 1071 2641 est
1138 2550 1244 2639 Huc
1296 2576 1398 2646 οιιο
1441 2542 1665 2708 primarii
1674 2541 1789 2640 cives
1831 2551 1915 2640 Ge-

478 2718 660 2781 nuenses
695 2680 825 2821 legati
871 2679 1109 2781 acivitate
1150 2682 1267 2782 missi
1308 2714 1552 2801 venerunt,
1580 2681 1675 2822 qui
1714 2680 1917 2821 Philippo

474 2821 707 2927 liberaliter
763 2822 1091 2962 pollicerentur.
1146 2821 1378 2924 Affuerunt
1418 2826 1549 2949 eriam
1592 2818 1739 2922 officii
1787 2823 1923 2985 gratia

350 2975 355 2986 '
478 2965 721 3065 Franciscus
755 2965 979 3062 Mendoza
1013 2964 1249 3068 cardinalis
1293 2941 1501 3088 Ecclesiab
1542 2975 1773 3082 Romanae
1803 3000 1851 3062 et
1883 3004 1931 3072 1

479 3105 581 3215 dem
616 3105 883 3244 Episcopus
886 3104 1179 3223 Cauriensis,
1206 3103 1476 3206 Pernandus
1500 3114 1712 3246 Gonzaga
1759 3082 1928 3204 Molfe-

478 3281 547 3344 tac
583 3245 783 3383 Princeps
828 3281 871 3346 et
913 3245 1067 3346 Ariani
1099 3256 1238 3366 Dux,
1280 3248 1359 3386 qui
1405 3248 1702 3386 Principatunt
1733 3248 1929 3346 Medio-

395 3520 397 3523 Υ
476 3386 694 3510 lonensem
734 3386 881 3490 Caroli
921 3385 1139 3487 uoluntate
1175 3386 1472 3528 procurabat,
1510 3423 1726 3527 praeterea
1766 3391 1933 3488 Ludo-

478 3528 599 3629 vicus
634 3527 766 3628 Leiva
801 3526 989 3627 Antonii
1023 3525 1131 3627 filius
1168 3530 1407 3631 Asculensis
1444 3530 1672 3689 Princeps,
1712 3563 1761 3627 ct
1793 3541 1933 3629 Fran·

481 3669 616 3769 circus
663 3669 843 3769 Estensis
890 3667 1090 3766 Herculis
1144 3670 1280 3769 Ducis
1331 3668 1598 3770 Ferrariensis
1641 3664 1777 3770 frater
1823 3708 1934 3809 ger-

479 3848 680 3929 manus,
674 3809 878 3924 triremi
910 3810 1114 3928 advecti,
1153 3850 1265 3950 quae
1302 3841 1532 3909 metatores
1561 3850 1670 3910 cum
1700 3807 1933 3920 Michaele

480 3952 665 4056 Velasco
701 3946 919 4090 praefatur
951 3953 1006 4050 ad
1039 3949 1343 4093 Rhodopem,
1387 3984 1622 4089 antequam
1655 3981 1719 4065 ιο
1743 3948 1936 4089 Philip·

481 4131 579 4260 pus
604 4094 894 4233 perveniret,
930 4091 1199 4211 sustulerat,
1246 4095 1324 4232 qui
1366 4129 1643 4243 quamquam
1692 4127 1936 4229 properare

480 4244 583 4365 jussr
569 4230 825 4355 fiaeranr,
864 4269 1015 4354 tamen
1058 4232 1404 4371 tempestatibus
1409 4227 1588 4353 literam
1609 4231 1803 4411 ιιιιιιιιι
1824 4308 1840 4351 ,
1874 4272 1938 4343 ne

470 4413 584 4477 ante
594 4377 681 4476 id
698 4311 903 4478 triduirm
925 4386 1125 4475 Genuam
1161 4375 1470 4512 pervenirent»
1522 4441 1575 4494 ;;;
1624 4414 1633 4491 ι
1692 4439 1695 4447 ν
1802 4434 1840 4449 κ»

548 4529 702 4659 XVII.
762 4529 827 4629 Ex
872 4518 1039 4618 savona
1056 4516 1268 4657 digressa
1307 4517 1500 4638 elassis,
1497 4514 1789 4671 tranquillo
1816 4515 1942 4675 mati

478 4603 635 4802 dicqrie
669 4698 852 4782 sereno,
884 4666 1154 4844 Cannensem
1190 4686 1326 4775 oram
1371 4657 1555 4802 cietur,
1573 4658 1724 4812 olcis
1744 4655 1940 4775 cereris·

1810 4831 1932 4941 quc
