3998 5850
462 412 560 542 43⁶·
849 431 936 515 or:
975 426 1174 511 nurus
1212 415 1436 513 cestre
1489 413 1495 424 ”

438 559 654 698 ’·ΧΙ,Ν.
700 602 703 606 ’
729 594 949 729 Magnam
969 585 1124 749 ,igitur
1170 565 1327 687 urbem
1365 620 1474 687 tum¹
1508 567 1751 750 operibus,
1793 576 1903 698 turns

424 737 555 843 firmo
608 732 849 874 peditatus
878 766 1185 875 equitatusque
1239 731 1458 872 praesidio
1495 769 1761 854 mumtam,
1800 772 1894 835 ma·

271 943 273 946 ·
425 911 539 1028 gnus
575 877 782 981 exercitus
831 871 1060 980 obsidebat
1104 955 1119 998 ,
1159 874 1364 1020 peditum
1414 886 1737 1011 Germanorum
1795 877 1896 981 Bel·-

270 1033 276 1044 '
425 1064 670 1171 garumque
707 1021 997 1165 quadraginta
1041 1060 1152 1142 sex,
1187 1019 1443 1153 Italicorum
1479 1054 1670 1163 quatuor
1690 1100 1707 1143 ,
1726 1046 1790 1123 'et
1824 1063 1896 1124 sex

348 1269 349 1272 γ
425 1171 769 1311 Hispanorum,
807 1167 1012 1309 equitum
1056 1203 1163 1268 veto
1200 1167 1452 1269 earumdem
1495 1165 1699 1311 gentium
1744 1167 1894 1270 decem

426 1315 619 1417 millium
651 1354 663 1422 ·‚
699 1310 934 1413 obsidendi
987 1347 1136 1415 autem
1187 1310 1361 1412 consilii
1409 1325 1514 1443 Dux
1563 1311 1657 1453 ipse
1699 1308 1892 1449 Albanus

427 1498 568 1602 paene
606 1456 720 1558 solus
759 1495 914 1559 auctor
950 1450 1084 1578 brit,
1126 1457 1262 1598 idque
1290 1455 1497 1557 'Carolus
1533 1492 1610 1598 per
1653 1453 1814 1591 litteras
1856 1490 1899 1559 et

428 1603 609 1721 nuntios
646 1597 885 1743 probavit,
921 1603 1031 1701 dum
1066 1601 1215 1726 Gallis
1235 1637 1390 1704 contra
1442 1635 1581 1704 tantas
1630 1601 1896 1741 ‘taliumque

429 1750 663 1851 nationum
700 1748 848 1888 copias
886 1743 997 1848 nihil
1033 1779 1182 1847 rutum
1217 1739 1312 1847 fore
1354 1746 1661 1878 existimaret,
1699 1782 1745 1850 ee
1789 1742 1895 1848 nihil

429 1892 589 1997 hostile
626 1935 651 1993 a
689 1929 817 2036 tergo
855 1892 1096 2035 relinquere
1131 1891 1259 1994 vellet
1289 1970 1304 2013 ,
1336 1892 1488 1993 ceteris
1533 1887 1764 2034 praefectis
1809 1892 1893 1994 dis-

430 2039 752 2160 sentientibus,
793 2075 845 2140 et*
873 2037 978 2140 anni
1013 2069 1225 2180 tempore*
1272 2037 1568 2179 locorumque
1616 2035 1793 2138 ratione
1826 2038 1892 2161 de-

431 2183 662 2295 hortante.
725 2185 798 2286 Ad
850 2182 1136 2285 undecimum
1185 2180 1304 2283 enim
1353 2181 1572 2280 Kalendas
1625 2179 1893 2285 Novembris

306 2322 311 2333 i
431 2329 567 2430 Meris
605 2328 793 2431 obsideri
827 2364 986 2468 coepta
1021 2362 1120 2445 est,
1152 2326 1200 2423 in
1233 2323 1388 2467 Belgio
1424 2319 1666 2429 Galliarum
1709 2326 1892 2428 maxime

433 2470 807 2614 septentrionibus
845 2468 1038 2607 subjecta
1073 2469 1297 2615 regione,
1341 2468 1464 2570 caelo
1506 2508 1707 2613 quoque¹
1725 2463 1893 2612 ‘magnis

431 2614 646 2719 imbribus
681 2619 939 2720 lacessente.
1027 2618 1029 2621 ’
1247 2630 1249 2635 ’
1288 2728 1290 2730 ,
1354 2633 1358 2639 ’
1441 2630 1444 2635 ’
1485 2631 1487 2635 ’

446 2785 449 2792 ’
505 2770 646 2864 XLV.
722 2775 929 2866 Ceterum
965 2757 1161 2864 Albanus
1197 2760 1253 2863 ad
1274 2795 1505 2863 summam
1527 2771 1680 2862 curam
1716 2796 1778 2893 et
1796 2755 1890 2861 dili-

435 2905 636 3050 gentiam
673 2906 919 3008 obsidionis
955 2939 996 3008 et
1032 2905 1377 3049 oppugnationis
1411 2907 1634 3047 urgendae
1671 2902 1782 3006 nibil
1815 2900 1890 3005 sibi

377 3162 387 3171 ,
435 3048 658 3188 reliquum
702 3043 935 3169 faciebat,
975 3087 1160 3153 ornnem
1201 3081 1455 3191 apparatum
1500 3050 1890 3190 oppugnandarum

435 3189 616 3292 urbium
655 3193 790 3293 muris
826 3193 1062 3295 admovere
1079 3242 1096 3314 ,·
1133 3193 1236 3294 loco
1272 3226 1495 3294 tormenta
1530 3194 1783 3327 collocare,
1817 3229 1891 3332 ag-

434 3374 558 3482 geres
587 3336 819 3456 excitare,
859 3374 903 3439 et
952 3336 1008 3439 ab
1043 3334 1111 3436 his
1153 3376 1305 3439 muros
1363 3372 1590 3479 turresque
1631 3372 1891 3455 concutere,

437 3478 663 3580 cuniculos
698 3482 756 3581 ad
793 3480 1006 3582 firmiores
1043 3516 1178 3583 turres
1214 3521 1369 3625 agere,
1404 3516 1454 3582 ut
1488 3481 1720 3624 suposito
1756 3481 1894 3582 incen·

437 3627 590 3764 soque¹
612 3624 905 3727 tormentatio
950 3626 1130 3766 pulvere
1165 3626 1516 3739 discuterentu13
1558 3522 1793 3728 dimitudo
1832 3661 1895 3725 ta·

440 3772 543 3885 men
583 3768 889 3872 munitionum
926 3766 1179 3891 hostilium,
1218 3771 1437 3912 temporis·
1469 3768 1675 3890 saevitia,
1716 3767 1897 3872 nimbo-

436 3924 545 4013 rum
577 3909 842 4057 niviumque
878 3911 1125 4058 frequentia
1160 3949 1204 4015 et
1238 3915 1502 4056 magnitudo
1523 3949 1730 4017 cunctam
1763 3913 1899 4016 admi

439 4055 748 4160 nistrarioncm
771 4059 1073 4202 impediebant
1097 4074 1161 4161 'et
1178 4052 1531 4188 frustrabantur.¹
1551 4068 1773 4167 Praeterea
1809 4098 1901 4159 cae-

442 4196 475 4300 lr
513 4201 669 4302 cadem
727 4239 771 4304 et
822 4205 1028 4345 temporis
1072 4203 1352 4307 inclementia
1388 4204 1585 4306 militum
1621 4218 1808 4347 corpora
1840 4200 1900 4337 sic

439 4339 721 4469 afflictabat,
760 4385 810 4450 ut
847 4390 899 4450 err
935 4342 1101 4491 frigore
1160 4383 1204 4450 et
1238 4352 1447 4471 *madente
1492 4348 1632 4451 humo
1651 4411 1674 4471 v,
1716 4348 1788 4450 cui
1825 4385 1904 4446 ac·

439 4483 697 4610 cubabant,
730 4488 962 4600 contractis
998 4491 1197 4614 morbis,
1235 4495 1366 4597 multi
1402 4496 1603 4637 quotidie
1640 4491 1905 4634 deperirent,

435 4633 644 4760 jumentis
681 4671 862 4780 quoque
902 4639 1068 4782 partim
1104 4640 1391 4744 incommoda
1426 4636 1762 4760 stabulatione,
1801 4654 1904 4781 parss

437 4772 537 4940 timp
557 4776 711 4922 inopia
747 4785 900 4923 pabuli
935 4784 1097 4938 p2⁵§im
1134 4781 1479 4891 intereuntibus.
1617 4832 1627 4853 ·
1765 4778 1781 4786 ’

442 4933 469 4965 ·.
527 4944 539 4973 a
925 4937 942 4978 ιζ,
976 4951 1022 4983 ..r
1814 4921 1894 5028 His
