4192 5858
513 107 771 191 canotr
810 108 1231 192 v.t.rn.‘xx1v.
1478 125 1604 224 2⁷9·
1688 188 1692 198 s

146 273 238 392 xit,
285 305 441 411 parurn
479 255 621 408 operis
673 301 937 407 superesset,
974 306 1250 408 quamquam
1285 313 1334 371 ea
1355 270 1481 373 ⁷fossa
1516 311 1614 412 per-

54 418 56 420 ’
147 457 306 557 parum
334 413 430 512 -vel
481 412 747 530 altitudine,
784 411 855 510 vel
910 411 1140 511 latitudine
1195 415 1401 556 patebat.
1452 429 1614 519 Hostes

44 575 53 589 ⁷
145 602 333 679 autem,
368 591 621 656 nostrorum
658 555 875 698 paucitate
910 592 1137 656 contemta
1158 598 1344 677 ,castra
1387 601 1614 704 oppugna-

145 743 193 805 re
231 745 332 824 curn
370 702 647 819 statuissent,
685 700 767 800 tria
810 742 1016 841 passuum
1051 702 1193 818 millia
1227 708 1478 849 progressi,
1515 709 1614 809 ido·

148 888 236 950 neo
276 851 384 979 loco·
414 850 704 947 consederunt
730 885 743 951 s
776 849 836 944 ad
861 887 951 974 eos.
984 841 1253 947 infestandos.
1285 889 1494 992 sequente
1528 891 1615 953 no·
1749 958 1753 965 ,

149 1027 213 1095 cte
250 991 533 1135 scloppetatii
568 991 688 1090 mille
725 992 916 1131 Hispani
953 1032 1057 1092 cum
1096 992 1260 1094 Alvato
1297 997 1459 1097 Sandio
1503 999 1614 1099 mit-

145 1172 324 1238 tuntur.
379 1137 447 1235 Hi
476 1136 608 1236 'tettia
644 1135 798 1276 vigilia
850 1136 1024 1237 silentio
1062 1140 1313 1280 progressi,
1349 1177 1394 1240 et
1429 1141 1616 1244 excubiis

140 1281 379 1392 concisis,
431 1279 682 1400 cohortes,
717 1277 831 1420 quae
875 1281 924 1381 in
975 1281 1159 1382 statione
1209 1322 1329 1385 erant
1363 1364 1381 1406 ,
1415 1276 1615 1407 adhorti,

136 1428 311 1527 multos
348 1432 659 1564 peremerunt}
697 1456 885 1567 totoque
922 1425 1111 1527 exercitu
1147 1431 1444 1550 conturbat0,
1479 1468 1523 1530 et
1559 1432 1616 1532 ad

131 1611 269 1672 arma
305 1606 636 1691 concurrente,
670 1569 811 1670 tribus
868 1571 1061 1672 omnino
1109 1612 1294 1675 suorum
1342 1574 1618 1697 desideratis,

126 1758 233 1818 sese
273 1708 560 1856 receperunt.
1575 1838 1578 1847 Ι
1646 1822 1648 1826 ,

215 1871 379 1962 XVIII.
455 1872 503 1960 In
541 1901 591 1958 ea
634 1894 875 1961 castrorum
928 1858 1260 2002 propinquitate
1306 1904 1420 1963 unus
1466 1899 1616 1964 tamen

118 2005 307 2106 fluvius
344 2003 711 2136 interlabebaturs
750 2007 823 2105 sed
860 2042 1053 2143 parvus,
1079 2042 1123 2104 et
1159 2007 1238 2146 qui
1274 2008 1423 2108 multis
1460 2009 1507 2107 in
1545 2009 1617 2108 lo·-

110 2152 200 2251 cis
260 2148 441 2289 pedibus
494 2149 664 2249 transiri
717 2185 885 2289 posset.
939 2159 1045 2248 Hoc
1090 2161 1307 2282 trajecto,
1345 2154 1474 2252 duces
1529 2151 1617 2252 ho-

106 2295 282 2394 stium
319 2294 651 2435 oppugnationi.
685 2295 905 2393 destinato
942 2294 1014 2393 die
1036 2369 1053 2412 ,
1088 2295 1167 2435 qui
1216 2291 1300 2395 luit
1346 2297 1487 2435 pridie
1524 2300 1618 2394 Ka-

102 2440 293 2539 lendas
330 2437 637 2577 Septembris,
672 2439 737 2537 de
764 2470 920 2579 quarta
956 2438 1111 2580 vigilia
1146 2438 1238 2541 acie
1273 2441 1478 2539 instructa
1513 2477 1619 2538 mo-

104 2619 280 2683 vent.
345 2594 464 2682 Cum
502 2618 626 2724 parte
673 2617 998 2682 tormentorum
1034 2583 1250 2722 equitatus
1303 2580 1615 2691 antecedebats
1655 2607 1658 2610 “

98 2728 353 2876 pediturn
389 2729 503 2828 acies
537 2766 640 2827 cum
677 2727 828 2826 ceteris
866 2726 1097 2827 tormentis
1132 2724 1502 2868 subsequebatur,
1538 2768 1619 2826 eo-

103 2914 236 3012 que
276 2873 476 2991 ordine,
509 2874 651 2972 donec
687 2871 803 2972 intra.
836 2871 911 2970 teli
946 2883 1109 3006 jactum
1147 2907 1480 2993 ventumxest,
1515 2911 1619 3012 pro-

103 3054 394 3125 cesserunt3
440 3057 535 3158 quo
587 3017 771 3158 cognito
808 3051 853 3115 et
889 3017 1232 3136 animadverso,
1268 3017 1452 3117 Carolus
1504 3015 1619 3114 mili-

98 3198 208 3272 tes
246 3160 543 3281 cohortatus,
577 3200 732 3260 manus
768 3200 894 3261 suurn
933 3200 1158 3302 quamque
1193 3162 1342 3261 locum
1398 3160 1509 3260 tueri
1545 3169 1618 3289 ju·-
1691 3228 1692 3231 κ

89 3314 255 3432 βα.
308 3306 499 3447 Hispani
535 3308 591 3406 ad
644 3306 812 3408 laevam
849 3306 964 3406 circa
1019 3308 1230 3447 paludosa
1265 3307 1366 3405 loca
1407 3303 1619 3405 constite-

62 3485 249 3582 sunt
289 3490 301 3557 3
339 3488 439 3592 post
493 3490 567 3550 eos
618 3451 676 3549 ad
711 3453 909 3587 dextram
938 3450 1075 3549 'acies
1125 3490 1213 3551 una
1263 3463 1620 3566 Germanorum,

51 3591 219 3714 Cui
256 3597 476 3734 Georgius
513 3628 745 3736 praeerat,
784 3597 992 3725 adjuncta
1026 3593 1417 3736 scl'oppetatiorum
1453 3594 1649 3733 Hispa-x

43 3771 314 3848 uorum
352 3738 560 3839 cohorte.
620 3749 719 3838 Hos
757 3740 1004 3840 Italicorum
1058 3752 1200 3871 majot
1237 3781 1335 3882 pars
1383 3739 1619 3878 continge-

43 3918 135 3980 »ει
156 3908 211 3969 t
239 3925 251 3981 :
276 3921 384 3982 nam
421 3884 553 3983 ceteri
593 3884 868 4011 munitiones
906 3886 1022 3986 intra
1059 3887 1270 4025 paludosa
1303 3887 1400 3983 loca
1436 3921 1622 4022 compa·

43 4051 250 4125 atas
308 4027 554 4135 tenebant3
589 4029 752 4127 deinde.
800 4030 930 4128 altera
980 4041 1303 4130 Germanorum
1354 4027 1465 4128 acies
1515 4063 1619 4127 cum

43 4166 424 4272 vsandrucho
459 4167 696 4313 'praefecto'
731 4174 984 4272 constiterat
1009 4190 1039 4278 ς’
1060 4174 1248 4313 spatium
1286 4211 1397 4271 veto
1445 4167 1501 4271 ab
1553 4168 1621 4269 his
1756 4162 1758 4166 ’

43 4333 288 4546 ὶᾛυε
336 4318 391 4415 ad
443 4317 603 4458 oppidi
652 4316 830 4416 moenia
884 4318 1102 4458 pertinens
1153 4318 1300 4418 nullae
1352 4315 1620 4420 munitiones

43 4438 108 4541 de
185 4457 448 4560 endebant
462 4535 480 4562 ..
531 4472 684 4604 Itaque
719 4462 771 4563 in
817 4501 915 4563 unaw
939 4445 1063 4605 p'arte
1099 4499 1183 4604 pro
1230 4461 1353 4566 vallo
1395 4455 1621 4561 naviculae

1487 4580 1490 4586 ¹
1519 4593 1620 4698 fue-
