4110 5888
538 402 593 492 16
907 414 994 496 DE
1042 397 1250 493 REBUS
1299 409 1548 491 GESTIS'

485 615 588 698 rur,
625 571 842 715 capiuntr
907 567 1071 712 quibus
1112 568 1292 690 nautis,
1346 569 1583 711 ceterisque
1623 567 1801 691 rebus,
1839 611 1956 715 quae

486 722 582 824 usui
619 760 706 820 esse
742 722 952 860 possent,
998 713 1047 815 in
1083 713 1278 813 triremes
1314 714 1617 858 transpositis,
1661 753 1793 815 naves
1840 717 1955 861 ipsas

488 906 594 968 curn
642 856 961 965 commeatibus
997 856 1095 1003 igni
1147 895 1461 1002 corrumpunt.
1505 863 1629 961 Tum
1680 857 1821 961 tribus
1856 861 1957 965 die·-

488 1009 569 1116 bus
612 1009 724 1109 circa
767 1018 1007 1138 Corcyram
1049 1037 1091 1101 et
1132 1001 1353 1140 proximas
1389 1002 1548 1104 insulas
1589 1002 1806 1105 latitando
1847 1045 1956 1108 con-

489 1153 642 1255 sumtis
678 1227 694 1272 ,
745 1183 968 1286 noctuque
1012 1142 1238 1246 Aulonem
1289 1184 1434 1247 versus
1479 1183 1584 1246 curn
1638 1146 1957 1286 processissent,

489 1330 646 1442 quarto
704 1294 777 1396 die
822 1329 956 1391 mane
992 1287 1096 1388 duas
1145 1287 1341 1391 triremes
1384 1327 1735 1432 conspexerunt,
1791 1292 1955 1433 quibus

481 1452 684 1584 ‘Joannes
725 1445 848 1568 Bejus
866 1426 1005 1536 *unus
1034 1471 1103 1534 -ex
1137 1431 1363 1569 Solymani
1406 1428 1664 1578 praefectis,
1709 1435 1954 1542 Methonae

487 1580 745 1687 Christianis
802 1574 1056 1720 patentibus
1099 1609 1253 1696 ortus,
1305 1579 1380 1680 sed
1421 1579 1502 1723 qui
1538 1589 1628 1712 jam
1671 1574 1885 1684 defecerat
1926 1627 1954 1687 a

484 1728 739 1831 Christiana
780 1723 1054 1865 Religione,
1111 1718 1387 1846 vehebatur,
1437 1766 1489 1826 ex
1531 1737 1727 1862 Corcyra
1767 1726 1954 1850 rediens,

484 1914 579 2017 quo
630 1871 779 1972 missus
830 1907 856 1967 a
917 1866 1155 2004 Solymano
1204 1861 1346 1968 fuerat
1396 1871 1450 1970 de
1501 1866 1668 2000 injuriis
1724 1868 1950 2009 depressae

483 2016 605 2122 navis
646 2052 750 2114 cum
786 2011 967 2114 Veneris
1004 2009 1354 2153 expostulatum.
1409 2023 1535 2113 Haec
1571 2011 1693 2114 enim
1735 2049 1826 2115 erat
1861 2025 1955 2118 Ve-

404 2258 408 2259 r
483 2197 690 2265 netorum
744 2155 1052 2276 consuetudo,
1111 2192 1161 2255 ut
1219 2155 1392 2299 quoties
1441 2164 1684 2258 Turcatum
1742 2157 1950 2302 Princeps

482 2305 721 2408 exercitum
756 2336 831 2401 aut
878 2301 1056 2400 classem
1107 2300 1353 2442 coegisset,
1413 2295 1497 2441 ipsi
1532 2339 1716 2443 quoque
1770 2302 1950 2407 classem

482 2448 778 2564 instruerent,
830 2477 874 2546 et
924 2443 1121 2546 militum
1161 2443 1371 2586 praesidia
1422 2482 1498 2588 pet
1550 2482 1801 2590 opportuna
1850 2446 1951 2549 loca

482 2593 801 2737 disponerent,
835 2629 932 2692 non
965 2626 1015 2694 ut
1048 2590 1203 2692 Turcis
1239 2624 1483 2712 nocerent,
1517 2630 1622 2692 cum
1658 2589 1820 2734 quibus
1865 2631 1952 2734 pa-

483 2777 582 2838 cem
623 2733 886 2858 habebant,
919 2775 971 2836 ac
1012 2734 1242 2880 diligenter
1289 2735 1563 2855 tuebantur,
1605 2736 1681 2837 sed
1722 2777 1778 2836 ne
1824 2736 1951 2877 ipso«

483 2920 583 2983 nrm
620 2880 817 2983 securitas
863 2914 906 2980 et
941 2880 1207 3023 negligentia
1242 2873 1417 2981 occasio
1455 2877 1579 2980 fieret
1615 2879 1781 2980 alienae
1818 2878 1950 3021 perfi-

486 3027 622 3132 diaer
662 3061 706 3125 et
742 3061 846 3124 tunc
882 3026 987 3124 duas
1022 3024 1168 3123 classes
1211 3018 1488 3124 confecerant
1525 3023 1769 3124 triremium
1812 3024 1952 3166 quin-

488 3206 825 3312 quagenarum,
865 3205 1056 3309 quarum
1091 3165 1214 3267 alteri
1250 3173 1476 3304 Joannem
1510 3168 1810 3288 Victorium,
1846 3167 1965 3285 alte--

487 3314 526 3415 ri
561 3315 895 3451 Hieronymum
930 3310 1157 3414 Pisaurum
1193 3306 1527 3455 praefecerant,
1564 3353 1756 3454 quorum
1793 3310 1953 3413 Pisau-

486 3495 540 3558 ro
579 3458 786 3560 stationes
822 3458 877 3557 ad
912 3467 1159 3593 Corcyram
1194 3455 1465 3580 obtinente,
1500 3495 1600 3556 casu
1636 3458 1759 3561 navis
1796 3495 1953 3557 onera-

487 3601 553 3701 ria
585 3679 600 3721 ,
637 3641 751 3743 quae
794 3599 1023 3737 Solymani
1069 3599 1238 3702 lautum
1284 3601 1627 3706 instrumentum
1675 3600 1952 3743 suppellecti-

486 3743 664 3884 lemque
699 3739 924 3864 vehebat,
956 3746 1059 3844 duas
1094 3753 1370 3846 Venetorum
1405 3746 1597 3848 triremes
1632 3745 1689 3847 ab
1723 3744 1817 3845 aliis
1853 3782 1950 3887 spe-

484 3888 661 3988 culandi
707 3886 850 4029 gratia
886 3886 1130 4029 digressas,
1184 3889 1449 3991 contemtim
1485 3888 1800 4029 praeterlapsa,
1857 3927 1955 3989 non

485 4031 731 4151 salutavit,
775 4031 977 4172 neglecto
1013 4069 1139 4132 more
1175 4034 1353 4133 nautico
1389 4032 1593 4172 gentium
1628 4028 1955 4174 approbatione

486 4214 711 4318 recepto,
757 4209 806 4274 ur
851 4214 955 4275 cum
998 4175 1111 4276 inter
1161 4216 1204 4275 se
1240 4176 1497 4316 navigantes
1548 4214 1827 4295 occurrunt,
1869 4177 1953 4317 qui

488 4355 588 4419 sunt
626 4358 810 4422 numero
865 4357 941 4422 aur
998 4318 1307 4461 magnitudine
1343 4318 1543 4421 navium
1591 4316 1864 4436 inferiores,
1899 4318 1952 4420 hi

486 4464 651 4606 priores
703 4465 860 4566 alteros
911 4497 1238 4566 tormentorum
1285 4461 1463 4567 bombis
1498 4500 1574 4564 aut
1610 4463 1743 4563 etiam
1789 4495 1950 4559 nauta-

486 4646 588 4709 rum
625 4604 811 4708 vocibus
854 4604 1205 4748 clamoribusque
1241 4609 1458 4710 salutent.
1502 4607 1726 4750 Indignati
1761 4642 1866 4747 ergo
1904 4645 1949 4706 se

483 4751 750 4876 contemni,
775 4750 854 4890 qui
896 4748 1148 4852 triremibus
1186 4789 1408 4893 praeerant
1419 4831 1435 4875 ,
1460 4761 1659 4896 pugnam
1695 4747 1943 4900 tormentis,

1897 4930 1948 4994 ut
