4124 5880
542 423 601 515 φ
877 467 885 485 .
926 405 1010 490 ua
1053 399 1258 484 nauus
1305 398 1567 483 nassis

577 578 705 669 XXI.
781 565 856 666 Ad
891 562 1098 665 Lerinam
1133 557 1320 661 insulam
1348 557 1436 662 ubi
1471 594 1655 663 ventum
1692 592 1788 682 cst,
1814 560 1976 668 obvios

507 711 664 815 habuit
699 711 898 854 legatos,
930 747 1043 852 quos
1081 707 1138 809 ad
1172 717 1346 850 Regem
1383 708 1534 809 locum
1569 707 1799 874 utriusque
1835 710 1975 812 collo-

506 860 617 1000 quio
654 856 946 959 constituendi
982 854 1121 1018 gratia
1155 852 1358 955 miserat.
1395 865 1492 957 Rex
1529 894 1683 977 emm,
1720 856 1822 1020 qui
1834 870 1975 958 Caro

505 1005 538 1106 li
575 1036 861 1143 conspectum
914 998 1359 1144 colloquiumque
1318 1035 1565 1121 vitaverat,
1599 1034 1701 1143 post
1742 999 1878 1142 ipsius
1921 1040 1974 1102 ac

504 1146 731 1250 Pontificis
781 1147 1055 1267 discessum,
1087 1185 1191 1247 cum
1242 1143 1473 1246 Gallorum
1515 1078 1817 1288 qisotumdam
1864 1187 1976 1289 pro-

505 1334 654 1396 cerum
690 1290 908 1412 hortatu,
940 1327 1037 1394 tum
1072 1291 1266 1391 maxime
1302 1293 1450 1393 uxoris
1489 1288 1689 1455 precibus
1726 1293 1973 1415 adductus,

507 1438 659 1540 Caroli
695 1371 977 1580 colloquium
1016 1474 1059 1540 et
1095 1434 1337 1538 amicitiam
1373 1437 1626 1580 expetivit,
1661 1474 1793 1581 atque
1830 1479 1881 1540 ea
1918 1441 1973 1540 de

505 1624 553 1685 re
590 1583 800 1684 Cornelio
825 1597 1021 1747 Scepero
1073 1593 1276 1684 Genuam
1329 1583 1385 1684 ad
1424 1582 1639 1686 Carolum
1677 1583 1975 1726 proficiscenti

506 1729 743 1871 primum,
779 1729 936 1835 deinde
972 1773 1024 1832 ex
1061 1728 1145 1830 suis
1180 1726 1326 1857 Vellio
1362 1729 1420 1829 ad
1456 1770 1559 1830 eum
1596 1732 1805 1832 mandata
1839 1732 1973 1831 dedc-

506 1909 618 1992 rat,
655 1909 910 2018 pergratum
960 1874 1045 1977 sibi
1079 1869 1223 1993 fore,
1259 1909 1309 1974 ut
1345 1874 1510 1977 rediens
1550 1874 1623 1975 ille
1664 1876 1721 1976 ad
1756 1875 1971 1994 insulam,

506 2058 619 2158 quae
655 2055 855 2120 estante
892 2020 1164 2139 Massiliam,
1201 2061 1294 2160 quo
1332 2021 1425 2161 ipse
1461 2020 1773 2141 contenderet,
1809 2020 1880 2121 vel
1916 2021 1972 2122 ad

504 2161 643 2267 alium
679 2204 779 2266 orae
814 2166 976 2268 Galliae
1021 2164 1215 2307 aequum
1251 2165 1553 2307 idoneumque
1588 2166 1741 2266 locum
1777 2165 1971 2267 diverte-

504 2343 605 2425 ret,
642 2345 693 2410 ut
743 2311 971 2452 utriusque
1022 2349 1251 2454 congressu
1303 2344 1438 2453 atque
1491 2311 1722 2453 colloquio
1773 2310 1970 2413 amicitia

505 2486 547 2554 et
582 2492 666 2593 pax
701 2454 1057 2557 confirmaretur.
1097 2467 1249 2576 Quam
1278 2456 1594 2559 conditionem
1630 2455 1845 2575 Carolus,
1881 2454 1965 2556 etsi

504 2636 683 2698 suorum
719 2600 984 2763 quibusdam
1019 2591 1265 2741 suspectam
1317 2642 1404 2702 esse
1439 2599 1655 2721 videbat,
1691 2597 1776 2700 sibi
1817 2635 1971 2702 tamen

504 2744 773 2883 gravissimis
809 2787 862 2846 ex
913 2747 1051 2848 causis
1104 2787 1192 2849 non
1245 2748 1566 2888 repudiandam
1612 2745 1791 2865 statuit,
1825 2745 1971 2888 proti-

503 2925 673 3029 nusque
709 2891 939 3025 Vellium,
977 2928 1021 2994 et
1062 2891 1211 2993 triduo
1257 2928 1359 3032 post
1395 2892 1654 2995 Cornelium
1701 2905 1937 3032 Sceperum
1950 2965 1967 3010 ,

505 3031 561 3130 de
595 3033 757 3173 quibus
791 3074 923 3178 supra
958 3037 1246 3179 scripsimus,
1280 3039 1336 3136 ad
1371 3050 1546 3181 Regem
1583 3036 1755 3156 redire,
1786 3072 1831 3137 et
1865 3073 1972 3138 cum

505 3213 559 3274 eo
595 3176 745 3281 locum
781 3181 1011 3324 colloquio
1048 3183 1237 3325 deligere
1272 3216 1314 3286 et
1350 3185 1615 3285 constituere
1640 3181 1801 3347 ‘jussit

575 3333 719 3424 XXII
793 3336 890 3426 Rex
926 3364 1108 3447 autem,
1146 3366 1250 3428 cum
1276 3328 1416 3431 initio
1455 3326 1557 3430 huic
1592 3327 1654 3428 rei
1688 3323 1921 3426 locum
1881 3362 1972 3426 ctr-

504 3504 554 3564 ca
592 3468 836 3569 Massiliam
873 3473 1165 3591 destinasset,
1199 3508 1352 3615 postea
1393 3509 1542 3575 tamen
1584 3471 1819 3573 consilium
1861 3508 1971 3571 mu-

466 3609 651 3729 'tavit,
686 3613 776 3715 sive
811 3649 861 3716 ut
898 3617 1215 3780 suspicionem
1241 3617 1457 3720 minueret
1506 3617 1807 3736 insidiarum,
1856 3653 1972 3778 quae

503 3787 680 3890 poterat
715 3798 768 3857 ex
803 3761 959 3901 oppidi
1005 3760 1287 3863 munitissimi
1312 3800 1493 3906 a,tque
1538 3801 1691 3906 portus
1737 3759 1970 3863 occasione

504 3898 624 3998 nasci
642 3973 658 4021 ,
677 3900 767 4002 sive
787 3979 801 4022 ,
822 3907 996 4067 quod
984 3946 1077 4049 spse
1112 3943 1307 4008 causatus
1344 3944 1407 4009 est
1431 3988 1446 4029 ,
1469 3946 1686 4050 quomam
1721 3905 1969 4025 Massiliae,

500 4080 603 4144 cum
641 4084 696 4145 eo
751 4050 981 4171 venisset,
1034 4052 1142 4153 aeris
1194 4051 1491 4153 salubritatem
1540 4084 1786 4194 suspectam
1823 4048 1971 4151 offen-

500 4186 588 4286 dit
627 4129 1057 4313 Consentientibias
1045 4197 1177 4338 igitur
1208 4192 1679 4359 approbantibusque,
1701 4238 1813 4341 quos
1850 4195 1970 4316 dixi,

498 4331 694 4477 legatis,
725 4339 876 4441 locum
911 4342 967 4442 ad
1002 4354 1177 4444 Fossam
1213 4341 1462 4445 Marianam
1498 4342 1772 4443 castellum
1760 4378 1807 4439 m
1841 4339 1970 4437 litto·

497 4514 544 4577 te
574 4482 829 4587 Provinciae
854 4487 1156 4591 Narbonensis
1192 4488 1422 4590 constituit
1465 4490 1627 4622 (Aquas
1664 4514 1832 4584 mortuas
1867 4483 1970 4583 vul

495 4658 556 4765 go
593 4626 777 4765 dicunt)
813 4671 838 4730 a
876 4633 1044 4758 matis,
1083 4665 1132 4729 ut
1185 4633 1381 4774 opinor,
1420 4632 1604 4773 quiete,
1638 4669 1730 4771 quo
1783 4665 1860 4768 per
1915 4668 1965 4727 os

494 4808 730 4912 angustum
763 4775 1002 4915 primum,
1044 4775 1202 4877 deinde
1239 4773 1522 4878 littoribus
1505 4815 1599 4908 Jam
1647 4772 1781 4917 paulo
1833 4771 1963 4873 latius

1885 4954 1963 5017 re-
