4170 5866
492 370 573 460 168
882 383 968 463 os
1007 379 1209 458 nauus
1250 374 1470 456 cnsms

434 528 494 631 cis
532 534 753 674 portulam
791 528 967 648 emissi,
1008 526 1123 627 fossa
1160 528 1299 647 tecti,
1335 529 1477 626 donec
1505 527 1651 625 essent
1672 533 1710 624 ‘e
1746 521 1897 668 tegio-

435 711 493 774 ne
527 711 886 793 tormentorum,
922 707 1245 814 processerunt.
1295 675 1427 770 Tunc
1463 709 1568 770 vero
1605 667 1753 769 subito
1806 713 1898 772 sese

433 814 634 918 hostibus
670 820 979 933 ostendentes,
1014 816 1064 920 in
1100 825 1321 916 Vascones
1358 850 1402 914 et
1437 813 1604 931 Italos,
1639 814 1720 952 qui
1762 852 1895 953 prae-

435 960 549 1059 sidio
586 960 815 1062 tormentis
852 995 1008 1077 erant,
1036 958 1258 1098 impetum
1292 952 1520 1063 feceruntt
1551 954 1706 1096 hisque
1742 958 1895 1098 repul·

434 1102 517 1219 sis,
537 1101 736 1242 quinque
773 1138 1099 1201 tormentorum
1136 1110 1354 1229 majorum
1383 1095 1626 1216 foramina,
1650 1138 1739 1238 qua
1772 1098 1893 1240 ignis

433 1245 731 1362 admovetur,
768 1239 913 1342 ferreis
948 1243 1079 1340 clavis
1116 1241 1402 1361 obstruxere,
1438 1277 1487 1339 ac
1523 1240 1698 1339 inutilia
1745 1243 1894 1342 reddi-

435 1387 630 1505 derunt,
668 1422 712 1487 et
748 1387 895 1486 multis
932 1381 1180 1483 vulneribus
1224 1384 1389 1503 illatis,
1424 1421 1603 1483 suorum
1648 1422 1755 1483 vero
1800 1425 1896 1485 uno

437 1529 665 1628 dumtaxat
701 1529 971 1657 desiderat0,
992 1561 1034 1624 et
1070 1524 1243 1631 duobus
1279 1525 1541 1642 vulneratis,
1563 1523 1758 1625 hostium
1794 1567 1895 1627 ma-

436 1709 530 1810 gno
583 1708 768 1769 numero
818 1704 1145 1811 procurrente,
1183 1707 1269 1771 sese
1318 1667 1369 1771 in
1417 1657 1638 1808 oppidum
1688 1665 1891 1806 placide,

319 1824 320 1827 ‘
436 1851 526 1951 qua
563 1847 826 1952 eruperant,
862 1847 1143 1951 receperunt.

506 1966 630 2055 XVI.
707 1963 868 2094 Neque
906 1993 1011 2053 vero
1063 1955 1111 2054 id
1160 1987 1331 2053 rantum
1380 1948 1712 2054 tumultuarium
1762 1991 1896 2095 praea·

434 2094 545 2194 lium
580 2137 604 2195 a
641 2098 800 2195 nostris
834 2092 1003 2196 facturn
1039 2131 1137 2214 cst,
1166 2099 1240 2197 sed
1276 2090 1363 2196 fere
1399 2096 1580 2236 singulis
1616 2094 1770 2197 diebus
1806 2137 1889 2236 pro

434 2276 592 2378 pecore
629 2237 940 2338 dimicabatur.
979 2239 1156 2338 Accidit
1191 2238 1311 2339 enim
1343 2278 1407 2338 res
1444 2275 1693 2338 memoratu
1729 2238 1884 2380 digna,

436 2414 480 2476 et
514 2380 663 2479 multis
699 2381 874 2480 saeculis
911 2381 1142 2502 inaudita,
1179 2384 1304 2522 quod
1355 2420 1458 2481 curn
1501 2381 1719 2522 oppidum
1756 2422 1782 2479 a
1820 2415 1888 2480 tot

433 2519 627 2620 millibus
662 2520 907 2622 hominum·
935 2521 1169 2623 obsidione
1218 2558 1532 2662 premeretur,
1566 2522 1770 2664 quotidie
1821 2558 1891 2623 ta-

433 2700 537 2764 men
571 2703 758 2806 magnus
793 2665 963 2806 pecoris
999 2664 1268 2806 armentique
1315 2705 1521 2766 numerus
1572 2702 1691 2765 extra
1737 2703 1891 2766 muros

434 2807 490 2904 ad
524 2808 725 2945 proxima
764 2844 888 2946 prata
924 2843 967 2908 et
1002 2803 1178 2907 frondes
1227 2808 1468 2928 arborum,
1505 2846 1619 2948 quae
1673 2807 1900 2948 plurimae

434 2941 604 3048 fuerant
639 2950 686 3048 in
721 2950 976 3090 propinquo
1012 2951 1229 3069 succisae,
1251 2950 1509 3091 pabulatum
1544 2989 1648 3050 cunr
1683 2950 1893 3091 scloppe-

435 3089 647 3188 rariorum
698 3092 917 3229 praesidio
967 3093 1303 3193 emittebantur:
1340 3094 1397 3193 ad
1444 3093 1569 3233 quod
1619 3090 1891 3232 abigendum

434 3267 536 3330 cum
571 3230 717 3330 hostes
754 3250 846 3332 rem
883 3226 1182 3335 vehementer
1204 3236 1476 3377 indignantes
1530 3227 1734 3378 persaepe
1787 3274 1892 3335 ma-

434 3410 514 3470 nus
565 3373 897 3495 immitterent,
934 3415 1179 3517 numquam
1229 3414 1377 3478 tamen
1423 3417 1478 3477 ne
1528 3415 1649 3518 parte
1701 3378 1890 3518 quidem

435 3524 525 3646 ejus
560 3553 659 3616 sunt
709 3518 873 3658 potiti,
911 3557 1080 3659 semper
1128 3558 1226 3618 tum
1276 3520 1508 3661 scloppetis
1559 3561 1585 3618 a
1636 3521 1891 3658 praesidio,

432 3689 528 3754 tum
565 3699 616 3757 ex
653 3660 823 3800 oppido
860 3697 1185 3772 tormentorum
1223 3663 1316 3761 telis
1352 3702 1456 3763 cum
1503 3662 1769 3763 detrimento
1813 3702 1890 3762 re-

431 3799 578 3927 jecti,
624 3840 705 3900 nec
741 3802 861 3902 enim
898 3843 1026 3942 pecus
1062 3805 1236 3945 longius
1273 3843 1408 3945 quam
1444 3844 1537 3946 quo
1574 3805 1782 3905 tormenti
1818 3842 1899 3906 te-.

306 3946 308 3949 ’
432 3939 541 4067 lum·
562 3943 683 4084 adigi
718 3980 895 4083 posset,
932 3945 1244 4084 procedebat)
1278 3949 1362 4046 His
1414 3948 1538 4048 rebus
1588 3985 1691 4045 curn
1748 3948 1893 4048 nostri

433 4121 525 4182 non
560 4085 788 4226 vulgarem
823 4120 1066 4221 tyronum,
1102 4125 1151 4190 ut
1187 4084 1281 4189 fote
1318 4090 1432 4188 Galli
1466 4089 1771 4209 crediderant,
1808 4092 1887 4192 sed

432 4258 736 4328 veteranorum
772 4231 853 4364 (ut
888 4266 978 4330 etat
1013 4228 1131 4331 bona
1174 4271 1265 4372 pars
1303 4232 1505 4371 praesidii
1558 4238 1791 4366 veterana)
1839 4275 1890 4332 e-

334 4390 338 4397 '
430 4367 630 4507 gregiam
679 4372 886 4472 virtutem
923 4409 966 4472 et
1002 4376 1239 4475 militarem
1289 4415 1416 4476 usum
1468 4376 1782 4494 ostenderent,
1815 4371 1890 4474 fa-

431 4544 551 4607 ctum
590 4549 685 4630 est,
719 4550 768 4612 ut
805 4515 948 4615 hostes
986 4519 1040 4616 de
1077 4519 1234 4657 oppidi
1289 4518 1609 4657 expugnatione
1646 4553 1689 4617 et
1733 4517 1890 4656 reliqui

433 4647 536 4750 belli
572 4691 762 4756 successu
797 4658 1099 4799 desperarent.
1153 4659 1239 4759 His
1276 4661 1396 4760 enim
1445 4659 1657 4762 militibus
1693 4701 1719 4759 a
1755 4696 1885 4802 tergo

1815 4843 1890 4903 re-
