4192 5858
499 385 586 472 aas
875 393 960 478 DE
997 390 1207 476 REBUS
1231 388 1459 478 GESTIS

454 554 620 657 ditatus
656 591 762 655 vero
776 550 1026 657 illorum
1014 592 1169 696 mgens
1204 589 1297 657 erat
1333 551 1611 672 multitudo,
1646 549 1786 656 nostri
1830 594 1918 660 nu

456 738 601 801 merus
637 700 694 800 ad
730 700 966 800 tredecim
985 697 1211 820 millium,
1247 737 1292 801 et
1341 695 1506 799 borum
1559 696 1730 800 circiter
1779 701 1919 843 quin

456 884 545 987 que
579 843 717 943 millia
752 843 906 1005 gladiis
942 845 1173 945 dumtaxat
1198 877 1364 944 armata
1399 842 1725 985 scloppetorum
1760 880 1805 946 et
1839 845 1917 949 ba

458 1024 621 1089 starum
658 987 854 1129 inopia,
887 1029 1003 1130 quae
1051 987 1101 1088 in
1150 987 1425 1106 desiderata,
1460 989 1517 1086 de
1553 1026 1644 1129 qua
1694 988 1915 1114 diximus,

455 1131 559 1261 navi
594 1128 902 1242 vehebanturt
937 1131 1013 1232 sed
1049 1131 1186 1273 gladii
1220 1171 1326 1233 cum
1361 1063 1583 1251 diitricti,
1616 1165 1667 1231 ut
1703 1135 1917 1239 cratim

455 1310 705 1416 peratum,
742 1275 903 1377 dextris
956 1271 1209 1396 ferrentur,
1248 1275 1523 1376 multorum
1521 1208 1916 1416 citaphractorum

455 1456 647 1559 spectem
675 1421 836 1582 procul
870 1417 1180 1561 aspicientibus
1225 1418 1623 1521 ostentabant.1n
1573 1433 1711 1523 lneo
1748 1424 1916 1563 praelio

454 1605 508 1664 ex
552 1563 709 1664 nostris
762 1566 890 1704 pauci
939 1601 1040 1664 sunt
1092 1559 1343 1684 interfecti,
1379 1563 1529 1705 compl
1530 1603 1622 1666 ures
1672 1565 1915 1677 vulnerati,

455 1748 535 1807 ex
533 1704 744 1808 hostibus
786 1708 914 1808 multi
967 1706 1112 1826 caesi,
1147 1708 1291 1808 multo
1341 1706 1480 1848 plures
1530 1707 1686 1812 vulnus
1735 1749 1915 1850 accepe-

455 1888 593 1972 runt,
630 1853 839 1994 aliique
828 1891 880 1955 ιιι
912 1851 995 1952 alia
1044 1851 1142 1950 loca
1176 1849 1441 2013 diffugere.
1493 1851 1635 1957 Rex
1622 1889 1715 1992 rpse
1750 1851 1917 1956 Mahu-

454 2032 599 2098 metus
634 2035 738 2098 cum
774 1996 922 2138 paucis
958 2033 1139 2097 suorum
1174 1993 1222 2095 in
1257 1994 1413 2096 urbem
1449 2036 1536 2096 sese
1570 1996 1760 2139 recepit.

526 2150 670 2243 XLV.
745 2153 910 2243 Comes
941 2177 1056 2281 post
1093 2176 1290 2302 pugnam
1341 2140 1398 2240 ad
1435 2140 1704 2260 olivetum,
1741 2138 1917 2243 diein

454 2320 636 2406 noctem
686 2284 959 2446 praecipite,
992 2283 1112 2385 mille
1165 2283 1333 2386 circiter
1381 2281 1578 2426 passibus
1612 2325 1638 2383 a
1672 2290 1918 2385 Tremeze-

456 2468 518 2530 no
552 2461 686 2527 castra
720 2428 902 2568 posuit,
941 2467 995 2526 eo
1030 2426 1253 2548 consilio,
1286 2461 1336 2528 ut
1369 2427 1570 2569 proxima
1605 2465 1736 2528 nocte
1772 2428 1919 2568 quieti

457 2573 588 2693 data,
624 2609 803 2714 postero
845 2572 916 2674 die
950 2567 1121 2676 urbem
1139 2608 1445 2737 oppugnaret.
1503 2582 1711 2673 Ceterum
1747 2569 1919 2675 Mahu

456 2753 597 2821 metus
642 2717 729 2818 suis
783 2716 930 2858 paucis
966 2754 1014 2818 et
1046 2717 1275 2860 perterritis
1325 2719 1417 2858 ipse
1453 2755 1636 2858 quoque
1672 2714 1920 2818 conturba-

457 2900 526 2966 tus
561 2900 717 3002 parum
754 2859 929 2982 fidens,
967 2863 1120 2963 eadem
1169 2896 1328 3023 nocte,
1367 2860 1598 3001 praemissa
1647 2899 1750 2960 cum
1804 2857 1922 2964 libe-

457 3006 514 3110 ris
550 3039 595 3106 et
629 3002 839 3105 uxoribus
875 3005 1032 3168 grandi
1066 3005 1251 3148 pecunia
1285 3041 1330 3106 et
1366 3041 1521 3124 veste,
1558 3001 1718 3147 quibus
1753 3002 1921 3146 trigin-

458 3187 505 3252 ta
540 3148 731 3249 camelos
767 3148 965 3249 oneravit
989 3149 1113 3290 ,ipse
1148 3189 1253 3251 cum
1289 3149 1486 3251 ducentis
1521 3145 1743 3290 equitibus
1780 3157 1925 3248 Bena-

458 3331 608 3396 raxam
643 3332 792 3394 uersus
822 3288 1048 3435 profugit.
1088 3306 1196 3414 Quo
1233 3295 1452 3436 cognito,
1489 3306 1689 3414 Comes,
1724 3283 1924 3393 cumil-

458 3436 669 3558 luxisset,
703 3437 849 3578 copias
898 3435 1103 3557 induxit,
1140 3471 1183 3538 et
1217 3476 1396 3539 nemme
1446 3435 1717 3557 obsistente,
1758 3433 1919 3539 urbem

457 3581 637 3684 intravit
672 3581 810 3721 pridie
846 3588 999 3682 Nonas
1034 3515 1288 3702 Februarii,
1303 3621 1460 3744 quam
1506 3581 1763 3683 mortalium
1808 3619 1917 3721 pae

457 3763 515 3827 ne
550 3727 725 3826 inanem
761 3722 976 3835 offendit3
997 3724 1211 3865 oppidani
1247 3724 1397 3847 enim,
1421 3762 1524 3827 cum
1557 3718 1659 3824 freti
1693 3763 1768 3824 sua
1802 3724 1916 3824 mul

457 3870 646 3974 titudine
676 3870 836 3969 nostris
879 3870 1183 3972 accedentibus
1235 3864 1483 3971 infestis
1450 3868 1585 4012 signis
1634 3865 1916 3969 obviamne

458 4012 743 4133 statuissent,
779 4051 933 4114 uxores
969 4012 1216 4154 liberosque
1252 4053 1348 4114 suos
1383 4010 1699 4154 imbellemque
1741 4009 1917 4115 turbam

458 4159 597 4319 pridie
633 4156 769 4300 Regis
804 4156 1078 4257 voluntate
1066 4195 1114 4258 ιιι
1150 4192 1325 4259 montes
1369 4194 1413 4261 et
1449 4157 1574 4260 silvas
1625 4152 1913 4257 abdiderant.

455 4302 605 4444 itaque
642 4299 853 4404 militibus
889 4301 1093 4442 permissa
1123 4301 1325 4464 praeda,
1357 4340 1508 4443 paucr
1472 4300 1755 4444 populares
1799 4297 1920 4439 capti

458 4479 593 4565 sunt,
619 4481 664 4546 et
699 4448 944 4587 complures
974 4445 1166 4582 Judaei.
1206 4452 1482 4550 Tremezeno
1517 4483 1710 4586 recepto
1730 4442 1920 4585 direpto

456 4630 579 4754 que,
616 4591 884 4710 Abaudilla,
918 4592 975 4690 ad
1011 4629 1174 4752 quem·
1182 4589 1315 4690 amici
1353 4590 1656 4732 clientesque,
1670 4586 1860 4754 partim
1872 4588 1922 4691 in

454 4734 649 4857 itinere,
671 4736 760 4861 sed
811 4731 1174 4880 frequentiores
1160 4771 1211 4838 m
1249 4730 1433 4841 urbem-
1449 4743 1785 4882 convenerant,
1816 4742 1920 4836 Re

1826 4915 1917 5020 gl'lO
