4170 5866
481 437 565 529 204
840 421 952 503 ou
1000 418 1195 500 nunus
1250 414 1469 499 castis

395 694 398 700 ¹
448 578 531 683 bus
573 578 692 684 flexis
741 584 1101 722 perseverantes,
1138 614 1311 718 surgere
1348 612 1390 676 et
1427 571 1571 719 capita
1620 570 1792 718 operire
1840 590 1910 714 ju«,

389 826 393 832 ,
451 724 555 828 bet.
974 815 977 821 .
1278 765 1280 770 ’

524 879 684 971 XVIII.
758 865 971 970 Postridie
1008 863 1273 966 Guilietmus
1326 868 1383 966 ad
1418 866 1633 969 Carolum
1685 904 1902 990 reversus,

454 1051 769 1115 sacramentum
804 1014 923 1153 apud
958 1011 1103 1151 ipsum
1139 1011 1285 1128 dixit,
1322 1049 1410 1149 qua
1456 1010 1594 1108 solent
1647 1012 1909 1112 caerimonia

454 1159 534 1299 qui
571 1197 614 1255 se
650 1158 697 1257 in
734 1155 979 1257 clientelam
1030 1153 1300 1295 principibus
1337 1153 1521 1271 dicant,
1557 1150 1780 1294 fidemque
1831 1158 1910 1256 de-

454 1302 521 1400 dit
555 1338 724 1441 semper
761 1340 804 1400 se
840 1300 887 1399 in
923 1292 1075 1396 officio
1112 1331 1154 1395 et
1185 1295 1336 1397 Caroli
1372 1332 1585 1436 potestate
1620 1293 1744 1399 fore.
1785 1310 1909 1400 Haec

424 1446 661 1564 locutus,
697 1478 747 1542 ut
783 1479 872 1542 erat
908 1435 1091 1584 genibus
1136 1438 1288 1558 flexis,
1329 1475 1373 1536 et
1408 1475 1560 1581 aperto
1609 1443 1783 1583 capite,
1821 1456 1909 1544 Ca-

450 1588 536 1690 roli
572 1592 770 1728 Hispana
800 1627 828 1698 a
862 1586 1095 1726 Belgarum
1145 1592 1556 1726 Germanorumque
1596 1589 1910 1689 consuetudine

454 1728 715 1832 abhorrente
750 1728 1014 1829 caerimonia
1065 1728 1262 1826 dextram
1298 1729 1564 1829 exosculatus
1612 1768 1701 1830 est.
1757 1730 1910 1832 Suble-

455 1912 609 1974 vatum
661 1870 786 1973 bono
838 1873 990 1972 animo
1041 1910 1127 1971 esse
1175 1872 1359 1970 Carolus
1408 1870 1581 2005 jubet,
1619 1870 1909 2014 hilarioreque

455 2019 582 2118 vultu
630 2014 847 2116 liberalius
897 2013 1117 2157 appellat,
1154 2053 1205 2114 ac
1240 2016 1400 2114 eodem
1451 2017 1523 2115 die
1571 2016 1767 2116 deductis
1803 2018 1911 2119 Gui-

454 2160 598 2260 lietmi
633 2162 861 2260 voluntate
896 2157 1181 2279 custodibuS,
1219 2193 1262 2259 et
1296 2158 1558 2299 Vagnelone
1594 2161 1795 2281 tradita,
1830 2201 1911 2261 no-

455 2343 563 2404 vum
600 2303 867 2444 praesidium
903 2302 1162 2442 impositum
1198 2338 1261 2401 est
1296 2342 1321 2401 a
1357 2304 1552 2421 Carolo,
1582 2344 1726 2444 eoque
1762 2308 1911 2445 paucis

456 2444 609 2550 diebus
646 2488 698 2546 ex
735 2446 860 2545 omni
896 2445 1118 2546 Geldrensi
1154 2458 1328 2546 Ducatu
1364 2446 1497 2586 legati
1532 2481 1777 2568 venerunt,
1814 2448 1914 2588 qui-

320 2692 321 2695 ,
456 2587 535 2690 bus
572 2590 836 2691 Guilietmus
872 2586 1006 2688 fidem
1056 2586 1138 2690 sibi
1174 2590 1323 2688 datam
1375 2624 1419 2687 et
1454 2599 1522 2720 jus
1573 2586 1795 2690 clientelae
1850 2632 1915 2690 re-

455 2733 610 2852 misit,
648 2734 873 2873 iidemque
909 2731 1076 2869 Carolo
1111 2773 1154 2830 se
1190 2772 1410 2873 suosque,
1446 2735 1544 2833 data
1593 2731 1679 2834 fide
1715 2771 1760 2834 et
1795 2743 1914 2864 jure-

455 2877 683 3011 jurando,
717 2878 765 2977 in
802 2911 1063 3015 potestatem
1099 2914 1148 2975 ac
1185 2877 1437 2994 ditionem,
1471 2875 1719 2977 Guiliermo
1757 2879 1914 2980 volen-

457 3054 501 3117 te
547 3060 597 3119 ac
634 3016 848 3150 jubente,
884 3021 1184 3137 tradiderunt,
1221 3020 1436 3158 omnique
1472 3021 1663 3121 Ducatui
1699 3023 1912 3123 Geldren-

457 3161 494 3261 si
520 3164 702 3261 Carolus
729 3175 952 3263 Renatum
997 3161 1260 3262 Chialonem
1296 3163 1543 3305 Principem
1583 3165 1780 3271 Uraniae.
1811 3204 1914 3268 cum

454 3304 671 3444 praesidio
707 3302 939 3445 praefecit.
990 3306 1163 3407 Deinde
1201 3346 1283 3446 pro
1319 3343 1460 3406 cetera
1496 3349 1570 3408 sua
1606 3309 1838 3410 clementia
1874 3344 1917 3409 et

454 3445 768 3568 humanitate,
802 3449 1047 3548 Guiliermo
1083 3450 1212 3549 venia
1249 3454 1376 3571 data,
1407 3452 1702 3585 Juliacensem
1738 3488 1782 3552 et
1816 3452 1917 3556 Cli-

455 3629 634 3692 vensem
669 3592 1157 3711 Ducatum'restituit,
1196 3593 1276 3695 sibi
1311 3595 1565 3716 Geldrensi,
1603 3597 1681 3736 qui
1716 3605 1809 3727 jure
1860 3597 1918 3697 ad

455 3733 588 3872 ipsius
640 3737 959 3876 patrimonium
1009 3733 1256 3877 pertinebat
1294 3815 1308 3858 ,
1344 3775 1516 3838 retento
1548 3818 1562 3859 ,
1596 3777 1639 3839 et
1691 3777 1916 3879 praeterea

413 3967 417 3975 ,
454 3876 626 3979 duobus
675 3881 851 3979 castellis
909 3882 966 3980 ad
1001 3892 1322 3982 Germanorum
1358 3883 1557 4023 Belgium
1608 3883 1915 3985 invadentium

452 4018 632 4152 injurias
669 4020 960 4163 prohibendae
997 4060 1084 4145 ,et
1120 4025 1413 4130 Guilietmum
1459 4027 1508 4127 in
1558 4021 1710 4129 officio
1761 4026 1914 4129 conti«.

453 4166 651 4270 nendum
687 4168 974 4306 opportunis.

509 4320 632 4410 XIX.
710 4313 792 4411 His
828 4309 953 4411 rebus
989 4308 1245 4435 confectis,
1279 4313 1461 4418 Carolus
1497 4354 1589 4416 suas
1626 4311 1774 4453 copias
1811 4327 1914 4413 Fer*

452 4451 602 4549 nando
637 4464 908 4596 Gonzagae,
945 4495 1079 4595 quem
1116 4455 1233 4577 sibi,
1270 4462 1335 4560 uti
1370 4459 1593 4574 diximus,
1618 4457 1798 4598 imperii
1835 4460 1912 4558 de·

450 4590 536 4692 lata
589 4634 795 4715 summa,
833 4599 1086 4738 legaverat,
1123 4601 1171 4700 in
1207 4604 1393 4700 Galliam
1428 4603 1681 4703 interiorem
1718 4603 1910 4743 Regios·

448 4776 536 4878 que
572 4735 677 4839 fines
712 4740 976 4845 inducendas
1013 4743 1176 4854 tradit3
1210 4745 1302 4884 ipse
1339 4743 1459 4847 enim
1513 4744 1730 4850 articulari
1786 4779 1911 4847 mon·

1845 4885 1906 4987 bo
