4192 5858
415 394 664 479 ειιιιοιι
709 394 767 478 v.
817 395 930 478 ιιι.
969 391 1139 479 xxrv.
1378 401 1472 500 ιιι.

118 544 404 666 ι,ιι1ἰιιιιιιι
440 548 746 708 promulgavit
795 588 941 651 mense
994 548 1179 686 Julio,
1195 588 1289 694 quo
1341 588 1512 718 magno

118 690 266 788 ιιιιιΙιιι
293 691 534 789 Germania
552 729 707 790 omnis
756 729 959 790 concussa
1012 727 1109 810 est,
1143 695 1347 796 omnibus
1398 700 1511 799 enirn

118 831 320 932 ttberanis
370 866 562 970 suspecta
611 869 732 932 erant
767 833 918 934 Caroli
953 834 1144 932 Caesaris
1199 838 1420 956 consilia,
1458 881 1514 981 nc

121 973 261 1090 llum,
297 1009 390 1071 non
424 973 473 1071 in
509 1010 750 1111 paucorum
786 973 1079 1112 Principum,
1112 978 1235 1074 sed
1224 1016 1272 1075 m
1322 977 1515 1116 ipsorum

118 1115 269 1210 nnium
302 1113 473 1213 malum
514 1151 755 1272 pararetur.
808 1127 962 1234 Quam
1009 1117 1271 1252 opinionem
1323 1120 1513 1220 maxime

117 1251 344 1353 nfirmavit
401 1255 578 1353 nuntius
630 1295 682 1353 ex
730 1255 854 1354 Italia
908 1257 962 1352 de
1013 1256 1152 1393 copiis
1206 1258 1509 1378 auxiliaribus,

118 1432 177 1491 tae
226 1395 419 1494 aPaulo
456 1394 666 1494 Pontifice
703 1397 907 1495 Maximo
961 1394 1281 1533 parabantur,
1318 1400 1517 1536 perlatus

118 1574 214 1673 tque
249 1533 531 1655 Lutherani,
570 1539 648 1674 qui
696 1537 893 1637 adversus
929 1535 1183 1637 Catholicos
1242 1540 1519 1678 conspirave-

118 1711 195 1793 nt,
230 1676 419 1784 consiliis
454 1677 823 1795 communicatis,
863 1716 1017 1777 manus
1054 1717 1210 1818 cogere
1234 1717 1506 1818 coeperunt,

118 1851 181 1914 :ro
215 1815 271 1915 ab
307 1817 617 1956 Augustanis
606 1817 766 1935 mitio,
794 1858 906 1956 quae
943 1819 1095 1918 civitas
1132 1818 1300 1922 bellurn
1335 1861 1390 1919 eo
1425 1861 1514 1920 no.-

118 1957 187 2055 ine
224 1996 267 2055 se
316 1995 571 2117 comparate
618 1959 928 2097 praedicabat,
963 1998 1054 2058 non
1092 1961 1216 2096 quod
1266 1961 1392 2060 vellet
1428 1972 1518 2060 Ca-

117 2097 150 2196 li
184 2099 373 2198 Caesaris
409 2099 633 2199 conatibus
671 2097 906 2222 obsistere,
930 2100 1003 2198 sed
1039 2133 1088 2197 ut
1124 2102 1407 2202 Germaniam
1442 2102 1519 2200 ad

118 2277 211 2337 :rsus
256 2239 378 2338 Pauli
413 2237 696 2338 Pontificis
685 2242 891 2370 mjuriam
929 2275 1145 2359 tueretur,
1186 2241 1266 2381 qui
1318 2242 1374 2340 ad
1425 2279 1521 2341 eam

118 2381 405 2516 ›pnmendam
440 2381 677 2479 exercitum
712 2420 764 2477 ex
798 2380 919 2480 Italia
956 2381 1175 2482 mitteret.

123 2531 237 2622 VIII
311 2522 526 2620 Coacta
515 2522 650 2662 rgitur
688 2523 883 2659 peditum
920 2523 1156 2621 duodecim
1195 2522 1385 2622 millium
1424 2561 1522 2624 ma·

118 2702 167 2781 ι,
204 2663 283 2821 qui
318 2663 479 2802 viginti
530 2700 721 2800 quatuor
770 2664 890 2802 signa
943 2663 1147 2762 militaria
1204 2662 1518 2801 sequebantur,

152 2804 400 2944 quingentis
451 2802 720 2942 equitibus,
756 2800 1070 2942 tormentisque
1120 2803 1349 2942 trigrnta,
1389 2802 1522 2902 Seba-

118 2945 233 3043 lanus
261 2889 520 3047 Schertellus
558 2939 793 3106 praefectus
828 2986 880 3044 ex
912 2952 1111 3084 Augusta
1149 2942 1429 3082 proficiscitur
1466 2948 1522 3047 ad

118 3086 256 3224 lpium
291 3082 430 3186 fauces
466 3122 507 3185 et
542 3088 695 3206 viam,
735 3126 847 3226 quae
877 3127 935 3184 cx
970 3088 1093 3184 Italia
1145 3124 1220 3223 per
1255 3085 1521 3191 Tridentum

150 3228 531 3367 Oensprucbum
520 3266 567 3325 tn
603 3231 885 3326 Germaniam
919 3229 1231 3365 Bavariamque
1264 3227 1409 3342 ducit,
1438 3225 1520 3326 ob·

118 3370 344 3468 lendam·
336 3436 349 3475 ‚
386 3369 491 3469 haec
542 3403 688 3468 autem
755 3370 828 3468 via
877 3406 938 3467 est
989 3368 1148 3507 duplex
1185 3445 1200 3487 ,
1246 3369 1412 3505 quippe
1463 3366 1519 3467 ab

120 3498 358 3673 ensprucbo
394 3512 473 3642 (id
495 3549 583 3628 est,
609 3511 644 3610 si
665 3511 934 3649 interpretari
969 3510 1132 3627 libeat,
1165 3518 1257 3610 Ocni
1270 3514 1410 3642 ponte)
1432 3548 1518 3608 sese

118 3654 295 3750 duo
283 3655 436 3752 itinera
472 3653 667 3771 scindit,
702 3692 892 3791 quorum
928 3654 1129 3751 dextrum
1167 3687 1243 3788 per
1284 3653 1518 3753 secundam

119 3794 192 3894 eni
225 3795 480 3894 fluminis
448 3834 586 3934 trpam
622 3790 900 3916 Cofstainum
951 3788 1066 3910 ferr,
1101 3792 1263 3891 Tirolis
1316 3793 1516 3896 munitis-

118 3973 236 4033 mum
271 3937 523 4056 castellum,
556 3937 739 4035 alterum
775 3975 848 4076 per
881 3912 1149 4074 Erebergum
1184 3931 1518 4035 munitissimam

118 4084 254 4194 cem,
280 4100 388 4217 quae
426 4113 524 4220 post
557 4079 740 4217 longam
774 4079 932 4177 vallem
966 4072 1207 4176 faucibus
1197 4076 1309 4214 rpsis
1332 4075 1378 4171 in
1414 4070 1518 4172 fini

118 4261 157 4319 ts
206 4223 412 4320 Fernandi
463 4222 598 4362 Regis
648 4232 958 4321 Romanorum
1011 4254 1074 4318 cst
1121 4220 1376 4354 imposrta‚
1429 4253 1518 4352 qua

118 4362 181 4460 nti
218 4365 420 4463 exercitus
456 4402 620 4462 terrore
654 4357 790 4461 facile
830 4365 884 4459 ad
936 4358 1211 4459 deditionem
1263 4357 1514 4494 compulsa,

118 4501 328 4604 :bertellus
367 4506 541 4604 nuntios
592 4541 635 4602 et
671 4503 826 4600 litteras
863 4499 1200 4638 Oenspruchum
1253 4534 1415 4635 perque
1465 4538 1520 4595 o

118 4684 231 4747 mem
261 4647 431 4779 Tirolis
458 4753 460 4758 ,
484 4646 762 4749 Comirarum
812 4640 1034 4764 dimittit,
1069 4676 1120 4742 ut
1169 4678 1287 4768 eam
1315 4675 1519 4779 gentem,

1405 4817 1526 4877 corn-
