4102 5864
534 433 1208 522 CAROL1V.LIB.xxv.
1287 445 1293 455 ‘
1462 465 1548 558 343

141 618 279 738 qu'am
314 597 564 728 Inquisitore's
602 591 748 697 vocati
799 589 847 689 in
882 591 1098 728 Hispania
1145 591 1282 697 causis
1324 638 1594 740 cognoscen-

98 772 101 773 *
142 742 208 843 dis
245 736 449 838 adhibere
484 731 865 874 perhiberentur,
900 734 983 835 sibi
1018 734 1205 836 minime
1251 740 1417 879 placere
1449 821 1464 862 ,
1496 764 1593 889 *qua

140 882 388 1025 periculum
416 903 565 996 essct,
616 878 770 1017 nequis
807 876 863 975 acl
898 877 1211 1017 opprimendos
1246 882 1362 982 cives
1397 963 1415 1005 ‚
1468 928 1593 1029 prae-

141 1025 292 1125 sertim
325 1021 599 1161 locupletes,
639 1058 683 1120 et
732 1019 901 1160 magnis
952 1020 1227 1159 patrimoniis
1279 1064 1381 1125 cum
1436 1069 1594 1136 eorum

142 1205 304 1306 magna
339 1159 520 1265 infamia
555 1163 803 1304 spoliandos
828 1160 1112 1285 abuteretur.
1161 1171 1298 1269 Nam
1318 1172 1593 1281 severitatem

142 1310 446 1448 Hispanorum
480 1305 795 1446 Inquisitorum
830 1303 997 1404 nobiles
1032 1306 1177 1407 modis
1219 1309 1426 1412 omnibus
1462 1357 1593 1458 exag-

146 1485 422 1594 geraverant.
482 1453 628 1588 Atque
664 1444 769 1548 haec
804 1447 987 1587 quidem
1023 1447 1069 1546 in
1104 1450 1392 1551 concionibus
1428 1491 1472 1554 et
1506 1461 1591 1561 cit-

142 1595 249 1694 culis
284 1590 592 1731 Neapolitani,
612 1590 857 1730 passimque
887 1629 982 1689 non
1011 1589 1101 1690 sine
1135 1587 1311 1694 fremitu
1347 1633 1391 1695 et
1427 1603 1589 1703 tumul-

145 1773 193 1837 tu
230 1731 615 1877 pronuntiabant,
651 1769 696 1833 et
731 1734 786 1831 de
821 1732 1019 1873 Protegit
1054 1734 1219 1865 injuriis
1269 1738 1588 1876 querebantur,

143 1918 281 2019 quem
315 1878 422 2017 legis
464 1909 690 1975 auctorem
739 1870 868 1975 fuisse
903 1874 1044 1997 videri
1079 1875 1318 1996 volebant,
1354 1917 1437 2000 et,
1470 1923 1590 2024 quo-⁴

140 2022 295 2122 minus
320 2017 597 2158 Imperatoris
633 2016 802 2116 animus
839 2015 1026 2117 derivata
1061 2017 1111 2117 in
1144 2020 1424 2125 administros
1470 2026 1592 2128 invi-

144 2165 220 2265 dia
256 2161 582 2278 offenderetur,
615 2158 944 2301 praedicabant.

216 2316 375 2409 LXIV.
449 2311 611 2443 Neque
647 2342 751 2401 vero
787 2301 930 2402 solum
964 2300 1110 2421 cives,
1126 2300 1205 2442 qui
1240 2307 1296 2405 ad
1332 2306 1489 2407 urbem·
1519 2313 1594 2412 ad-

145 2484 311 2567 erant,
352 2485 470 2547 arma
505 2456 746 2546 sumserunt
775 2515 792 2564 ,
821 2444 896 2542 sed
931 2444 1089 2546 exsules
1139 2447 1273 2549 etiam
1307 2486 1587 2573 revocarunt,

146 2628 191 2691 et
227 2591 431 2707 inimici,
464 2624 515 2689 ut
549 2588 598 2688 in
643 2585 874 2686 communi
924 2587 1170 2726 periculo,
1205 2588 1473 2728 ingratiam
1525 2632 1593 2694 re·

147 2734 352 2834 dierunt.
404 2743 606 2871 Itemque
638 2764 909 2828 armatorum
961 2725 1196 2828 hominum
1231 2733 1431 2872 quinque
1488 2737 1593 2833 mil-

146 2876 256 2976 lium
303 2873 553 2976 auxiliarem
590 2910 772 2972 manum
824 2872 1126 2971 conduxerunt
1162 2948 1178 2991 ‚
1209 2912 1311 2974 cum
1346 2918 1371 2975 a
1407 2885 1596 3018 Prorege

145 3017 349 3157 praesidii
384 3016 735 3156 supplementum
770 3012 820 3111 in·
861 3049 1006 3114 arcem
1041 3048 1267 3152 acceptum
1303 3056 1390 3116 esse
1424 3018 1595 3119 intelle-

145 3159 302 3261 xissent
336 3197 349 3266 3
384 3159 614 3260 accedente
650 3159 704 3258 ad
740 3155 911 3257 timoris
936 3154 1321 3296 tumultuandique
1355 3198 1496 3260 causas
1532 3202 1595 3261 se-

152 3339 253 3401 vera
289 3304 483 3434 ejusdem
519 3298 719 3439 Protegis
762 3299 811 3397 in
847 3332 928 3397 tres
978 3295 1265 3398 adolescentes
1315 3301 1595 3402 animadver-

153 3444 305 3564 sionet
333 3445 413 3583 qui
448 3481 587 3543 unum
623 3438 851 3541 hominem
881 3480 907 3538 a
933 3438 1146 3540 Praetoris
1181 3441 1444 3542 administris
1479 3484 1593 3546 com·

149 3585 459 3727 prehensum,
497 3586 606 3684 dum
647 3585 702 3684 ad
736 3581 982 3683 custodiam
1017 3584 1291 3701 duceretur,
1326 3583 1409 3683 illis
1446 3584 1595 3686 invitis

150 3729 427 3869 eripuerant,
458 3743 501 3826 et
536 3726 720 3838 liberum
764 3724 881 3826 abire
916 3734 1150 3854 jusserant.
1203 3736 1300 3824 Hos
1332 3728 1455 3852 venim
1490 3737 1595 3829 Pro-

114 3908 256 3988 rex,
291 3871 354 3969 ira
394 3870 576 4009 flagrans
613 3873 695 4001 (ut
745 3906 788 3966 se
838 3867 887 3965 in
923 3863 1251 4007 Magistratibus
1304 3904 1348 3969 et
1381 3870 1596 3971 Ministris

148 4046 426 4112 contemtum
461 4052 549 4110 esse
582 4008 830 4143 judicabat)
866 4007 995 4147 capi,
1038 4042 1167 4109 etex
1215 4049 1390 4113 carcere·
1434 4013 1482 4110 in
1513 4050 1599 4131 at·

149 4192 248 4255 cem
285 4153 442 4253 deduci
476 4162 687 4284 jusserat,
724 4189 767 4250 et
803 4191 856 4250 ex
891 4150 1122 4290 quinque,
1159 4164 1350 4290 quorum
1385 4152 1600 4254 maximus

151 4331 257 4396 natu
307 4297 507 4395 nondum
552 4292 771 4401 sexdecim
821 4331 953 4393 annos
1006 4292 1244 4429 explevisse·
1289 4290 1467 4414 fertur,
1512 4332 1596 4397 tres

147 4476 288 4576 paene
324 4437 488 4537 indicta
524 4475 646 4536 causa
681 4433 871 4550 necari,
911 4431 1086 4532 deinde
1107 4444 1228 4535 ante
1258 4474 1400 4536 arcem
1437 4477 1490 4536 cx
1525 4478 1600 4578 pe·-

148 4577 276 4682 dibus
315 4580 476 4719 raptari
525 4611 832 4719 praeceperat.
885 4574 935 4672 Id
972 4573 1090 4685 enim
1135 4567 1298 4674 factum
1335 4581 1600 4719 Neapolita·

145 4717 230 4840 ni,
274 4723 397 4863 quod
432 4721 604 4824 crudele
639 4755 683 4818 et
717 4718 910 4820 immane
945 4711 1196 4848 judicabant
1229 4795 1248 4855 2
1281 4716 1336 4820 ab
1372 4721 1436 4822 ira
1488 4761 1598 4863 pro-
1728 4721 1730 4726 '

1534 4855 1600 4969 fej-
