4034 5858
408 420 713 507 canon
763 421 818 504 v.
863 420 980 504 ιιι.
1020 416 1161 504 rar.
1407 425 1503 531 μς

74 581 151 690 ros
183 574 555 698 inservientem,
602 575 835 720 pecuniam
871 576 1260 721 oppidumque
1244 605 1297 681 ἰιι
1331 580 1552 692 hostiurn·

74 764 335 930 potestatem
373 722 687 867 permiserunt.
1543 766 1547 777 ’

92 883 268 976 XIV.
342 881 479 1005 Cujus
516 867 680 970 sceleris
743 907 795 969 ac
843 864 1081 1011 impietatis
1118 906 1214 970 non
1251 871 1397 973 multo
1414 909 1545 1037 post

74 1017 123 1122 in
157 1015 422 1157 Hispaniam
458 1011 592 1114 delati
627 1048 730 1115 cum
766 1009 939 1114 duobus
976 1012 1069 1114 aliis
1105 1011 1280 1114 consilii
1315 1015 1545 1159 participi-

76 1163 158 1265 bus
210 1159 350 1301 capite
395 1156 591 1260 damnati
634 1191 764 1275 sunt,
788 1191 831 1257 et
869 1155 915 1257 in
952 1150 1189 1259 Alfonsum
1226 1160 1442 1260 Peraltam
1471 1192 1547 1262 sta·

77 1305 163 1407 tim
199 1304 581 1405 animadversum.
618 1308 743 1402 Nam
779 1300 911 1402 ceteri
946 1339 1051 1404 cum
1073 1328 1548 1442 provocassent,o

77 1488 233 1551 mnem
250 1446 464 1590 culpam
452 1485 498 1547 rn
514 1440 781 1607 praefectum
818 1442 1091 1575 rejicientes,
1111 1485 1164 1545 ex
1202 1446 1414 1568 vinculis,
1440 1449 1550 1552 dum

78 1589 185 1695 haec
222 1594 486 1755 proderem,
525 1628 699 1691 causam
735 1587 968 1692 dicebant.
1006 1599 1159 1731 Itaque
1194 1590 1389 1712 Peralta,
1424 1593 1550 1734 quod

80 1736 291 1837 dedecore
328 1736 473 1876 potius
542 1768 752 1874 tantaque
786 1742 953 1862 jactura
1016 1766 1059 1833 et
1112 1734 1358 1836 multorum
1402 1774 1546 1837 socro-

82 1917 182 1980 rum
218 1877 468 2001 servitute,
506 1914 643 2016 quam
679 1905 815 1975 manu
851 1870 1023 1974 fortiter
1060 1876 1131 1977 vel
1166 1914 1270 1976 cum
1305 1914 1426 1979 certo
1469 1919 1550 2019 pe

82 2021 223 2123 riculo
260 2020 583 2162 propugnando
636 2017 819 2119 salutem
855 2056 1065 2158 quaerere
1107 2016 1310 2122 animum
1349 2021 1549 2124 induxis-

20 2274 22 2278 ,
82 2198 178 2312 set,
216 2160 440 2264 debitas
425 2198 646 2302 justasque
681 2201 845 2304 poenas
881 2162 1024 2303 capite
1062 2161 1166 2265 luit.
1349 2191 1351 2194 ’

155 2316 259 2409 XV.
336 2318 456 2407 Cum
493 2304 633 2447 igitur
666 2345 693 2404 a
728 2314 937 2442 joanna,
973 2305 1120 2407 nescio
1147 2296 1328 2470 quibus
1355 2306 1552 2412 auctori

85 2448 196 2572 bus,
233 2448 468 2551 consilium
506 2451 561 2549 de
599 2447 848 2612 recipienda
882 2447 1069 2590 Bugia
1057 2449 1162 2552 miri
1196 2450 1339 2554 alieno
1376 2474 1557 2594 tempo

86 2633 132 2696 re
169 2630 381 2756 coeptum
419 2627 557 2713 esset,
588 2591 717 2693 ad
680 2591 875 2693 crvitates
913 2591 1103 2733 singulas
1140 2631 1383 2733 opportuni
1367 2595 1557 2698 homi·

86 2776 162 2838 nes
198 2775 301 2838 cum
337 2736 488 2837 litteris
524 2772 568 2836 et
606 2734 820 2834 mandatis
858 2734 1019 2835 diversi
1056 2734 1320 2848 mittunturs
1365 2778 1559 2878 quorum

88 2881 399 2982 mandatorum
435 2917 606 2979 summa
643 2910 761 2998 erat,
783 2914 834 2978 ut
870 2878 1031 2977 milites
1068 2878 1242 3020 populis
1279 2883 1335 2983 ad
1371 2883 1560 3024 Bugiam

88 3023 429 3184 recipiendam,
469 3022 589 3123 nullo
643 3022 904 3163 praescripto
941 3059 1171 3135 numero,
1219 3024 1293 3124 sed
1341 3052 1558 3167 quantum

87 3164 265 3270 Senatui
301 3205 383 3308 pro
420 3165 723 3309 magnitudine
760 3164 918 3305 populi
972 3199 1015 3264 et
1065 3163 1304 3307 opibus
1262 3205 1409 3270 vrsum
1444 3165 1555 3270 fuis

89 3342 153 3453 set
170 3309 556 3449 ,imperarenturz
587 3346 825 3451 praeterea,
840 3345 890 3410 ut
926 3308 1077 3410 darent
1112 3346 1327 3453 operam,
1353 3352 1445 3452 quo
1481 3350 1559 3414 ex

89 3488 227 3554 trema
261 3453 397 3597 Regis
440 3453 592 3617 inopia
631 3493 705 3554 sua
748 3449 1013 3591 liberalitate
1041 3486 1161 3555 extra
1204 3455 1407 3556 ordinem
1450 3454 1558 3557 sub·

90 3597 328 3699 levaretur.
372 3597 566 3740 Benigne
602 3597 750 3698 audita
786 3634 848 3699 est
884 3638 910 3698 a
945 3595 1198 3701 civitatibus
1235 3639 1285 3698 ea
1322 3584 1556 3702 denuntia

91 3741 156 3840 rio
194 3743 249 3840 de
286 3683 509 3841 militibus
536 3741 841 3882 imperandis3
879 3777 984 3841 nam
1020 3740 1199 3841 amissae
1234 3743 1399 3884 Bugiae
1444 3783 1557 3847 nun·

91 3884 175 3984 rius
212 3918 471 3986 cunctorum
507 3923 583 4026 per
619 3884 884 4026 Hispaniam
920 3884 1079 3985 animis
1117 3914 1333 4050 magnum
1355 3885 1556 4051 dolorem

93 4061 138 4126 et
175 4026 383 4188 timorem
419 4030 693 4150 incusserat,
733 4028 1031 4170 reputantium
1045 4028 1333 4194 oppidum
1320 4028 1576 4139 imminens.

93 4170 176 4272 His
211 4167 331 4271 aniae
379 4172 538 4274 Turcis
590 4214 708 4275 mare
762 4210 963 4276 nostrum
1012 4172 1205 4315 piraticis
1254 4168 1556 4275 infestantibus

92 4211 348 4457 periigium
385 4352 441 4415 et
464 4318 786 4463 receptaculum
821 4359 927 4421 cum
961 4356 1129 4462 magno
1165 4352 1417 4419 nostrorum
1443 4319 1556 4460 peri·
1648 4427 1650 4432 ,

62 4457 201 4601 culo
238 4453 406 4561 factum
444 4500 559 4566 esse.
880 4497 883 4501 ’

168 4611 288 4702 XVI.
362 4606 477 4706 Ut
465 4606 602 4749 rgitur
638 4607 804 4712 cunctis
840 4605 1019 4711 amissio
1054 4605 1216 4750 Bugiae
1252 4590 1558 4708 molestissima

96 4737 287 4869 fuerat,
327 4747 386 4848 sic
427 4752 693 4893 gratissimus
729 4789 818 4857 erat
851 4735 1092 4898 recipiendi
1139 4786 1346 4855 conatus.
1399 4762 1556 4890 ltaque

1465 4931 1557 4996 non
