4034 5858
480 469 594 556 ‘524
882 458 964 536 os
1005 456 1208 538 nauus
1255 456 1469 539 ostris

466 609 633 736 „ribus
685 605 896 727 devictis,
931 649 1083 709 omnes
1134 611 1182 709 in
1233 605 1381 710 officio
1433 605 1708 709 continerem
1747 686 1763 727 ,
1799 607 1912 711 etin

468 793 609 878 „eam
645 751 918 851 voluntatem
954 754 1265 870 traducerem,
1301 788 1351 851 ut
1387 753 1592 891 aequiore
1629 752 1787 851 animo
1833 791 1909 890 p-

470 893 677 1022 „blicam
713 896 958 1036 Religionis
993 934 1164 995 causam
1206 896 1439 995 universali
1473 895 1758 996 Sacerdotum
1793 905 1910 994 Con-

470 1039 620 1161 „cilio
657 1039 982 1167 dijudicandam
1016 1038 1377 1156 committerent,
1403 1078 1453 1137 ac
1490 1036 1667 1136 decretis
1703 1051 1796 1166 ejus
1832 1035 1913 1136 ob

470 1258 501 1301 „
516 1216 828 1322 temperarent.
863 1181 1038 1295 Quibus
1069 1179 1193 1280 rebus
1229 1180 1501 1294 constitutis,
1525 1214 1568 1277 tt
1603 1181 1813 1280 Concilio
1839 1219 1912 1277 vo-

469 1324 678 1443 „luntate
715 1323 897 1461 quidem
936 1364 986 1423 ac
1023 1332 1136 1454 jussu
1171 1321 1395 1423 Pontificis
1430 1322 1667 1440 Maximi,
1707 1325 1784 1422 sed
1822 1363 1913 1422 mea

470 1468 791 1605 „potissimum
828 1505 972 1606 opera*
1007 1503 1051 1565 et
1086 1506 1188 1567 cura
1223 1459 1420 1583 coacto,
1462 1460 1548 1563 huc
1592 1500 1692 1562 toto
1744 1502 1914 1606 pectore

478 1686 510 1728 „
526 1605 871 1724 incumbebam,
906 1645 956 1705 ut
991 1645 1230 1707 conventus
1265 1606 1336 1705 ille
1372 1642 1526 1725 sacer,
1562 1607 1743 1705 nemine
1779 1608 1914 1746 impe·

475 1749 702 1870 „dientc,
737 1789 788 1847 ex
823 1748 1113 1851 Ecclesiastica
1148 1749 1361 1889 dignitate
1399 1782 1441 1845 et
1475 1749 1687 1888 gravitate
1737 1789 1913 1889 perage-

362 1922 366 1930 “
476 1969 507 2013 „
525 1926 665 1991 tetur.
715 1894 796 1991 Sed
831 1892 1046 1991 Henritus
1081 1904 1177 1991 Rex
1211 1892 1480 2008 Gallorum,
1510 1890 1776 2030 quibusdam
1813 1903 1908 1991 Ger·

475 2072 754 2154 „manorum
789 2036 843 2133 ad
881 2027 1169 2133 defectionem
1205 2031 1457 2148 solicitatis,
1489 2073 1735 2172 eorumque
1769 2034 1911 2134 scelere

477 2213 564 2297 „et
600 2175 779 2314 perfidia
829 2175 980 2274 abusus
1035 2176 1364 2306 injustissimum
1400 2169 1562 2274 bellum
1612 2175 1663 2272 in
1708 2217 1784 2276 me
1818 2215 1913 2275 mo-

478 2395 509 2436 „
525 2318 621 2434 vit,
657 2318 773 2415 nulla
808 2327 920 2446 justa
955 2357 1118 2437 causa,
1152 2319 1226 2415 sed
1262 2315 1497 2417 temeritate
1533 2311 1736 2434 nefaria,
1770 2317 1914 2417 mobi-
1970 2346 1973 2351 ’

482 2458 738 2595 „litateque
786 2458 987 2558 inductus
1026 2535 1041 2577 ,
1077 2495 1127 2558 ut
1163 2499 1261 2558 mea
1295 2459 1370 2599 pia
1414 2494 1569 2599 coepta
1624 2498 1668 2560 et
1705 2461 1915 2599 publicam

483 2598 880 2719 „Christianorum
933 2638 1085 2739 pacem
1136 2641 1226 2699 non
1276 2639 1385 2731 terra
1436 2604 1626 2715 solum,
1663 2604 1736 2701 sed
1783 2604 1913 2700 etiarn

479 2818 516 2867 „‚
527 2743 638 2841 mari
674 2740 983 2861 conturbaret,
1019 2749 1265 2843 Tutcatum
1301 2746 1428 2845 classe
1464 2745 1512 2843 in
1545 2757 1757 2882 magnam
1786 2742 1912 2843 Chri-

480 2884 783 3004 „stianorum
801 2895 1013 3013 jacturam
1049 2926 1099 2985 ac
1137 2886 1403 3024 pernitiem,
1436 2888 1684 3028 praesertim
1736 2925 1916 3004 eorum,

481 3025 606 3161 „qui
642 3063 762 3124 meae
798 3026 973 3128 ditionis
1023 3062 1065 3126 et
1099 3027 1317 3132 clientelae
1370 3066 1503 3148 sunt,
1531 3028 1685 3126 ascita.
1724 3042 1918 3151 Quarum

487 3203 678 3285 „rerum
730 3202 773 3266 et
830 3168 1005 3300 injurias
1041 3171 1318 3313 propulsandi
1352 3173 1487 3311 gratia
1523 3209 1709 3310 magnos
1760 3172 1917 3270 exerti-

481 3341 592 3425 „tus
627 3308 837 3410 conficere
874 3350 923 3408 ac
960 3314 1115 3413 ducere
1150 3390 1164 3431 ,
1199 3352 1466 3454 magnasque
1500 3314 1718 3412 molestias
1755 3315 1805 3414 in
1839 3312 1918 3412 bel·

483 3447 576 3572 „lo
613 3449 863 3593 laboresque
882 3449 1083 3590 ‘perferre
1138 3493 1311 3555 coactus
1347 3495 1442 3556 sum
1474 3496 1485 3563 3
1522 3457 1584 3555 ita
1619 3491 1668 3554 ut
1695 3458 1799 3557 diu
1835 3496 1919 3554 sae·

481 3628 586 3713 „va
623 3589 764 3694 bieme
817 3629 978 3695 tectum
1016 3594 1155 3696 subire
1191 3599 1409 3697 metatio
1444 3633 1735 3736 susceptarum
1783 3636 1920 3699 tetum

484 3805 515 3849 „
530 3731 812 3868 prohiberet,
844 3737 923 3875 qui
959 3735 1124 3838 labores
1161 3775 1203 3838 et
1237 3740 1450 3840 maximae
1486 3779 1610 3843 curae
1645 3741 1706 3839 sit
1726 3782 1817 3844 me
1851 3779 1921 3879 per

484 3908 773 3996 „contractos
825 3876 1005 3978 morbos
1049 3874 1293 3980 afflixerunt
1332 3959 1348 4000 ,
1391 3884 1452 3982 ita
1503 3922 1618 3981 meas
1654 3922 1698 3980 et
1734 3883 1922 4023 corporis

481 4051 575 4133 „ct
609 4018 748 4116 animi
783 4019 891 4118 vires
944 4056 1264 4143 extenuatum,
1299 4059 1348 4122 ut
1381 4034 1471 4156 jam
1508 4025 1583 4124 diu
1618 4025 1810 4157 publicis
1852 4064 1918 4125 ne·

481 4158 661 4296 „gotiis
697 4197 741 4258 et
781 4161 1092 4300 principalibus
1133 4166 1372 4304 Regiisque
1409 4164 1670 4268 muneribus.
1713 4207 1807 4269 non
1838 4159 1918 4263 suf-

480 4299 697 4418 „ficiam.
735 4303 820 4402 His
857 4343 911 4401 ne
946 4303 1103 4404 diutius
1139 4308 1312 4428 desim,
1347 4347 1454 4409 neve
1489 4307 1778 4446 Reipublicae
1810 4304 1925 4426 ,cui

481 4444 771 4557 „consultum
807 4447 995 4547 maxime
1031 4447 1220 4566 vellem,
1255 4449 1498 4553 rationibus
1534 4450 1690 4569 obsit,
1736 4449 1925 4590 impedi·

481 4655 514 4699 „
530 4619 765 4723 mentoque
816 4589 869 4687 sit
916 4591 1161 4690 invaletudo
1198 4628 1331 4698 meas
1367 4594 1496 4692 statui
1531 4603 1596 4722 jus
1632 4629 1675 4691 et
1713 4590 1926 4734 regnandi

480 4759 786 4863 „potestatem
834 4749 1012 4836 omnem
1059 4732 1109 4833 in
1156 4729 1407 4874 Philippum
1459 4733 1600 4839 lilium
1654 4738 1929 4838 carissimum

1789 4877 1929 5006 „Bri-
