<?xml version="1.0" encoding="UTF-8"?>
<!DOCTYPE html PUBLIC "-//W3C//DTD XHTML 1.0 Transitional//EN"
    "http://www.w3.org/TR/xhtml1/DTD/xhtml1-transitional.dtd">
<html xmlns="http://www.w3.org/1999/xhtml" xml:lang="en" lang="en">
 <head>
  <title>
</title>
<meta http-equiv="Content-Type" content="text/html;charset=utf-8" />
  <meta name='ocr-system' content='tesseract 3.04.00' />
  <meta name='ocr-capabilities' content='ocr_page ocr_carea ocr_par ocr_line ocrx_word'/>
</head>
<body>
  <div class='ocr_page' id='page_1' title='image "./joannisgenesiis00sepgoog_0608.png"; bbox 0 0 4034 5858; ppageno 0'>
   <div class='ocr_carea' id='block_1_1' title="bbox 804 375 900 450">
    <p class='ocr_par' dir='ltr' id='par_1_1' title="bbox 804 375 900 450">
     <span class='ocr_line' id='line_1_1' title="bbox 804 375 900 450; baseline 0.021 -4"><span class='ocrx_word' id='word_1_1' title='bbox 804 375 900 450; x_wconf 80' lang='lat' dir='ltr'>PRA</span> 
     </span>
    </p>
   </div>
   <div class='ocr_carea' id='block_1_2' title="bbox 1515 373 1609 444">
    <p class='ocr_par' dir='ltr' id='par_1_2' title="bbox 1515 373 1609 444">
     <span class='ocr_line' id='line_1_2' title="bbox 1515 373 1609 444; baseline -0.032 0"><span class='ocrx_word' id='word_1_2' title='bbox 1515 373 1609 444; x_wconf 78' lang='lat' dir='ltr'>FRA</span> 
     </span>
    </p>
   </div>
   <div class='ocr_carea' id='block_1_3' title="bbox 506 466 1955 873">
    <p class='ocr_par' dir='ltr' id='par_1_3' title="bbox 506 466 1955 873">
     <span class='ocr_line' id='line_1_3' title="bbox 506 466 1955 570; baseline -0.008 -20"><span class='ocrx_word' id='word_1_3' title='bbox 506 470 572 550; x_wconf 74' lang='lat' dir='ltr'>le&#39;m</span> <span class='ocrx_word' id='word_1_4' title='bbox 605 466 797 570; x_wconf 81' lang='lat' dir='ltr'>Principum</span> <span class='ocrx_word' id='word_1_5' title='bbox 818 472 958 546; x_wconf 81' lang='lat' dir='ltr'>fratrum</span> <span class='ocrx_word' id='word_1_6' title='bbox 991 468 1171 553; x_wconf 83' lang='lat' dir='ltr'>minimum</span> <span class='ocrx_word' id='word_1_7' title='bbox 1267 467 1453 542; x_wconf 76' lang='lat' dir='ltr'>adductum</span> <span class='ocrx_word' id='word_1_8' title='bbox 1470 491 1559 541; x_wconf 86' lang='lat' dir='ltr'>arcte</span> <span class='ocrx_word' id='word_1_9' title='bbox 1574 467 1825 567; x_wconf 74' lang='lat' dir='ltr'>complectitur</span> <span class='ocrx_word' id='word_1_10' title='bbox 1840 485 1874 538; x_wconf 90' lang='lat' dir='ltr'>et</span> <span class='ocrx_word' id='word_1_11' title='bbox 1890 489 1955 539; x_wconf 85' lang='lat' dir='ltr'>er·</span> 
     </span>
     <span class='ocr_line' id='line_1_4' title="bbox 508 573 1170 667; baseline -0.009 -18"><span class='ocrx_word' id='word_1_12' title='bbox 508 595 591 649; x_wconf 88' lang='lat' dir='ltr'>natu</span> <span class='ocrx_word' id='word_1_13' title='bbox 620 573 848 655; x_wconf 81' lang='lat' dir='ltr'>Moschionem</span> <span class='ocrx_word' id='word_1_14' title='bbox 872 573 1066 647; x_wconf 86' lang='lat' dir='ltr'>constituit.</span> <span class='ocrx_word' id='word_1_15' title='bbox 1082 578 1128 650; x_wconf 85' lang='lat'>11.</span> <span class='ocrx_word' id='word_1_16' title='bbox 1136 597 1170 667; x_wconf 91' lang='lat'>7.</span> 
     </span>
     <span class='ocr_line' id='line_1_5' title="bbox 509 672 1171 775; baseline -0.011 -27"><span class='ocrx_word' id='word_1_17' title='bbox 509 681 720 748; x_wconf 81' lang='lat' dir='ltr'>Terovenam</span> <span class='ocrx_word' id='word_1_18' title='bbox 749 673 909 755; x_wconf 82' lang='lat' dir='ltr'>obsessam</span> <span class='ocrx_word' id='word_1_19' title='bbox 939 672 1057 743; x_wconf 76' lang='lat' dir='ltr'><strong>milites</strong></span> <span class='ocrx_word' id='word_1_20' title='bbox 1076 696 1171 775; x_wconf 89' lang='lat' dir='ltr'>prae·</span> 
     </span>
     <span class='ocr_line' id='line_1_6' title="bbox 509 772 1171 873; baseline -0.011 -26"><span class='ocrx_word' id='word_1_21' title='bbox 509 775 582 847; x_wconf 87' lang='lat' dir='ltr'>sidii</span> <span class='ocrx_word' id='word_1_22' title='bbox 601 772 777 870; x_wconf 85' lang='lat' dir='ltr'>supplendi·</span> <span class='ocrx_word' id='word_1_23' title='bbox 792 776 899 873; x_wconf 85' lang='lat' dir='ltr'>gratia</span> <span class='ocrx_word' id='word_1_24' title='bbox 922 772 1088 849; x_wconf 84' lang='lat' dir='ltr'>submittit</span> <span class='ocrx_word' id='word_1_25' title='bbox 1101 776 1171 847; x_wconf 79' lang='grc' dir='ltr'>.ΙΙ.</span> 
     </span>
    </p>
   </div>
   <div class='ocr_carea' id='block_1_4' title="bbox 503 870 1174 4329">
    <p class='ocr_par' dir='ltr' id='par_1_4' title="bbox 416 870 1174 4329">
     <span class='ocr_line' id='line_1_7' title="bbox 512 870 1172 948; baseline -0.012 0"><span class='ocrx_word' id='word_1_26' title='bbox 512 880 571 948; x_wconf 86' lang='lat'>26.</span> <span class='ocrx_word' id='word_1_27' title='bbox 598 873 783 947; x_wconf 85' lang='lat' dir='ltr'>Henrieum</span> <span class='ocrx_word' id='word_1_28' title='bbox 804 875 911 948; x_wconf 89' lang='lat' dir='ltr'>lilium</span> <span class='ocrx_word' id='word_1_29' title='bbox 929 896 1011 944; x_wconf 86' lang='lat' dir='ltr'>cum</span> <span class='ocrx_word' id='word_1_30' title='bbox 1025 870 1172 942; x_wconf 73' lang='lat' dir='ltr'>exercitu</span> 
     </span>
     <span class='ocr_line' id='line_1_8' title="bbox 510 971 1172 1071; baseline -0.011 -25"><span class='ocrx_word' id='word_1_31' title='bbox 510 972 664 1046; x_wconf 90' lang='lat' dir='ltr'>adversus</span> <span class='ocrx_word' id='word_1_32' title='bbox 687 973 900 1046; x_wconf 86' lang='lat' dir='ltr'>Caesarianos</span> <span class='ocrx_word' id='word_1_33' title='bbox 924 971 1092 1071; x_wconf 90' lang='lat' dir='ltr'>properari</span> <span class='ocrx_word' id='word_1_34' title='bbox 1118 972 1172 1062; x_wconf 82' lang='lat' dir='ltr'>ju-</span> 
     </span>
     <span class='ocr_line' id='line_1_9' title="bbox 510 1068 1173 1147; baseline -0.011 -1"><span class='ocrx_word' id='word_1_35' title='bbox 510 1075 591 1146; x_wconf 89' lang='lat' dir='ltr'>bet.</span> <span class='ocrx_word' id='word_1_36' title='bbox 624 1077 754 1146; x_wconf 77' lang='lat'>1126..</span> <span class='ocrx_word' id='word_1_37' title='bbox 775 1082 835 1147; x_wconf 83' lang='lat' dir='ltr'>Per</span> <span class='ocrx_word' id='word_1_38' title='bbox 856 1073 1041 1145; x_wconf 85' lang='lat' dir='ltr'>Henricum</span> <span class='ocrx_word' id='word_1_39' title='bbox 1064 1068 1173 1141; x_wconf 88' lang='lat' dir='ltr'>filium</span> 
     </span>
     <span class='ocr_line' id='line_1_10' title="bbox 510 1172 1173 1246; baseline -0.009 0"><span class='ocrx_word' id='word_1_40' title='bbox 510 1196 633 1246; x_wconf 88' lang='lat' dir='ltr'>novem</span> <span class='ocrx_word' id='word_1_41' title='bbox 654 1172 986 1246; x_wconf 86' lang='lat' dir='ltr'>mensiuminducias</span> <span class='ocrx_word' id='word_1_42' title='bbox 1004 1193 1083 1244; x_wconf 88' lang='lat' dir='ltr'>eum</span> <span class='ocrx_word' id='word_1_43' title='bbox 1097 1173 1173 1240; x_wconf 56' lang='lat' dir='ltr'>Co*</span> 
     </span>
     <span class='ocr_line' id='line_1_11' title="bbox 511 1267 1173 1357; baseline -0.014 -11"><span class='ocrx_word' id='word_1_44' title='bbox 511 1274 593 1347; x_wconf 87' lang='lat' dir='ltr'>mite</span> <span class='ocrx_word' id='word_1_45' title='bbox 616 1274 752 1343; x_wconf 89' lang='lat' dir='ltr'>Burensi</span> <span class='ocrx_word' id='word_1_46' title='bbox 771 1271 874 1357; x_wconf 91' lang='lat' dir='ltr'>facit,</span> <span class='ocrx_word' id='word_1_47' title='bbox 900 1296 938 1343; x_wconf 91' lang='lat' dir='ltr'>ac</span> <span class='ocrx_word' id='word_1_48' title='bbox 954 1272 1082 1342; x_wconf 89' lang='lat' dir='ltr'>bellum</span> <span class='ocrx_word' id='word_1_49' title='bbox 1105 1267 1173 1338; x_wconf 91' lang='lat' dir='ltr'>dis-</span> 
     </span>
     <span class='ocr_line' id='line_1_12' title="bbox 509 1372 1174 1465; baseline -0.012 -19"><span class='ocrx_word' id='word_1_50' title='bbox 509 1373 626 1446; x_wconf 82' lang='lat' dir='ltr'>soluit.</span> <span class='ocrx_word' id='word_1_51' title='bbox 661 1378 707 1442; x_wconf 92' lang='lat' dir='ltr'>II.</span> <span class='ocrx_word' id='word_1_52' title='bbox 737 1396 794 1465; x_wconf 89' lang='lat'>27.</span> <span class='ocrx_word' id='word_1_53' title='bbox 840 1372 1000 1450; x_wconf 89' lang='lat' dir='ltr'>Cornelio</span> <span class='ocrx_word' id='word_1_54' title='bbox 1034 1373 1174 1465; x_wconf 88' lang='lat' dir='ltr'>Scepero</span> 
     </span>
     <span class='ocr_line' id='line_1_13' title="bbox 510 1467 1173 1569; baseline -0.015 -24"><span class='ocrx_word' id='word_1_55' title='bbox 510 1470 667 1551; x_wconf 78' lang='lat' dir='ltr'>mandata</span> <span class='ocrx_word' id='word_1_56' title='bbox 690 1471 732 1541; x_wconf 94' lang='lat' dir='ltr'>de</span> <span class='ocrx_word' id='word_1_57' title='bbox 752 1491 830 1569; x_wconf 89' lang='lat' dir='ltr'>pace</span> <span class='ocrx_word' id='word_1_58' title='bbox 853 1471 901 1542; x_wconf 81' lang='lat' dir='ltr'>ad</span> <span class='ocrx_word' id='word_1_59' title='bbox 911 1477 1086 1543; x_wconf 84' lang='lat' dir='ltr'>Caesarem</span> <span class='ocrx_word' id='word_1_60' title='bbox 1103 1467 1173 1545; x_wconf 86' lang='lat' dir='ltr'>dat.</span> 
     </span>
     <span class='ocr_line' id='line_1_14' title="bbox 509 1565 1173 1670; baseline -0.012 -25"><span class='ocrx_word' id='word_1_61' title='bbox 509 1580 557 1645; x_wconf 88' lang='lat'>11.</span> <span class='ocrx_word' id='word_1_62' title='bbox 577 1595 632 1661; x_wconf 88' lang='lat'>27.</span> <span class='ocrx_word' id='word_1_63' title='bbox 657 1572 790 1641; x_wconf 83' lang='lat' dir='ltr'>Valium</span> <span class='ocrx_word' id='word_1_64' title='bbox 813 1574 965 1670; x_wconf 84' lang='lat' dir='ltr'>legatum.</span> <span class='ocrx_word' id='word_1_65' title='bbox 980 1570 1021 1642; x_wconf 87' lang='lat' dir='ltr'>de</span> <span class='ocrx_word' id='word_1_66' title='bbox 1038 1592 1116 1665; x_wconf 71' lang='lat' dir='ltr'>pace,</span> <span class='ocrx_word' id='word_1_67' title='bbox 1129 1565 1173 1638; x_wconf 86' lang='lat' dir='ltr'>ad</span> 
     </span>
     <span class='ocr_line' id='line_1_15' title="bbox 509 1670 1174 1749; baseline -0.012 -6"><span class='ocrx_word' id='word_1_68' title='bbox 509 1673 675 1748; x_wconf 61' lang='lat' dir='ltr'>Carolum,</span> <span class='ocrx_word' id='word_1_69' title='bbox 692 1670 794 1741; x_wconf 89' lang='lat' dir='ltr'>mittit</span> <span class='ocrx_word' id='word_1_70' title='bbox 806 1718 824 1749; x_wconf 26' lang='grc' dir='ltr'>,ι</span> <span class='ocrx_word' id='word_1_71' title='bbox 837 1679 881 1740; x_wconf 85' lang='lat' dir='ltr'>ll.</span> <span class='ocrx_word' id='word_1_72' title='bbox 900 1671 959 1739; x_wconf 84' lang='lat'>28.</span> <span class='ocrx_word' id='word_1_73' title='bbox 982 1672 1174 1745; x_wconf 82' lang='lat' dir='ltr'>Turcarum</span> 
     </span>
     <span class='ocr_line' id='line_1_16' title="bbox 511 1762 1174 1862; baseline -0.009 -22"><span class='ocrx_word' id='word_1_74' title='bbox 511 1769 607 1841; x_wconf 89' lang='lat' dir='ltr'>rebus</span> <span class='ocrx_word' id='word_1_75' title='bbox 621 1766 731 1838; x_wconf 80' lang='lat' dir='ltr'>favet.</span> <span class='ocrx_word' id='word_1_76' title='bbox 751 1776 795 1839; x_wconf 89' lang='lat' dir='ltr'>ll.</span> <span class='ocrx_word' id='word_1_77' title='bbox 816 1793 871 1862; x_wconf 79' lang='lat'>3⁰·</span> <span class='ocrx_word' id='word_1_78' title='bbox 895 1769 1117 1862; x_wconf 72' lang='lat' dir='ltr'>colloquium</span> <span class='ocrx_word' id='word_1_79' title='bbox 1130 1762 1174 1835; x_wconf 88' lang='lat' dir='ltr'>ad</span> 
     </span>
     <span class='ocr_line' id='line_1_17' title="bbox 510 1867 1174 1963; baseline -0.008 -23.744"><span class='ocrx_word' id='word_1_80' title='bbox 510 1870 670 1940; x_wconf 83' lang='lat' dir='ltr'>Nicaeam.</span> <span class='ocrx_word' id='word_1_81' title='bbox 694 1868 841 1963; x_wconf 83' lang='lat' dir='ltr'>probat,</span> <span class='ocrx_word' id='word_1_82' title='bbox 866 1867 1013 1944; x_wconf 87' lang='lat' dir='ltr'>inducias</span> <span class='ocrx_word' id='word_1_83' title='bbox 1038 1888 1174 1935; x_wconf 89' lang='lat' dir='ltr'>renuens</span> 
     </span>
     <span class='ocr_line' id='line_1_18' title="bbox 508 1966 1173 2065; baseline -0.005 -28"><span class='ocrx_word' id='word_1_84' title='bbox 508 1991 569 2065; x_wconf 87' lang='lat' dir='ltr'>per</span> <span class='ocrx_word' id='word_1_85' title='bbox 583 1966 787 2050; x_wconf 82' lang='lat' dir='ltr'>Oceanum,</span> <span class='ocrx_word' id='word_1_86' title='bbox 797 1979 934 2064; x_wconf 89' lang='lat' dir='ltr'>propter</span> <span class='ocrx_word' id='word_1_87' title='bbox 949 1967 1094 2037; x_wconf 85' lang='lat' dir='ltr'>Gallicas</span> <span class='ocrx_word' id='word_1_88' title='bbox 1111 1989 1173 2034; x_wconf 90' lang='lat' dir='ltr'>ua-</span> 
     </span>
     <span class='ocr_line' id='line_1_19' title="bbox 508 2063 1173 2138; baseline -0.011 0"><span class='ocrx_word' id='word_1_89' title='bbox 508 2090 563 2138; x_wconf 79' lang='lat' dir='ltr'>ves</span> <span class='ocrx_word' id='word_1_90' title='bbox 586 2065 786 2136; x_wconf 80' lang='lat' dir='ltr'>Caesarianis</span> <span class='ocrx_word' id='word_1_91' title='bbox 811 2067 997 2137; x_wconf 85' lang='lat' dir='ltr'>insidiantes</span> <span class='ocrx_word' id='word_1_92' title='bbox 1019 2087 1060 2135; x_wconf 89' lang='lat' dir='ltr'>ex</span> <span class='ocrx_word' id='word_1_93' title='bbox 1076 2063 1173 2132; x_wconf 85' lang='lat' dir='ltr'>Orbe</span> 
     </span>
     <span class='ocr_line' id='line_1_20' title="bbox 506 2161 1173 2262; baseline -0.006 -27"><span class='ocrx_word' id='word_1_94' title='bbox 506 2188 598 2235; x_wconf 87' lang='lat' dir='ltr'>novo</span> <span class='ocrx_word' id='word_1_95' title='bbox 626 2189 704 2235; x_wconf 84' lang='lat' dir='ltr'>cusu</span> <span class='ocrx_word' id='word_1_96' title='bbox 736 2189 820 2235; x_wconf 85' lang='lat' dir='ltr'>auro</span> <span class='ocrx_word' id='word_1_97' title='bbox 856 2187 889 2237; x_wconf 88' lang='lat' dir='ltr'>et</span> <span class='ocrx_word' id='word_1_98' title='bbox 928 2184 1067 2262; x_wconf 89' lang='lat' dir='ltr'>argento</span> <span class='ocrx_word' id='word_1_99' title='bbox 1094 2161 1173 2232; x_wconf 81' lang='lat' dir='ltr'>red-</span> 
     </span>
     <span class='ocr_line' id='line_1_21' title="bbox 506 2262 1173 2358; baseline -0.003 -24"><span class='ocrx_word' id='word_1_100' title='bbox 506 2263 686 2334; x_wconf 83' lang='lat' dir='ltr'>euntibus.</span> <span class='ocrx_word' id='word_1_101' title='bbox 715 2269 761 2332; x_wconf 84' lang='lat'>11.</span> <span class='ocrx_word' id='word_1_102' title='bbox 790 2287 842 2358; x_wconf 79' lang='lat'>30.</span> <span class='ocrx_word' id='word_1_103' title='bbox 869 2267 1004 2336; x_wconf 82' lang='lat' dir='ltr'>Decem.</span> <span class='ocrx_word' id='word_1_104' title='bbox 1026 2262 1173 2333; x_wconf 85' lang='lat' dir='ltr'>triremes</span> 
     </span>
     <span class='ocr_line' id='line_1_22' title="bbox 505 2362 1171 2458; baseline -0.002 -26"><span class='ocrx_word' id='word_1_105' title='bbox 505 2362 541 2432; x_wconf 86' lang='lat' dir='ltr'>in</span> <span class='ocrx_word' id='word_1_106' title='bbox 570 2366 742 2457; x_wconf 87' lang='lat' dir='ltr'>Aegaeum</span> <span class='ocrx_word' id='word_1_107' title='bbox 766 2365 896 2447; x_wconf 88' lang='lat' dir='ltr'>mittit,</span> <span class='ocrx_word' id='word_1_108' title='bbox 916 2382 953 2433; x_wconf 91' lang='lat' dir='ltr'>ut</span> <span class='ocrx_word' id='word_1_109' title='bbox 969 2386 1048 2434; x_wconf 91' lang='lat' dir='ltr'>oum</span> <span class='ocrx_word' id='word_1_110' title='bbox 1075 2364 1171 2458; x_wconf 81' lang='lat' dir='ltr'>classe</span> 
     </span>
     <span class='ocr_line' id='line_1_23' title="bbox 506 2461 1171 2560; baseline -0.002 -30"><span class='ocrx_word' id='word_1_111' title='bbox 506 2461 697 2530; x_wconf 90' lang='lat' dir='ltr'>Turcarum</span> <span class='ocrx_word' id='word_1_112' title='bbox 721 2484 753 2531; x_wconf 90' lang='lat' dir='ltr'>se</span> <span class='ocrx_word' id='word_1_113' title='bbox 780 2464 1012 2560; x_wconf 88' lang='lat' dir='ltr'>conjungant.</span> <span class='ocrx_word' id='word_1_114' title='bbox 1047 2466 1093 2529; x_wconf 89' lang='lat'>11.</span> <span class='ocrx_word' id='word_1_115' title='bbox 1114 2484 1171 2554; x_wconf 84' lang='lat'>32.</span> 
     </span>
     <span class='ocr_line' id='line_1_24' title="bbox 506 2560 1173 2654; baseline -0.001 -25"><span class='ocrx_word' id='word_1_116' title='bbox 506 2578 543 2629; x_wconf 81' lang='lat' dir='ltr'>ot</span> <span class='ocrx_word' id='word_1_117' title='bbox 563 2582 618 2654; x_wconf 82' lang='lat'>33.</span> <span class='ocrx_word' id='word_1_118' title='bbox 649 2561 817 2630; x_wconf 81' lang='lat' dir='ltr'>carolum.</span> <span class='ocrx_word' id='word_1_119' title='bbox 833 2560 1014 2639; x_wconf 80' lang='lat' dir='ltr'>sabaudiae</span> <span class='ocrx_word' id='word_1_120' title='bbox 1036 2563 1173 2630; x_wconf 88' lang='lat' dir='ltr'>Ducem·</span> 
     </span>
     <span class='ocr_line' id='line_1_25' title="bbox 505 2658 1170 2744; baseline -0.002 -14"><span class='ocrx_word' id='word_1_121' title='bbox 505 2658 686 2744; x_wconf 80' lang='lat' dir='ltr'>subornat,</span> <span class='ocrx_word' id='word_1_122' title='bbox 702 2682 744 2729; x_wconf 88' lang='lat' dir='ltr'>ne</span> <span class='ocrx_word' id='word_1_123' title='bbox 756 2662 904 2731; x_wconf 58' lang='lat' dir='ltr'>Paulum&gt;</span> <span class='ocrx_word' id='word_1_124' title='bbox 920 2660 1117 2737; x_wconf 85' lang='lat' dir='ltr'>Pontificem</span> <span class='ocrx_word' id='word_1_125' title='bbox 1134 2661 1170 2729; x_wconf 93' lang='lat' dir='ltr'>in</span> 
     </span>
     <span class='ocr_line' id='line_1_26' title="bbox 506 2759 1169 2856; baseline 0 -28"><span class='ocrx_word' id='word_1_126' title='bbox 506 2759 648 2841; x_wconf 76' lang='lat' dir='ltr'>Nicaeae</span> <span class='ocrx_word' id='word_1_127' title='bbox 684 2782 793 2830; x_wconf 90' lang='lat' dir='ltr'>arcem</span> <span class='ocrx_word' id='word_1_128' title='bbox 832 2760 988 2856; x_wconf 89' lang='lat' dir='ltr'>recipiat.</span> <span class='ocrx_word' id='word_1_129' title='bbox 1027 2765 1072 2834; x_wconf 85' lang='grc' dir='ltr'>ΙΙ.</span> <span class='ocrx_word' id='word_1_130' title='bbox 1115 2779 1169 2852; x_wconf 82' lang='lat'>35.</span> 
     </span>
     <span class='ocr_line' id='line_1_27' title="bbox 508 2857 1172 2953; baseline -0.002 -23"><span class='ocrx_word' id='word_1_131' title='bbox 508 2857 698 2953; x_wconf 81' lang='lat' dir='ltr'>Antipolim</span> <span class='ocrx_word' id='word_1_132' title='bbox 715 2882 791 2929; x_wconf 91' lang='lat' dir='ltr'>oum</span> <span class='ocrx_word' id='word_1_133' title='bbox 821 2883 929 2933; x_wconf 58' lang='lat' dir='ltr'>uxore,</span> <span class='ocrx_word' id='word_1_134' title='bbox 944 2879 1051 2953; x_wconf 59' lang='lat' dir='ltr'>atque&gt;</span> <span class='ocrx_word' id='word_1_135' title='bbox 1064 2857 1172 2929; x_wconf 87' lang='lat' dir='ltr'>liberis</span> 
     </span>
     <span class='ocr_line' id='line_1_28' title="bbox 509 2957 1173 3054; baseline -0.003 -27"><span class='ocrx_word' id='word_1_136' title='bbox 509 2957 685 3054; x_wconf 78' lang='lat' dir='ltr'>pervenit.</span> <span class='ocrx_word' id='word_1_137' title='bbox 702 2962 807 3051; x_wconf 76' lang='lat'>1136.</span> <span class='ocrx_word' id='word_1_138' title='bbox 829 2957 1100 3031; x_wconf 83' lang='lat' dir='ltr'>villamfrancam</span> <span class='ocrx_word' id='word_1_139' title='bbox 1117 2981 1173 3026; x_wconf 88' lang='lat' dir='ltr'>sa·.</span> 
     </span>
     <span class='ocr_line' id='line_1_29' title="bbox 510 3053 1174 3158; baseline -0.002 -32"><span class='ocrx_word' id='word_1_140' title='bbox 510 3053 641 3126; x_wconf 90' lang='lat' dir='ltr'>lutandi</span> <span class='ocrx_word' id='word_1_141' title='bbox 658 3055 772 3158; x_wconf 83' lang='lat' dir='ltr'>gratia</span> <span class='ocrx_word' id='word_1_142' title='bbox 787 3055 836 3127; x_wconf 81' lang='lat' dir='ltr'>ad</span> <span class='ocrx_word' id='word_1_143' title='bbox 854 3059 1020 3128; x_wconf 83' lang='lat' dir='ltr'>Carolum</span> <span class='ocrx_word' id='word_1_144' title='bbox 1044 3057 1174 3127; x_wconf 84' lang='lat' dir='ltr'>mittit.</span> 
     </span>
     <span class='ocr_line' id='line_1_30' title="bbox 511 3152 1172 3248; baseline 0.002 -24"><span class='ocrx_word' id='word_1_145' title='bbox 511 3159 556 3224; x_wconf 85' lang='grc' dir='ltr'>ΙΙ.</span> <span class='ocrx_word' id='word_1_146' title='bbox 578 3157 642 3247; x_wconf 77' lang='lat'>36..</span> <span class='ocrx_word' id='word_1_147' title='bbox 661 3152 719 3222; x_wconf 90' lang='lat' dir='ltr'>Ad</span> <span class='ocrx_word' id='word_1_148' title='bbox 734 3156 942 3248; x_wconf 89' lang='lat' dir='ltr'>colloquium</span> <span class='ocrx_word' id='word_1_149' title='bbox 962 3179 1041 3226; x_wconf 87' lang='lat' dir='ltr'>cum</span> <span class='ocrx_word' id='word_1_150' title='bbox 1065 3157 1172 3226; x_wconf 87' lang='lat' dir='ltr'>Paulo</span> 
     </span>
     <span class='ocr_line' id='line_1_31' title="bbox 508 3251 1167 3349; baseline 0.002 -25"><span class='ocrx_word' id='word_1_151' title='bbox 508 3251 671 3324; x_wconf 86' lang='lat' dir='ltr'>Pontifice</span> <span class='ocrx_word' id='word_1_152' title='bbox 683 3254 834 3349; x_wconf 83' lang='lat' dir='ltr'>procedit</span> <span class='ocrx_word' id='word_1_153' title='bbox 846 3304 863 3330; x_wconf 83' lang='lat'>.</span> <span class='ocrx_word' id='word_1_154' title='bbox 878 3260 923 3324; x_wconf 93' lang='lat' dir='ltr'>Il.</span> <span class='ocrx_word' id='word_1_155' title='bbox 945 3277 999 3349; x_wconf 80' lang='lat'>37.</span> <span class='ocrx_word' id='word_1_156' title='bbox 1020 3255 1167 3326; x_wconf 86' lang='lat' dir='ltr'>Primum</span> 
     </span>
     <span class='ocr_line' id='line_1_32' title="bbox 508 3350 1168 3449; baseline -0.002 -26"><span class='ocrx_word' id='word_1_157' title='bbox 508 3350 669 3423; x_wconf 89' lang='lat' dir='ltr'>Cornelio</span> <span class='ocrx_word' id='word_1_158' title='bbox 691 3353 830 3449; x_wconf 85' lang='lat' dir='ltr'>Scepero</span> <span class='ocrx_word' id='word_1_159' title='bbox 853 3353 1011 3425; x_wconf 86' lang='lat' dir='ltr'>Genuam</span> <span class='ocrx_word' id='word_1_160' title='bbox 1031 3353 1080 3423; x_wconf 69' lang='lat' dir='ltr'>ad,</span> <span class='ocrx_word' id='word_1_161' title='bbox 1097 3359 1168 3424; x_wconf 88' lang='lat' dir='ltr'>Ca-</span> 
     </span>
     <span class='ocr_line' id='line_1_33' title="bbox 508 3449 1168 3545; baseline 0 -23"><span class='ocrx_word' id='word_1_162' title='bbox 508 3451 619 3522; x_wconf 85' lang='lat' dir='ltr'>rolum</span> <span class='ocrx_word' id='word_1_163' title='bbox 638 3449 857 3545; x_wconf 86' lang='lat' dir='ltr'>proficiscenti</span> <span class='ocrx_word' id='word_1_164' title='bbox 876 3457 887 3537; x_wconf 82' lang='lat'>,</span> <span class='ocrx_word' id='word_1_165' title='bbox 908 3452 1026 3531; x_wconf 84' lang='lat' dir='ltr'>deinde</span> <span class='ocrx_word' id='word_1_166' title='bbox 1049 3477 1090 3523; x_wconf 87' lang='lat' dir='ltr'>ex</span> <span class='ocrx_word' id='word_1_167' title='bbox 1105 3452 1168 3522; x_wconf 88' lang='lat' dir='ltr'>suis</span> 
     </span>
     <span class='ocr_line' id='line_1_34' title="bbox 507 3548 1166 3646; baseline 0.003 -28"><span class='ocrx_word' id='word_1_168' title='bbox 507 3549 615 3619; x_wconf 69' lang='lat' dir='ltr'>Veliov</span> <span class='ocrx_word' id='word_1_169' title='bbox 629 3548 785 3621; x_wconf 83' lang='lat' dir='ltr'>mandata</span> <span class='ocrx_word' id='word_1_170' title='bbox 815 3550 857 3621; x_wconf 90' lang='lat' dir='ltr'>de</span> <span class='ocrx_word' id='word_1_171' title='bbox 880 3552 1051 3646; x_wconf 89' lang='lat' dir='ltr'>colloquio</span> <span class='ocrx_word' id='word_1_172' title='bbox 1085 3551 1166 3621; x_wconf 88' lang='lat' dir='ltr'>dat.</span> 
     </span>
     <span class='ocr_line' id='line_1_35' title="bbox 507 3648 1167 3737; baseline 0 -19"><span class='ocrx_word' id='word_1_173' title='bbox 507 3649 555 3718; x_wconf 84' lang='lat'>11.</span> <span class='ocrx_word' id='word_1_174' title='bbox 571 3669 641 3737; x_wconf 77' lang='lat'>42.</span> <span class='ocrx_word' id='word_1_175' title='bbox 666 3648 729 3719; x_wconf 86' lang='lat' dir='ltr'>Ad.</span> <span class='ocrx_word' id='word_1_176' title='bbox 746 3650 861 3722; x_wconf 84' lang='lat' dir='ltr'>Caroli</span> <span class='ocrx_word' id='word_1_177' title='bbox 886 3651 997 3721; x_wconf 72' lang='lat' dir='ltr'>navim</span> <span class='ocrx_word' id='word_1_178' title='bbox 1016 3651 1167 3720; x_wconf 89' lang='lat' dir='ltr'>collocu-</span> 
     </span>
     <span class='ocr_line' id='line_1_36' title="bbox 506 3748 1172 3842; baseline 0.002 -25"><span class='ocrx_word' id='word_1_179' title='bbox 506 3763 601 3823; x_wconf 85' lang='lat' dir='ltr'>turus</span> <span class='ocrx_word' id='word_1_180' title='bbox 615 3748 787 3842; x_wconf 86' lang='lat' dir='ltr'>procedit.</span> <span class='ocrx_word' id='word_1_181' title='bbox 812 3755 857 3819; x_wconf 85' lang='lat'>11.</span> <span class='ocrx_word' id='word_1_182' title='bbox 873 3757 933 3841; x_wconf 85' lang='lat'>46.</span> <span class='ocrx_word' id='word_1_183' title='bbox 960 3752 1039 3841; x_wconf 89' lang='lat' dir='ltr'>Ejus</span> <span class='ocrx_word' id='word_1_184' title='bbox 1056 3750 1172 3819; x_wconf 83' lang='lat' dir='ltr'>navim·</span> 
     </span>
     <span class='ocr_line' id='line_1_37' title="bbox 507 3845 1167 3942; baseline 0.006 -28"><span class='ocrx_word' id='word_1_185' title='bbox 507 3845 678 3932; x_wconf 81' lang='lat' dir='ltr'>subeuntis</span> <span class='ocrx_word' id='word_1_186' title='bbox 696 3849 822 3918; x_wconf 88' lang='lat' dir='ltr'>verba..</span> <span class='ocrx_word' id='word_1_187' title='bbox 847 3856 891 3920; x_wconf 81' lang='grc' dir='ltr'>ΙΙ.</span> <span class='ocrx_word' id='word_1_188' title='bbox 920 3855 979 3942; x_wconf 86' lang='lat'>46.</span> <span class='ocrx_word' id='word_1_189' title='bbox 1014 3849 1088 3918; x_wconf 82' lang='lat' dir='ltr'>Sine</span> <span class='ocrx_word' id='word_1_190' title='bbox 1111 3873 1167 3918; x_wconf 88' lang='lat' dir='ltr'>ar-</span> 
     </span>
     <span class='ocr_line' id='line_1_38' title="bbox 508 3940 1165 4041; baseline 0.002 -27"><span class='ocrx_word' id='word_1_191' title='bbox 508 3940 607 4024; x_wconf 85' lang='lat' dir='ltr'>bitris.</span> <span class='ocrx_word' id='word_1_192' title='bbox 621 3945 688 4016; x_wconf 84' lang='lat' dir='ltr'>diu</span> <span class='ocrx_word' id='word_1_193' title='bbox 705 3970 781 4017; x_wconf 92' lang='lat' dir='ltr'>cum</span> <span class='ocrx_word' id='word_1_194' title='bbox 800 3952 926 4021; x_wconf 88' lang='lat' dir='ltr'>Carolo</span> <span class='ocrx_word' id='word_1_195' title='bbox 949 3948 1165 4041; x_wconf 83' lang='lat' dir='ltr'>colloquitur.</span> 
     </span>
     <span class='ocr_line' id='line_1_39' title="bbox 505 4045 1164 4136; baseline 0.002 -22"><span class='ocrx_word' id='word_1_196' title='bbox 505 4049 552 4115; x_wconf 79' lang='grc' dir='ltr'>ΙΙ.</span> <span class='ocrx_word' id='word_1_197' title='bbox 568 4050 628 4136; x_wconf 83' lang='lat'>46.</span> <span class='ocrx_word' id='word_1_198' title='bbox 659 4045 832 4125; x_wconf 89' lang='lat' dir='ltr'>Andream</span> <span class='ocrx_word' id='word_1_199' title='bbox 848 4048 990 4118; x_wconf 86' lang='lat' dir='ltr'>Doriam</span> <span class='ocrx_word' id='word_1_200' title='bbox 1005 4048 1164 4130; x_wconf 87' lang='lat' dir='ltr'>sublevat,</span> 
     </span>
     <span class='ocr_line' id='line_1_40' title="bbox 503 4145 1164 4238; baseline 0 -24"><span class='ocrx_word' id='word_1_201' title='bbox 503 4163 538 4214; x_wconf 85' lang='lat' dir='ltr'>et</span> <span class='ocrx_word' id='word_1_202' title='bbox 561 4145 827 4236; x_wconf 88' lang='lat' dir='ltr'>alloquitur.ll.</span> <span class='ocrx_word' id='word_1_203' title='bbox 843 4154 903 4238; x_wconf 87' lang='lat'>46.</span> <span class='ocrx_word' id='word_1_204' title='bbox 927 4147 1075 4216; x_wconf 85' lang='lat' dir='ltr'>Invitato</span> <span class='ocrx_word' id='word_1_205' title='bbox 1094 4151 1164 4216; x_wconf 88' lang='lat' dir='ltr'>Ca-</span> 
     </span>
     <span class='ocr_line' id='line_1_41' title="bbox 503 4244 1163 4329; baseline 0.002 -15"><span class='ocrx_word' id='word_1_206' title='bbox 503 4245 578 4314; x_wconf 86' lang='lat' dir='ltr'>rolo</span> <span class='ocrx_word' id='word_1_207' title='bbox 603 4268 630 4314; x_wconf 66' lang='lat' dir='ltr'>a.</span> <span class='ocrx_word' id='word_1_208' title='bbox 646 4244 864 4319; x_wconf 88' lang='lat' dir='ltr'>Comestabili</span> <span class='ocrx_word' id='word_1_209' title='bbox 880 4295 890 4329; x_wconf 93' lang='lat'>,</span> <span class='ocrx_word' id='word_1_210' title='bbox 904 4265 943 4315; x_wconf 93' lang='lat' dir='ltr'>ut</span> <span class='ocrx_word' id='word_1_211' title='bbox 969 4245 1003 4323; x_wconf 87' lang='lat' dir='ltr'>in</span> <span class='ocrx_word' id='word_1_212' title='bbox 1032 4247 1163 4315; x_wconf 83' lang='lat' dir='ltr'>Fossam</span> 
     </span>
    </p>
   </div>
   <div class='ocr_carea' id='block_1_5' title="bbox 368 4342 1164 4440">
    <p class='ocr_par' dir='ltr' id='par_1_5' title="bbox 368 4342 1164 4440">
     <span class='ocr_line' id='line_1_42' title="bbox 368 4342 1164 4440; baseline -0.005 -23"><span class='ocrx_word' id='word_1_213' title='bbox 368 4424 371 4429; x_wconf 56' lang='grc'><em>,</em></span> <span class='ocrx_word' id='word_1_214' title='bbox 502 4342 909 4429; x_wconf 83' lang='lat' dir='ltr'>Marianamdescendat,</span> <span class='ocrx_word' id='word_1_215' title='bbox 933 4344 1001 4439; x_wconf 85' lang='lat' dir='ltr'>ipso</span> <span class='ocrx_word' id='word_1_216' title='bbox 1013 4367 1075 4440; x_wconf 92' lang='lat' dir='ltr'>pro</span> <span class='ocrx_word' id='word_1_217' title='bbox 1094 4350 1164 4416; x_wconf 89' lang='lat' dir='ltr'>Ca·</span> 
     </span>
    </p>
   </div>
   <div class='ocr_carea' id='block_1_6' title="bbox 502 4442 1163 4942">
    <p class='ocr_par' dir='ltr' id='par_1_6' title="bbox 502 4442 1163 4942">
     <span class='ocr_line' id='line_1_43' title="bbox 503 4442 1163 4609; baseline 0.008 -97"><span class='ocrx_word' id='word_1_218' title='bbox 503 4442 811 4609; x_wconf 44' lang='lat' dir='ltr'>rogqicomestabili</span> <span class='ocrx_word' id='word_1_219' title='bbox 832 4443 1032 4541; x_wconf 80' lang='lat' dir='ltr'>respondet,</span> <span class='ocrx_word' id='word_1_220' title='bbox 1058 4445 1163 4558; x_wconf 66' lang='lat' dir='ltr'>endi·</span> 
     </span>
     <span class='ocr_line' id='line_1_44' title="bbox 503 4542 1162 4723; baseline 0.006 -13"><span class='ocrx_word' id='word_1_221' title='bbox 503 4565 549 4710; x_wconf 71' lang='lat' dir='ltr'>li</span> <span class='ocrx_word' id='word_1_222' title='bbox 578 4547 744 4711; x_wconf 61' lang='lat' dir='ltr'>&amp;lull</span> <span class='ocrx_word' id='word_1_223' title='bbox 760 4542 1162 4723; x_wconf 58' lang='lat' dir='ltr'>lalllllllll</span> 
     </span>
     <span class='ocr_line' id='line_1_45' title="bbox 502 4743 1163 4843; baseline 0.005 -31"><span class='ocrx_word' id='word_1_224' title='bbox 502 4746 550 4812; x_wconf 89' lang='lat' dir='ltr'>II.</span> <span class='ocrx_word' id='word_1_225' title='bbox 574 4762 629 4829; x_wconf 89' lang='lat'>50.</span> <span class='ocrx_word' id='word_1_226' title='bbox 655 4744 782 4811; x_wconf 91' lang='lat' dir='ltr'>Carolo</span> <span class='ocrx_word' id='word_1_227' title='bbox 797 4743 933 4815; x_wconf 80' lang='lat' dir='ltr'>obviam</span> <span class='ocrx_word' id='word_1_228' title='bbox 953 4767 1040 4815; x_wconf 89' lang='lat' dir='ltr'>cum.</span> <span class='ocrx_word' id='word_1_229' title='bbox 1059 4744 1163 4843; x_wconf 80' lang='lat' dir='ltr'>Regi·</span> 
     </span>
     <span class='ocr_line' id='line_1_46' title="bbox 502 4837 1162 4942; baseline 0.005 -28"><span class='ocrx_word' id='word_1_230' title='bbox 502 4865 546 4923; x_wconf 79' lang='lat' dir='ltr'>na</span> <span class='ocrx_word' id='word_1_231' title='bbox 566 4837 903 4942; x_wconf 80' lang='lat' dir='ltr'>procedeusmauum</span> <span class='ocrx_word' id='word_1_232' title='bbox 932 4841 1099 4942; x_wconf 89' lang='lat' dir='ltr'>porrigit,</span> <span class='ocrx_word' id='word_1_233' title='bbox 1126 4862 1162 4918; x_wconf 89' lang='lat' dir='ltr'>et</span> 
     </span>
    </p>
   </div>
   <div class='ocr_carea' id='block_1_7' title="bbox 1269 567 1952 1969">
    <p class='ocr_par' dir='ltr' id='par_1_7' title="bbox 1269 567 1952 1969">
     <span class='ocr_line' id='line_1_47' title="bbox 1269 567 1952 661; baseline -0.012 -17"><span class='ocrx_word' id='word_1_234' title='bbox 1269 572 1524 644; x_wconf 84' lang='lat' dir='ltr'>osculatur.11.</span> <span class='ocrx_word' id='word_1_235' title='bbox 1537 592 1592 661; x_wconf 87' lang='lat'>50.</span> <span class='ocrx_word' id='word_1_236' title='bbox 1618 569 1680 641; x_wconf 87' lang='lat' dir='ltr'>Ad</span> <span class='ocrx_word' id='word_1_237' title='bbox 1696 567 1952 641; x_wconf 84' lang='lat' dir='ltr'>sinistramlle·</span> 
     </span>
     <span class='ocr_line' id='line_1_48' title="bbox 1272 665 1945 777; baseline -0.003 -37"><span class='ocrx_word' id='word_1_238' title='bbox 1272 672 1369 777; x_wconf 80' lang='lat' dir='ltr'>ginae</span> <span class='ocrx_word' id='word_1_239' title='bbox 1408 671 1519 742; x_wconf 83' lang='lat' dir='ltr'>uxoris</span> <span class='ocrx_word' id='word_1_240' title='bbox 1560 694 1643 742; x_wconf 89' lang='lat' dir='ltr'>curn</span> <span class='ocrx_word' id='word_1_241' title='bbox 1676 669 1815 740; x_wconf 88' lang='lat' dir='ltr'>Carolo</span> <span class='ocrx_word' id='word_1_242' title='bbox 1849 665 1945 740; x_wconf 84' lang='lat' dir='ltr'>fratre</span> 
     </span>
     <span class='ocr_line' id='line_1_49' title="bbox 1275 765 1938 857; baseline -0.003 -17"><span class='ocrx_word' id='word_1_243' title='bbox 1275 791 1403 840; x_wconf 82' lang='lat' dir='ltr'>mensae</span> <span class='ocrx_word' id='word_1_244' title='bbox 1427 770 1616 840; x_wconf 88' lang='lat' dir='ltr'>accumbit.</span> <span class='ocrx_word' id='word_1_245' title='bbox 1642 774 1691 840; x_wconf 94' lang='lat' dir='ltr'>II.</span> <span class='ocrx_word' id='word_1_246' title='bbox 1717 791 1776 857; x_wconf 85' lang='lat'>51.</span> <span class='ocrx_word' id='word_1_247' title='bbox 1805 767 1881 856; x_wconf 87' lang='lat' dir='ltr'>Ejus</span> <span class='ocrx_word' id='word_1_248' title='bbox 1897 765 1938 838; x_wconf 91' lang='lat' dir='ltr'>ad</span> 
     </span>
     <span class='ocr_line' id='line_1_50' title="bbox 1275 869 1941 964; baseline -0.009 -22"><span class='ocrx_word' id='word_1_249' title='bbox 1275 869 1438 942; x_wconf 90' lang='lat' dir='ltr'>Carolum</span> <span class='ocrx_word' id='word_1_250' title='bbox 1468 875 1642 939; x_wconf 76' lang='lat' dir='ltr'>Caesarem</span> <span class='ocrx_word' id='word_1_251' title='bbox 1678 891 1782 940; x_wconf 88' lang='lat' dir='ltr'>corne</span> <span class='ocrx_word' id='word_1_252' title='bbox 1815 890 1941 964; x_wconf 83' lang='lat' dir='ltr'>respon·</span> 
     </span>
     <span class='ocr_line' id='line_1_51' title="bbox 1274 967 1939 1067; baseline 0.002 -28"><span class='ocrx_word' id='word_1_253' title='bbox 1274 992 1365 1040; x_wconf 85' lang='lat' dir='ltr'>sum.</span> <span class='ocrx_word' id='word_1_254' title='bbox 1383 973 1430 1038; x_wconf 92' lang='grc' dir='ltr'>ΙΙ.</span> <span class='ocrx_word' id='word_1_255' title='bbox 1454 992 1510 1060; x_wconf 85' lang='lat'>52.</span> <span class='ocrx_word' id='word_1_256' title='bbox 1543 977 1747 1067; x_wconf 85' lang='lat' dir='ltr'>Perpetuam</span> <span class='ocrx_word' id='word_1_257' title='bbox 1766 967 1939 1040; x_wconf 79' lang='lat' dir='ltr'>amicitiam</span> 
     </span>
     <span class='ocr_line' id='line_1_52' title="bbox 1274 1067 1942 1166; baseline -0.001 -28"><span class='ocrx_word' id='word_1_258' title='bbox 1274 1086 1309 1138; x_wconf 94' lang='lat' dir='ltr'>et</span> <span class='ocrx_word' id='word_1_259' title='bbox 1322 1090 1435 1165; x_wconf 89' lang='lat' dir='ltr'>pacem</span> <span class='ocrx_word' id='word_1_260' title='bbox 1448 1067 1671 1166; x_wconf 86' lang='lat' dir='ltr'>pollicetur,et</span> <span class='ocrx_word' id='word_1_261' title='bbox 1684 1090 1830 1139; x_wconf 85' lang='lat' dir='ltr'>aureum</span> <span class='ocrx_word' id='word_1_262' title='bbox 1841 1090 1942 1138; x_wconf 77' lang='lat' dir='ltr'>urnu-</span> 
     </span>
     <span class='ocr_line' id='line_1_53' title="bbox 1276 1166 1941 1267; baseline -0.002 -29"><span class='ocrx_word' id='word_1_263' title='bbox 1276 1170 1348 1239; x_wconf 87' lang='lat' dir='ltr'>lum</span> <span class='ocrx_word' id='word_1_264' title='bbox 1369 1191 1447 1238; x_wconf 88' lang='lat' dir='ltr'>curn</span> <span class='ocrx_word' id='word_1_265' title='bbox 1471 1168 1580 1267; x_wconf 87' lang='lat' dir='ltr'>elogio</span> <span class='ocrx_word' id='word_1_266' title='bbox 1598 1170 1729 1240; x_wconf 87' lang='lat' dir='ltr'>Carolo</span> <span class='ocrx_word' id='word_1_267' title='bbox 1745 1166 1853 1239; x_wconf 88' lang='lat' dir='ltr'>tradit</span> <span class='ocrx_word' id='word_1_268' title='bbox 1868 1192 1941 1238; x_wconf 88' lang='lat' dir='ltr'>con·</span> 
     </span>
     <span class='ocr_line' id='line_1_54' title="bbox 1277 1266 1940 1366; baseline -0.002 -28"><span class='ocrx_word' id='word_1_269' title='bbox 1277 1267 1391 1338; x_wconf 88' lang='lat' dir='ltr'>stantis</span> <span class='ocrx_word' id='word_1_270' title='bbox 1408 1266 1487 1339; x_wconf 86' lang='lat' dir='ltr'>fidei</span> <span class='ocrx_word' id='word_1_271' title='bbox 1499 1270 1639 1366; x_wconf 85' lang='lat' dir='ltr'>pignus.</span> <span class='ocrx_word' id='word_1_272' title='bbox 1657 1274 1710 1339; x_wconf 86' lang='grc' dir='ltr'>ΙΙ.</span> <span class='ocrx_word' id='word_1_273' title='bbox 1728 1290 1791 1358; x_wconf 81' lang='lat'>52..</span> <span class='ocrx_word' id='word_1_274' title='bbox 1806 1271 1844 1337; x_wconf 88' lang='lat' dir='ltr'>Sc</span> <span class='ocrx_word' id='word_1_275' title='bbox 1858 1271 1940 1337; x_wconf 77' lang='lat' dir='ltr'>Tun</span> 
     </span>
     <span class='ocr_line' id='line_1_55' title="bbox 1279 1367 1937 1464; baseline -0.002 -26"><span class='ocrx_word' id='word_1_276' title='bbox 1279 1390 1394 1438; x_wconf 85' lang='lat' dir='ltr'>carum</span> <span class='ocrx_word' id='word_1_277' title='bbox 1448 1368 1632 1440; x_wconf 87' lang='lat' dir='ltr'>amicitiam.</span> <span class='ocrx_word' id='word_1_278' title='bbox 1689 1367 1937 1464; x_wconf 82' lang='lat' dir='ltr'>repudiatumm</span> 
     </span>
     <span class='ocr_line' id='line_1_56' title="bbox 1278 1465 1938 1560; baseline 0.003 -24"><span class='ocrx_word' id='word_1_279' title='bbox 1278 1466 1479 1538; x_wconf 86' lang='lat' dir='ltr'>confirmat.</span> <span class='ocrx_word' id='word_1_280' title='bbox 1501 1473 1547 1538; x_wconf 86' lang='grc' dir='ltr'>Η.</span> <span class='ocrx_word' id='word_1_281' title='bbox 1571 1490 1627 1560; x_wconf 76' lang='lat'>53.</span> <span class='ocrx_word' id='word_1_282' title='bbox 1651 1465 1756 1539; x_wconf 89' lang='lat' dir='ltr'>Ultro</span> <span class='ocrx_word' id='word_1_283' title='bbox 1780 1469 1938 1538; x_wconf 86' lang='lat' dir='ltr'>Caroluru</span> 
     </span>
     <span class='ocr_line' id='line_1_57' title="bbox 1277 1565 1932 1662; baseline 0 -27"><span class='ocrx_word' id='word_1_284' title='bbox 1277 1565 1414 1650; x_wconf 88' lang='lat' dir='ltr'>invitat,</span> <span class='ocrx_word' id='word_1_285' title='bbox 1439 1585 1477 1636; x_wconf 89' lang='lat' dir='ltr'>ut</span> <span class='ocrx_word' id='word_1_286' title='bbox 1502 1590 1560 1662; x_wconf 88' lang='lat' dir='ltr'>per</span> <span class='ocrx_word' id='word_1_287' title='bbox 1578 1567 1728 1639; x_wconf 87' lang='lat' dir='ltr'>Galliam</span> <span class='ocrx_word' id='word_1_288' title='bbox 1756 1587 1845 1637; x_wconf 87' lang='lat' dir='ltr'>recta</span> <span class='ocrx_word' id='word_1_289' title='bbox 1863 1566 1932 1636; x_wconf 87' lang='lat' dir='ltr'>bre-</span> 
     </span>
     <span class='ocr_line' id='line_1_58' title="bbox 1277 1665 1934 1764; baseline 0.002 -30"><span class='ocrx_word' id='word_1_290' title='bbox 1277 1665 1474 1759; x_wconf 85' lang='lat' dir='ltr'>vissimaque</span> <span class='ocrx_word' id='word_1_291' title='bbox 1488 1670 1542 1738; x_wconf 91' lang='lat' dir='ltr'>via</span> <span class='ocrx_word' id='word_1_292' title='bbox 1565 1666 1601 1736; x_wconf 93' lang='lat' dir='ltr'>in</span> <span class='ocrx_word' id='word_1_293' title='bbox 1628 1667 1785 1764; x_wconf 84' lang='lat' dir='ltr'>Belgium</span> <span class='ocrx_word' id='word_1_294' title='bbox 1805 1687 1934 1736; x_wconf 87' lang='lat' dir='ltr'>conten·</span> 
     </span>
     <span class='ocr_line' id='line_1_59' title="bbox 1276 1762 1934 1858; baseline 0.003 -24"><span class='ocrx_word' id='word_1_295' title='bbox 1276 1762 1355 1841; x_wconf 85' lang='lat' dir='ltr'>dat.</span> <span class='ocrx_word' id='word_1_296' title='bbox 1372 1771 1422 1835; x_wconf 84' lang='grc' dir='ltr'>ΙΙ.</span> <span class='ocrx_word' id='word_1_297' title='bbox 1434 1785 1494 1858; x_wconf 80' lang='lat'>97.</span> <span class='ocrx_word' id='word_1_298' title='bbox 1515 1765 1661 1838; x_wconf 87' lang='lat' dir='ltr'>Lorchas</span> <span class='ocrx_word' id='word_1_299' title='bbox 1681 1764 1853 1843; x_wconf 82' lang='lat' dir='ltr'>accedenti</span> <span class='ocrx_word' id='word_1_300' title='bbox 1869 1770 1934 1836; x_wconf 88' lang='lat' dir='ltr'>Ca·</span> 
     </span>
     <span class='ocr_line' id='line_1_60' title="bbox 1275 1865 1934 1969; baseline 0.005 -36"><span class='ocrx_word' id='word_1_301' title='bbox 1275 1865 1357 1935; x_wconf 83' lang='lat' dir='ltr'>rolo.</span> <span class='ocrx_word' id='word_1_302' title='bbox 1373 1865 1514 1943; x_wconf 75' lang='lat' dir='ltr'>obuiam,</span> <span class='ocrx_word' id='word_1_303' title='bbox 1534 1889 1611 1938; x_wconf 88' lang='lat' dir='ltr'>cum</span> <span class='ocrx_word' id='word_1_304' title='bbox 1635 1866 1774 1964; x_wconf 89' lang='lat' dir='ltr'>Regina</span> <span class='ocrx_word' id='word_1_305' title='bbox 1806 1887 1934 1969; x_wconf 81' lang='lat' dir='ltr'>progre-</span> 
     </span>
    </p>
   </div>
   <div class='ocr_carea' id='block_1_8' title="bbox 1216 1961 1935 2060">
    <p class='ocr_par' dir='ltr' id='par_1_8' title="bbox 1216 1961 1935 2060">
     <span class='ocr_line' id='line_1_61' title="bbox 1216 1961 1935 2060; baseline 0.004 -28"><span class='ocrx_word' id='word_1_306' title='bbox 1216 1983 1217 1986; x_wconf 71' lang='grc'>’</span> <span class='ocrx_word' id='word_1_307' title='bbox 1276 1961 1393 2047; x_wconf 90' lang='lat' dir='ltr'>ditur,</span> <span class='ocrx_word' id='word_1_308' title='bbox 1420 1965 1507 2034; x_wconf 93' lang='lat' dir='ltr'>etin</span> <span class='ocrx_word' id='word_1_309' title='bbox 1539 1966 1827 2037; x_wconf 84' lang='lat' dir='ltr'>Fontenoblaeum</span> <span class='ocrx_word' id='word_1_310' title='bbox 1852 1988 1935 2060; x_wconf 87' lang='lat' dir='ltr'>prae·</span> 
     </span>
    </p>
   </div>
   <div class='ocr_carea' id='block_1_9' title="bbox 1265 2062 1932 4538">
    <p class='ocr_par' dir='ltr' id='par_1_9' title="bbox 1265 2062 1932 4538">
     <span class='ocr_line' id='line_1_62' title="bbox 1275 2062 1932 2164; baseline 0.003 -33"><span class='ocrx_word' id='word_1_311' title='bbox 1275 2062 1400 2133; x_wconf 89' lang='lat' dir='ltr'>torium</span> <span class='ocrx_word' id='word_1_312' title='bbox 1423 2062 1620 2139; x_wconf 77' lang='lat' dir='ltr'>deducitur.</span> <span class='ocrx_word' id='word_1_313' title='bbox 1654 2070 1701 2133; x_wconf 92' lang='lat' dir='ltr'>II.</span> <span class='ocrx_word' id='word_1_314' title='bbox 1724 2088 1804 2158; x_wconf 82' lang='lat'>103.</span> <span class='ocrx_word' id='word_1_315' title='bbox 1827 2065 1932 2164; x_wconf 85' lang='lat' dir='ltr'>Singu-</span> 
     </span>
     <span class='ocr_line' id='line_1_63' title="bbox 1274 2162 1931 2236; baseline 0.003 -6"><span class='ocrx_word' id='word_1_316' title='bbox 1274 2162 1355 2235; x_wconf 81' lang='lat' dir='ltr'>lares</span> <span class='ocrx_word' id='word_1_317' title='bbox 1389 2162 1530 2232; x_wconf 85' lang='lat' dir='ltr'>honores</span> <span class='ocrx_word' id='word_1_318' title='bbox 1565 2163 1700 2236; x_wconf 87' lang='lat' dir='ltr'>Caesari</span> <span class='ocrx_word' id='word_1_319' title='bbox 1732 2164 1833 2234; x_wconf 86' lang='lat' dir='ltr'>habet</span> <span class='ocrx_word' id='word_1_320' title='bbox 1848 2213 1863 2230; x_wconf 80' lang='lat'>.</span> <span class='ocrx_word' id='word_1_321' title='bbox 1893 2167 1931 2232; x_wconf 90' lang='lat' dir='ltr'>ll.</span> 
     </span>
     <span class='ocr_line' id='line_1_64' title="bbox 1279 2259 1930 2361; baseline 0.002 -32"><span class='ocrx_word' id='word_1_322' title='bbox 1279 2283 1362 2351; x_wconf 88' lang='lat'>104.</span> <span class='ocrx_word' id='word_1_323' title='bbox 1381 2259 1492 2355; x_wconf 86' lang='lat' dir='ltr'>Usque</span> <span class='ocrx_word' id='word_1_324' title='bbox 1503 2260 1547 2331; x_wconf 88' lang='lat' dir='ltr'>ad</span> <span class='ocrx_word' id='word_1_325' title='bbox 1562 2262 1610 2333; x_wconf 92' lang='lat' dir='ltr'>sui</span> <span class='ocrx_word' id='word_1_326' title='bbox 1628 2263 1742 2361; x_wconf 82' lang='lat' dir='ltr'>Regni</span> <span class='ocrx_word' id='word_1_327' title='bbox 1758 2261 1930 2333; x_wconf 74' lang='lat' dir='ltr'>flandriae·</span> 
     </span>
     <span class='ocr_line' id='line_1_65' title="bbox 1273 2361 1930 2453; baseline 0.003 -25"><span class='ocrx_word' id='word_1_328' title='bbox 1273 2383 1340 2453; x_wconf 89' lang='lat' dir='ltr'>que</span> <span class='ocrx_word' id='word_1_329' title='bbox 1360 2361 1543 2434; x_wconf 85' lang='lat' dir='ltr'>confinium</span> <span class='ocrx_word' id='word_1_330' title='bbox 1570 2385 1649 2431; x_wconf 91' lang='lat' dir='ltr'>cum</span> <span class='ocrx_word' id='word_1_331' title='bbox 1674 2386 1782 2434; x_wconf 85' lang='lat' dir='ltr'>uxore</span> <span class='ocrx_word' id='word_1_332' title='bbox 1802 2384 1833 2430; x_wconf 91' lang='lat' dir='ltr'>et</span> <span class='ocrx_word' id='word_1_333' title='bbox 1854 2361 1930 2431; x_wconf 82' lang='lat' dir='ltr'>libe·</span> 
     </span>
     <span class='ocr_line' id='line_1_66' title="bbox 1266 2459 1925 2557; baseline -0.002 -28"><span class='ocrx_word' id='word_1_334' title='bbox 1266 2461 1313 2529; x_wconf 77' lang='lat' dir='ltr'>-nis</span> <span class='ocrx_word' id='word_1_335' title='bbox 1340 2462 1507 2537; x_wconf 83' lang='lat' dir='ltr'>Carolum</span> <span class='ocrx_word' id='word_1_336' title='bbox 1521 2459 1765 2557; x_wconf 80' lang='lat' dir='ltr'>prosequitur.</span> <span class='ocrx_word' id='word_1_337' title='bbox 1790 2468 1832 2531; x_wconf 88' lang='lat' dir='ltr'>ll.</span> <span class='ocrx_word' id='word_1_338' title='bbox 1854 2485 1925 2549; x_wconf 82' lang='lat'>¹⁰5·</span> 
     </span>
     <span class='ocr_line' id='line_1_67' title="bbox 1270 2557 1923 2655; baseline 0.003 -27"><span class='ocrx_word' id='word_1_339' title='bbox 1270 2557 1493 2655; x_wconf 82' lang='lat' dir='ltr'>Indignatur,</span> <span class='ocrx_word' id='word_1_340' title='bbox 1507 2559 1607 2655; x_wconf 86' lang='lat' dir='ltr'>quod</span> <span class='ocrx_word' id='word_1_341' title='bbox 1619 2584 1643 2630; x_wconf 86' lang='lat' dir='ltr'>a</span> <span class='ocrx_word' id='word_1_342' title='bbox 1656 2563 1781 2633; x_wconf 83' lang='lat' dir='ltr'>Carolo</span> <span class='ocrx_word' id='word_1_343' title='bbox 1797 2558 1923 2632; x_wconf 89' lang='lat' dir='ltr'>Medio·</span> 
     </span>
     <span class='ocr_line' id='line_1_68' title="bbox 1269 2658 1922 2756; baseline 0 -28"><span class='ocrx_word' id='word_1_344' title='bbox 1269 2658 1433 2729; x_wconf 75' lang='lat' dir='ltr'>lonensem</span> <span class='ocrx_word' id='word_1_345' title='bbox 1469 2661 1701 2755; x_wconf 75' lang='lat' dir='ltr'>principatum</span> <span class='ocrx_word' id='word_1_346' title='bbox 1737 2684 1798 2730; x_wconf 90' lang='lat' dir='ltr'>nou</span> <span class='ocrx_word' id='word_1_347' title='bbox 1821 2660 1922 2756; x_wconf 87' lang='lat' dir='ltr'>impe·</span> 
     </span>
     <span class='ocr_line' id='line_1_69' title="bbox 1269 2761 1923 2856; baseline 0.003 -30"><span class='ocrx_word' id='word_1_348' title='bbox 1269 2774 1359 2827; x_wconf 90' lang='lat' dir='ltr'>trat.</span> <span class='ocrx_word' id='word_1_349' title='bbox 1378 2762 1423 2826; x_wconf 87' lang='lat' dir='ltr'>lI.</span> <span class='ocrx_word' id='word_1_350' title='bbox 1446 2763 1524 2848; x_wconf 87' lang='lat'>156.</span> <span class='ocrx_word' id='word_1_351' title='bbox 1548 2761 1839 2856; x_wconf 81' lang='lat' dir='ltr'>AdSolymanum</span> <span class='ocrx_word' id='word_1_352' title='bbox 1850 2763 1923 2828; x_wconf 78' lang='lat' dir='ltr'>Fer-</span> 
     </span>
     <span class='ocr_line' id='line_1_70' title="bbox 1268 2855 1926 2933; baseline 0.008 -7"><span class='ocrx_word' id='word_1_353' title='bbox 1268 2855 1420 2926; x_wconf 88' lang='lat' dir='ltr'>nandum</span> <span class='ocrx_word' id='word_1_354' title='bbox 1444 2858 1653 2930; x_wconf 90' lang='lat' dir='ltr'>Rincouium</span> <span class='ocrx_word' id='word_1_355' title='bbox 1683 2861 1791 2931; x_wconf 91' lang='lat' dir='ltr'>mittit</span> <span class='ocrx_word' id='word_1_356' title='bbox 1816 2858 1926 2933; x_wconf 67' lang='lat' dir='ltr'>urile</span> 
     </span>
     <span class='ocr_line' id='line_1_71' title="bbox 1268 2957 1927 3031; baseline 0.003 -5"><span class='ocrx_word' id='word_1_357' title='bbox 1268 2975 1402 3031; x_wconf 86' lang='lat' dir='ltr'>oratum</span> <span class='ocrx_word' id='word_1_358' title='bbox 1442 2957 1595 3028; x_wconf 89' lang='lat' dir='ltr'>adversus</span> <span class='ocrx_word' id='word_1_359' title='bbox 1648 2964 1858 3030; x_wconf 85' lang='lat' dir='ltr'>Caesarem.</span> <span class='ocrx_word' id='word_1_360' title='bbox 1884 2961 1927 3028; x_wconf 81' lang='lat' dir='ltr'>ll.</span> 
     </span>
     <span class='ocr_line' id='line_1_72' title="bbox 1273 3054 1924 3145; baseline 0.008 -22"><span class='ocrx_word' id='word_1_361' title='bbox 1273 3077 1351 3145; x_wconf 83' lang='lat'>157.</span> <span class='ocrx_word' id='word_1_362' title='bbox 1384 3054 1541 3128; x_wconf 83' lang='lat' dir='ltr'>Rinronii</span> <span class='ocrx_word' id='word_1_363' title='bbox 1569 3057 1679 3128; x_wconf 86' lang='lat' dir='ltr'>caedis</span> <span class='ocrx_word' id='word_1_364' title='bbox 1709 3080 1924 3130; x_wconf 64' lang='lat' dir='ltr'>auctoresnos</span> 
     </span>
     <span class='ocr_line' id='line_1_73' title="bbox 1269 3152 1923 3257; baseline 0 -33"><span class='ocrx_word' id='word_1_365' title='bbox 1269 3152 1423 3232; x_wconf 85' lang='lat' dir='ltr'>minatim</span> <span class='ocrx_word' id='word_1_366' title='bbox 1466 3155 1509 3225; x_wconf 92' lang='lat' dir='ltr'>ad</span> <span class='ocrx_word' id='word_1_367' title='bbox 1547 3181 1699 3252; x_wconf 86' lang='lat' dir='ltr'>poenam.</span> <span class='ocrx_word' id='word_1_368' title='bbox 1728 3159 1850 3257; x_wconf 84' lang='lat' dir='ltr'>poscit.</span> <span class='ocrx_word' id='word_1_369' title='bbox 1879 3160 1923 3226; x_wconf 89' lang='grc' dir='ltr'>ΙΙ.</span> 
     </span>
     <span class='ocr_line' id='line_1_74' title="bbox 1274 3250 1925 3353; baseline 0.009 -31"><span class='ocrx_word' id='word_1_370' title='bbox 1274 3259 1353 3322; x_wconf 85' lang='lat'>161.</span> <span class='ocrx_word' id='word_1_371' title='bbox 1385 3256 1541 3325; x_wconf 84' lang='lat' dir='ltr'>Alterum</span> <span class='ocrx_word' id='word_1_372' title='bbox 1560 3250 1562 3254; x_wconf 28' lang='lat'>⁸</span> <span class='ocrx_word' id='word_1_373' title='bbox 1578 3259 1733 3353; x_wconf 86' lang='lat' dir='ltr'>legatum</span> <span class='ocrx_word' id='word_1_374' title='bbox 1773 3259 1925 3330; x_wconf 83' lang='lat' dir='ltr'>Pollinum·</span> 
     </span>
     <span class='ocr_line' id='line_1_75' title="bbox 1267 3351 1928 3450; baseline 0.002 -26"><span class='ocrx_word' id='word_1_375' title='bbox 1267 3353 1408 3424; x_wconf 86' lang='lat' dir='ltr'>Gallum</span> <span class='ocrx_word' id='word_1_376' title='bbox 1441 3351 1484 3423; x_wconf 88' lang='lat' dir='ltr'>ad</span> <span class='ocrx_word' id='word_1_377' title='bbox 1514 3357 1740 3450; x_wconf 88' lang='lat' dir='ltr'>Solymanurn</span> <span class='ocrx_word' id='word_1_378' title='bbox 1756 3355 1928 3438; x_wconf 89' lang='lat' dir='ltr'>mittit,ab</span> 
     </span>
     <span class='ocr_line' id='line_1_76' title="bbox 1265 3450 1927 3553; baseline 0.006 -33"><span class='ocrx_word' id='word_1_379' title='bbox 1265 3474 1373 3544; x_wconf 86' lang='lat' dir='ltr'>eoque</span> <span class='ocrx_word' id='word_1_380' title='bbox 1389 3454 1566 3547; x_wconf 89' lang='lat' dir='ltr'>impetrat,</span> <span class='ocrx_word' id='word_1_381' title='bbox 1580 3450 1624 3524; x_wconf 70' lang='lat' dir='ltr'>&#39;ut</span> <span class='ocrx_word' id='word_1_382' title='bbox 1639 3457 1818 3553; x_wconf 88' lang='lat' dir='ltr'>negotium</span> <span class='ocrx_word' id='word_1_383' title='bbox 1842 3456 1927 3526; x_wconf 83' lang='lat' dir='ltr'>Cha·</span> 
     </span>
     <span class='ocr_line' id='line_1_77' title="bbox 1268 3550 1926 3651; baseline 0.005 -32"><span class='ocrx_word' id='word_1_384' title='bbox 1268 3550 1387 3620; x_wconf 80' lang='lat' dir='ltr'>eadino</span> <span class='ocrx_word' id='word_1_385' title='bbox 1422 3550 1481 3624; x_wconf 81' lang='lat' dir='ltr'>det</span> <span class='ocrx_word' id='word_1_386' title='bbox 1505 3575 1599 3622; x_wconf 87' lang='lat' dir='ltr'>oram</span> <span class='ocrx_word' id='word_1_387' title='bbox 1634 3556 1818 3651; x_wconf 88' lang='lat' dir='ltr'>Hispaniae</span> <span class='ocrx_word' id='word_1_388' title='bbox 1855 3576 1926 3622; x_wconf 87' lang='lat' dir='ltr'>cum</span> 
     </span>
     <span class='ocr_line' id='line_1_78' title="bbox 1267 3649 1925 3725; baseline 0.008 -7"><span class='ocrx_word' id='word_1_389' title='bbox 1267 3651 1365 3719; x_wconf 82' lang='lat' dir='ltr'>classe</span> <span class='ocrx_word' id='word_1_390' title='bbox 1388 3649 1581 3722; x_wconf 85' lang='lat' dir='ltr'>infestandi.</span> <span class='ocrx_word' id='word_1_391' title='bbox 1600 3657 1647 3722; x_wconf 89' lang='lat' dir='ltr'>II.</span> <span class='ocrx_word' id='word_1_392' title='bbox 1670 3660 1756 3723; x_wconf 90' lang='lat'>161.</span> <span class='ocrx_word' id='word_1_393' title='bbox 1784 3660 1817 3725; x_wconf 87' lang='lat' dir='ltr'>A</span> <span class='ocrx_word' id='word_1_394' title='bbox 1837 3660 1925 3722; x_wconf 83' lang='lat' dir='ltr'>Petu-</span> 
     </span>
     <span class='ocr_line' id='line_1_79' title="bbox 1266 3749 1925 3849; baseline 0.003 -32"><span class='ocrx_word' id='word_1_395' title='bbox 1266 3749 1344 3818; x_wconf 88' lang='lat' dir='ltr'>lano</span> <span class='ocrx_word' id='word_1_396' title='bbox 1375 3751 1497 3820; x_wconf 86' lang='lat' dir='ltr'>Monte</span> <span class='ocrx_word' id='word_1_397' title='bbox 1528 3773 1720 3849; x_wconf 78' lang='lat' dir='ltr'>progressus</span> <span class='ocrx_word' id='word_1_398' title='bbox 1743 3753 1794 3823; x_wconf 89' lang='lat' dir='ltr'>ad.</span> <span class='ocrx_word' id='word_1_399' title='bbox 1820 3752 1925 3823; x_wconf 83' lang='lat' dir='ltr'>Seselas</span> 
     </span>
     <span class='ocr_line' id='line_1_80' title="bbox 1267 3849 1925 3947; baseline 0.005 -30"><span class='ocrx_word' id='word_1_400' title='bbox 1267 3850 1437 3919; x_wconf 87' lang='lat' dir='ltr'>castellum</span> <span class='ocrx_word' id='word_1_401' title='bbox 1471 3849 1629 3947; x_wconf 87' lang='lat' dir='ltr'>longeab</span> <span class='ocrx_word' id='word_1_402' title='bbox 1659 3853 1820 3922; x_wconf 54' lang='lat' dir='ltr'>exercitu«</span> <span class='ocrx_word' id='word_1_403' title='bbox 1833 3849 1925 3920; x_wconf 85' lang='lat' dir='ltr'>subsi-</span> 
     </span>
     <span class='ocr_line' id='line_1_81' title="bbox 1266 3947 1923 4036; baseline 0 -20"><span class='ocrx_word' id='word_1_404' title='bbox 1266 3947 1343 4017; x_wconf 62' lang='lat' dir='ltr'>stit‘.</span> <span class='ocrx_word' id='word_1_405' title='bbox 1363 3953 1409 4017; x_wconf 95' lang='lat' dir='ltr'>II.</span> <span class='ocrx_word' id='word_1_406' title='bbox 1433 3952 1510 4036; x_wconf 84' lang='lat'>165.</span> <span class='ocrx_word' id='word_1_407' title='bbox 1537 3952 1708 4024; x_wconf 84' lang='lat' dir='ltr'>Rinconii-</span> <span class='ocrx_word' id='word_1_408' title='bbox 1726 3974 1839 4021; x_wconf 91' lang='lat' dir='ltr'>necem</span> <span class='ocrx_word' id='word_1_409' title='bbox 1854 3972 1923 4022; x_wconf 80' lang='lat' dir='ltr'>cau·</span> 
     </span>
     <span class='ocr_line' id='line_1_82' title="bbox 1266 4044 1925 4144; baseline -0.002 -27"><span class='ocrx_word' id='word_1_410' title='bbox 1266 4069 1334 4117; x_wconf 88' lang='lat' dir='ltr'>sam</span> <span class='ocrx_word' id='word_1_411' title='bbox 1358 4044 1447 4117; x_wconf 91' lang='lat' dir='ltr'>bello</span> <span class='ocrx_word' id='word_1_412' title='bbox 1461 4045 1550 4142; x_wconf 90' lang='lat' dir='ltr'>prius</span> <span class='ocrx_word' id='word_1_413' title='bbox 1569 4050 1663 4118; x_wconf 90' lang='lat' dir='ltr'>illato</span> <span class='ocrx_word' id='word_1_414' title='bbox 1676 4074 1786 4144; x_wconf 88' lang='lat' dir='ltr'>quam</span> <span class='ocrx_word' id='word_1_415' title='bbox 1808 4047 1925 4118; x_wconf 86' lang='lat' dir='ltr'>indicto</span> 
     </span>
     <span class='ocr_line' id='line_1_83' title="bbox 1265 4145 1923 4243; baseline -0.002 -27"><span class='ocrx_word' id='word_1_416' title='bbox 1265 4146 1304 4216; x_wconf 85' lang='lat' dir='ltr'>in.</span> <span class='ocrx_word' id='word_1_417' title='bbox 1321 4160 1439 4216; x_wconf 85' lang='lat' dir='ltr'>excusa</span> <span class='ocrx_word' id='word_1_418' title='bbox 1466 4145 1657 4218; x_wconf 90' lang='lat' dir='ltr'>indictionis</span> <span class='ocrx_word' id='word_1_419' title='bbox 1694 4149 1818 4219; x_wconf 84' lang='lat' dir='ltr'>charta.</span> <span class='ocrx_word' id='word_1_420' title='bbox 1837 4167 1923 4243; x_wconf 85' lang='lat' dir='ltr'>prae-</span> 
     </span>
     <span class='ocr_line' id='line_1_84' title="bbox 1265 4242 1918 4339; baseline 0.002 -25"><span class='ocrx_word' id='word_1_421' title='bbox 1265 4244 1372 4315; x_wconf 87' lang='lat' dir='ltr'>tendit</span> <span class='ocrx_word' id='word_1_422' title='bbox 1382 4294 1399 4317; x_wconf 88' lang='grc'>.,</span> <span class='ocrx_word' id='word_1_423' title='bbox 1420 4251 1466 4315; x_wconf 88' lang='grc' dir='ltr'>ΙΙ.</span> <span class='ocrx_word' id='word_1_424' title='bbox 1501 4251 1577 4335; x_wconf 86' lang='lat'>165.</span> <span class='ocrx_word' id='word_1_425' title='bbox 1605 4246 1808 4318; x_wconf 82' lang='lat' dir='ltr'>Landresini</span> <span class='ocrx_word' id='word_1_426' title='bbox 1831 4242 1918 4339; x_wconf 85' lang='lat' dir='ltr'>oppi-</span> 
     </span>
     <span class='ocr_line' id='line_1_85' title="bbox 1266 4343 1919 4444; baseline -0.005 -30"><span class='ocrx_word' id='word_1_427' title='bbox 1266 4343 1358 4414; x_wconf 86' lang='lat' dir='ltr'>danis</span> <span class='ocrx_word' id='word_1_428' title='bbox 1382 4344 1594 4415; x_wconf 89' lang='lat' dir='ltr'>subveniendi</span> <span class='ocrx_word' id='word_1_429' title='bbox 1618 4352 1730 4444; x_wconf 84' lang='lat' dir='ltr'>gratia</span> <span class='ocrx_word' id='word_1_430' title='bbox 1753 4346 1919 4441; x_wconf 86' lang='lat' dir='ltr'>appropin-</span> 
     </span>
     <span class='ocr_line' id='line_1_86' title="bbox 1265 4440 1922 4538; baseline -0.005 -25"><span class='ocrx_word' id='word_1_431' title='bbox 1265 4467 1368 4538; x_wconf 88' lang='lat' dir='ltr'>quare</span> <span class='ocrx_word' id='word_1_432' title='bbox 1391 4446 1587 4517; x_wconf 89' lang='lat' dir='ltr'>nuntiatur.</span> <span class='ocrx_word' id='word_1_433' title='bbox 1618 4451 1666 4516; x_wconf 91' lang='lat'>11.</span> <span class='ocrx_word' id='word_1_434' title='bbox 1696 4470 1772 4535; x_wconf 82' lang='lat'>²05·</span> <span class='ocrx_word' id='word_1_435' title='bbox 1803 4440 1922 4514; x_wconf 85' lang='lat' dir='ltr'>Praesi-</span> 
     </span>
    </p>
   </div>
   <div class='ocr_carea' id='block_1_10' title="bbox 1258 4540 1923 4639">
    <p class='ocr_par' dir='ltr' id='par_1_10' title="bbox 1258 4540 1923 4639">
     <span class='ocr_line' id='line_1_87' title="bbox 1258 4540 1923 4639; baseline 0 -25"><span class='ocrx_word' id='word_1_436' title='bbox 1258 4545 1397 4635; x_wconf 87' lang='lat' dir='ltr'>dium,</span> <span class='ocrx_word' id='word_1_437' title='bbox 1433 4545 1633 4615; x_wconf 80' lang='lat' dir='ltr'>Caesarianis</span> <span class='ocrx_word' id='word_1_438' title='bbox 1669 4569 1736 4616; x_wconf 89' lang='lat' dir='ltr'>nec</span> <span class='ocrx_word' id='word_1_439' title='bbox 1766 4540 1923 4639; x_wconf 75' lang='lat' dir='ltr'>opinanti-</span> 
     </span>
    </p>
   </div>
   <div class='ocr_carea' id='block_1_11' title="bbox 1262 4641 2006 5013">
    <p class='ocr_par' dir='ltr' id='par_1_11' title="bbox 1262 4641 2006 5013">
     <span class='ocr_line' id='line_1_88' title="bbox 1265 4641 1924 4742; baseline -0.006 -28"><span class='ocrx_word' id='word_1_440' title='bbox 1265 4641 1405 4725; x_wconf 62' lang='lat' dir='ltr'>bussin</span> <span class='ocrx_word' id='word_1_441' title='bbox 1431 4641 1675 4715; x_wconf 84' lang='lat' dir='ltr'>Landresinum</span> <span class='ocrx_word' id='word_1_442' title='bbox 1705 4643 1924 4742; x_wconf 86' lang='lat' dir='ltr'>oppidumin-</span> 
     </span>
     <span class='ocr_line' id='line_1_89' title="bbox 1264 4740 1922 4831; baseline -0.006 -18"><span class='ocrx_word' id='word_1_443' title='bbox 1264 4742 1385 4814; x_wconf 73' lang='lat' dir='ltr'>ducit.</span> <span class='ocrx_word' id='word_1_444' title='bbox 1400 4748 1545 4831; x_wconf 81' lang='lat'>11..205.</span> <span class='ocrx_word' id='word_1_445' title='bbox 1566 4745 1668 4815; x_wconf 88' lang='lat' dir='ltr'>Data.</span> <span class='ocrx_word' id='word_1_446' title='bbox 1687 4747 1808 4815; x_wconf 90' lang='lat' dir='ltr'>tribus.</span> <span class='ocrx_word' id='word_1_447' title='bbox 1823 4740 1922 4815; x_wconf 86' lang='lat' dir='ltr'>conti-</span> 
     </span>
     <span class='ocr_line' id='line_1_90' title="bbox 1262 4838 2006 5013; baseline -0.008 -98"><span class='ocrx_word' id='word_1_448' title='bbox 1262 4843 1337 4916; x_wconf 81' lang='lat' dir='ltr'>nuis</span> <span class='ocrx_word' id='word_1_449' title='bbox 1374 4839 1492 4917; x_wconf 79' lang='lat' dir='ltr'>debus</span> <span class='ocrx_word' id='word_1_450' title='bbox 1523 4867 1543 4918; x_wconf 77' lang='lat' dir='ltr'>a</span> <span class='ocrx_word' id='word_1_451' title='bbox 1579 4848 1726 4917; x_wconf 80' lang='lat' dir='ltr'>Caesare</span> <span class='ocrx_word' id='word_1_452' title='bbox 1759 4838 1921 5013; x_wconf 60' lang='lat' dir='ltr'>pugnpd</span> <span class='ocrx_word' id='word_1_453' title='bbox 2004 4880 2006 4938; x_wconf 35' lang='grc' dir='ltr'><strong>ς</strong></span> 
     </span>
    </p>
   </div>
   <div class='ocr_carea' id='block_1_12' title="bbox 0 0 2022 5858">
    <p class='ocr_par' dir='ltr' id='par_1_12' title="bbox 0 0 2022 5858">
     <span class='ocr_line' id='line_1_91' title="bbox 0 0 2022 5858; baseline 0 3"><span class='ocrx_word' id='word_1_454' title='bbox 0 0 2022 5858; x_wconf 95' lang='lat' dir='ltr'> </span> 
     </span>
    </p>
   </div>
  </div>
 </body>
</html>
