4110 5888
360 471 370 479 .
660 356 680 425 S
704 348 802 426 ΠΜ
828 354 867 426 M
894 359 925 425 Α
951 358 986 430 R
1011 352 1087 426 I·U
1112 357 1163 428 M.
1501 364 1625 433 LXIII:

164 481 304 568 dinum
337 479 558 568 adventanti
589 477 814 595 Philippus,
844 512 886 566 o
1125 493 1242 583 LIB,
1297 492 1464 584 XXX,

169 600 280 685 misso
326 597 479 712 incepto
512 599 702 713 prandio,
732 600 886 685 obviam

169 720 318 837 prodr.
347 716 561 805 Britanniae
577 716 735 801 Concu
758 719 797 801 tn
823 747 884 801 au·
993 725 1022 804 1.
1089 682 1257 809 Pauus
1305 724 1371 806 ru.
1433 723 1533 836 Juno
1584 731 1648 824 ur.

176 837 246 922 lam
277 867 325 923 ex
363 866 470 922 more
502 835 752 925 convocatio.
935 839 1121 926 succedit.
1152 843 1242 953 Ejus
1263 841 1506 927 sanctimonia
1534 873 1645 954 vera,

227 959 316 1042 XL.
376 955 583 1042 Cardinalis
625 954 706 1040 Poli
747 956 880 1071 gratia·
935 983 1001 1043 aut
1034 957 1240 1066 simulata,
1295 960 1463 1056 Quietini
1499 963 1653 1079 Episco-

175 1102 254 1162 tum
286 1073 413 1180 acrio,
445 1101 486 1160 et
514 1075 564 1160 ad
589 1073 802 1159 Britanniae
831 1075 884 1158 ci·
935 1101 1044 1189 patus
1074 1076 1289 1182 abdicatio,
1330 1104 1369 1163 et
1403 1079 1442 1163 in
1468 1080 1654 1169 Cardina-

176 1194 331 1282 vitatum
358 1192 504 1311 legatos
530 1192 682 1301 oratio,
708 1220 785 1309 qua
821 1223 886 1279 eos
934 1194 1044 1280 lium'¹
1065 1189 1266 1311 collegium
1297 1199 1494 1311 cooptatio
1507 1259 1521 1278 ..
1582 1197 1585 1204 Δ

175 1314 218 1399 ad
252 1313 383 1399 Fidem
408 1311 643 1397 Catholicam
668 1312 786 1397 totius
815 1319 885 1398 Re·
996 1319 1040 1398 II.
1101 1313 1225 1425 Hujus
1248 1313 1431 1401 virtutum
1444 1310 1656 1435 exemplum

177 1431 239 1548 gni
267 1429 421 1517 nornine
457 1429 720 1546 recipiendam·
748 1430 884 1518 cohor·
934 1457 1144 1548 sequuntur
1166 1462 1246 1520 non
1263 1434 1372 1549 pauci
1382 1466 1452 1550 pro
1469 1439 1657 1531 Quietinis
1745 1530 1748 1540 ,

175 1573 293 1635 tamn.
935 1552 1115 1636 Theatz‘nz‘
1134 1551 1251 1669 vulgo
1278 1553 1385 1638 dicti.
1416 1552 1656 1669 Jesuz'tarum

166 1699 169 1702 ⁴
224 1670 328 1754 XLI.
397 1671 527 1785 Reges
559 1666 796 1754 Cardinalem
828 1669 879 1756 di·
934 1672 1071 1789 origo,
1109 1671 1318 1757 institutum
1346 1735 1358 1778 ,
1385 1695 1423 1756 et
1452 1673 1657 1764 litteratum

170 1814 251 1874 cere
279 1811 484 1874 cessantem
515 1816 581 1901 per
611 1787 882 1875 Cancellarium
936 1790 1075 1876 studia.
1113 1790 1266 1907 Egnatii
1301 1790 1454 1903 Lojolae
1485 1792 1585 1878 laus.

166 1907 414 2014 collaudant,
433 1934 558 2022 eoque
591 1906 753 2024 digresso
777 1911 877 1992 Con
994 1913 1054 1995 Ill.
1129 1908 1340 1994 Franciscus
1379 1910 1517 2026 Borgia
1565 1918 1658 2003 Dux

154 2025 294 2112 cilium
322 2028 553 2130 hortantur,
589 2051 632 2111 ut
665 2026 721 2111 de·
746 2026 884 2113 eodem
935 2029 1111 2116 Gandiae
1128 2026 1168 2111 in
1185 2029 1323 2113 horum
1345 2051 1498 2112 coetum
1515 2059 1552 2115 se
1570 2059 1657 2120 con

155 2144 374 2264 Religionis
407 2146 563 2263 negotio
597 2145 747 2231 consilia
792 2175 882 2233 con·
934 2142 1034 2258 jicit.
1070 2144 1250 2258 Ejusdem
1272 2146 1495 2231 sanctissima
1512 2147 1595 2234 vita.
1618 2177 1658 2239 et

150 2257 312 2352 ferant.
757 2331 761 2344 .
929 2263 1154 2350 conciones.
1192 2270 1344 2350 Iseum
1362 2264 1540 2352 Antonio
1563 2271 1654 2354 Cor·

229 2387 347 2469 XLII.
408 2383 619 2470 Concilium
638 2383 687 2469 de
711 2384 879 2499 recipietn
935 2382 1039 2469 duba
1077 2380 1195 2468 sodali
1242 2381 1457 2500 Collegium
1503 2388 1657 2475 Cordu-

140 2501 214 2588 da
247 2504 338 2590 Fide
367 2504 563 2590 Catholica
597 2531 740 2620 magno
786 2531 883 2590 con·
935 2500 1051 2589 bense
1081 2500 1342 2602 constituunt,
1372 2502 1437 2587 ubi
1468 2502 1657 2594 doctiores

134 2650 279 2709 sensu
309 2623 464 2728 statrsit,
495 2627 693 2740 Regesque
730 2650 797 2736 per
828 2621 877 2708 le·
933 2619 1115 2740 ingenuas
1165 2619 1370 2735 disciplinas
1411 2621 1583 2726 docent,
1616 2648 1656 2712 et

137 2766 280 2858 gatos
307 2768 418 2829 orant
434 2804 446 2847 ,
464 2767 507 2829 ut
542 2770 566 2824 a
589 2739 802 2858 Reginaldo
830 2745 884 2829 A·
933 2739 1188 2827 adolescentes
1220 2739 1271 2825 ad
1309 2739 1488 2826 virtutem
1535 2766 1574 2826 et
1598 2771 1650 2828 re·

131 2860 354 2975 postolico
395 2863 521 2976 legato
564 2860 647 2975 ipsis
700 2860 883 2972 praeteriti
933 2856 1111 2976 ligionem
1149 2857 1422 2943 adhortantur.
1703 2959 1705 2963 ι

139 2978 354 3091 temporis
383 3003 590 3066 erratorum
623 2978 774 3065 veniam
815 2977 880 3063 im·
1010 2981 1077 3063 IV.
1152 2976 1318 3060 Caesaris
1363 3000 1403 3061 et
1448 2975 1652 3068 Gallorum

133 3121 343 3216 petrem.
647 3150 648 3155 Ν
932 3097 1045 3214 Regis
1097 3094 1267 3211 quinque
1314 3123 1502 3181 annorum
1542 3097 1650 3184 indu·

223 3216 360 3303 XLIII.
419 3219 506 3302 Hac
549 3215 736 3332 legatione
780 3215 880 3300 beni·
931 3214 1032 3300 ciae.
1063 3213 1269 3330 Utriusque
1296 3244 1443 3297 summa
1475 3244 1648 3302 nummo-

139 3362 298 3457 gnea
337 3335 502 3453 Regibus
543 3334 742 3419 laetissimis
786 3361 882 3420 acce·
932 3363 1017 3418 rum
1046 3333 1193 3446 inopia.
1226 3330 1474 3418 Tributorum
1512 3332 1554 3428 in
1577 3336 1645 3418 Hi·

139 3476 264 3578 pta,
290 3453 429 3540 libellus
461 3486 485 3539 a
514 3453 686 3538 Concilio
717 3452 883 3567 Regibus
932 3452 1059 3566 spania
1095 3450 1334 3556 exactiones,
1357 3449 1504 3565 Regalis
1533 3452 1643 3564 pani-

141 3601 299 3662 coram
330 3573 477 3680 datur,
511 3602 592 3687 quo
622 3573 716 3657 haec
748 3570 882 3657 eadem
932 3569 1050 3656 monii
1085 3568 1301 3668 distractio,
1333 3569 1588 3683 religiosorum
1613 3599 1646 3659 e·

146 3716 490 3803 comprecantur.
511 3689 640 3775 Libelli
666 3717 833 3774 summa.
933 3690 1082 3803 quitum
1110 3686 1339 3800 oppidorum
1358 3685 1531 3773 venditio
1550 3690 1643 3778 aeris

234 3810 383 3895 XIIV.
416 3813 552 3926 'Reges
601 3806 881 3923 perhumaniter
936 3805 1045 3891 alieni
1064 3804 1303 3891 contractio..
1640 3868 1644 3874 .

146 3929 429 4038 respondent,
460 3955 576 4043 atque
615 3926 713 4012 adeo
756 3926 881 4012 Cardi·
998 3926 1049 4009 V.
1099 3923 1210 4011 ‚Nini
1238 3947 1366 4008 tamen
1389 3922 1552 4011 Carolus
1576 3953 1645 4042 per

149 4040 304 4129 nalem
328 4047 497 4153 adeunt,
519 4071 559 4132 et
591 4071 725 4160 aperto
740 4044 879 4158 capite,
933 4044 1009 4132 uirn
1026 4041 1146 4150 ,null
1170 4043 1208 4126 in
1239 4070 1289 4127 eo
1309 4044 1501 4156 tyrannice
1530 4069 1641 4128 cona·

148 4180 208 4238 ut
244 4164 513 4251 Britannorum
543 4163 818 4280 poenitentibus
843 4192 881 4246 a·
934 4189 1035 4269 tur,
1073 4162 1137 4247 sed
1185 4161 1400 4276 interposita
1456 4159 1646 4249 Pontificis

154 4273 279 4365 nimis
309 4283 461 4369 veniam
486 4285 575 4388 det,
597 4308 770 4398 petunt,
793 4311 881 4395 pau·
934 4281 1092 4367 Maximi
1124 4279 1351 4365 auctoritate
1392 4278 1446 4363 ad
1483 4277 1648 4368 Clericus
1683 4297 1689 4303 '

156 4387 297 4511 (Isque
335 4400 459 4488 verbis
499 4429 676 4486 exorant.
723 4399 793 4484 Ille
818 4429 883 4512 per
936 4400 1134 4515 vectigales
1150 4396 1365 4482 habendos.
1392 4395 1499 4490 Quin
1519 4399 1650 4507 etiam,-

152 4530 391 4606 consuetam
435 4545 481 4633 et,
518 4520 725 4638 religiosam
753 4519 884 4601 caeri-
938 4546 987 4601 ne
1020 4515 1161 4630 oppida
1204 4535 1339 4598 cuncta
1378 4515 1651 4606 Ecclesiasticae

156 4638 337 4723 moniam
368 4639 519 4725 veniam
555 4664 767 4726 erratorum
812 4635 884 4724 toti
935 4632 1087 4722 ditionis
1132 4661 1197 4750 per
1242 4630 1446 4720 Castellam
1481 4638 1654 4751 vendat,

161 4751 320 4842 nationi
346 4755 502 4845 tribuit.
552 4856 553 4864 Ν
938 4750 1115 4874 religione
1136 4752 1384 4868 prohibetur.

1561 4812 1656 4971 Qua
