4192 5858
450 424 570 538 306,
815 434 901 515 nn
948 425 1154 511 nunus
1201 426 1429 513 ersrrs

408 590 546 695 factus
580 628 644 695 est
678 592 896 707 Carolus,
931 582 1119 727 abipso
1154 581 1468 688 Francafortem
1503 583 1657 687 urbem
1692 583 1742 688 in
1777 590 1858 690 de-

408 736 625 837 ditionem
674 734 922 873 acceptam
949 730 1080 831 firmo
1130 730 1347 871 praesidio
1399 731 1539 830 teneri
1584 767 1675 839 set
1725 733 1857 870 paulo

412 915 513 1019 post
556 879 709 978 eadem
744 911 788 977 et
824 875 931 975 aliae
974 908 1186 1012 praeterea
1221 907 1389 1010 septem
1436 872 1629 973 civitates
1679 871 1767 973 huc
1802 877 1858 976 ad

414 1020 622 1120 Catulum
658 1020 822 1160 legatos
870 1015 1122 1134 miserunt,
1150 1014 1228 1154 qui
1264 1014 1438 1114 veniam
1488 1048 1691 1134 orarent,
1728 1054 1858 1154 seque

366 1244 369 1249 .
414 1161 654 1280 dederent,
690 1198 733 1260 et
768 1160 974 1298 imperata
1009 1148 1145 1257 facete
1183 1156 1524 1296 pollicerentur:
1565 1195 1670 1294 quas
1706 1197 1859 1258 omnes

290 1347 291 1350 ‘
414 1301 519 1422 ille,
559 1305 711 1402 eadem
757 1299 1026 1399 humanitate
1077 1334 1119 1397 et
1169 1297 1424 1398 liberalitate
1475 1296 1578 1396 data
1611 1297 1774 1415 venia,
1812 1298 1860 1399 in

415 1482 537 1543 suam
573 1442 707 1545 fidem
742 1440 937 1581 recepitr
967 1477 1048 1538 nec
1083 1435 1168 1539 fuit
1201 1436 1304 1538 urbs
1340 1473 1416 1538 aut
1461 1438 1678 1578 oppidum
1714 1479 1768 1539 ex
1805 1480 1860 1538 0-

415 1586 513 1685 mni
545 1586 733 1704 Suevia,
768 1617 935 1724 praeter
974 1587 1217 1721 Augustam
1255 1581 1408 1720 ,quin
1443 1581 1607 1721 legatos
1641 1581 1697 1680 de
1733 1583 1859 1681 dedi·

417 1727 540 1835 tione
576 1727 766 1826 mitteret
785 1804 806 1825 ..
840 1733 904 1824 Ex
940 1722 1139 1862 Alpruno
1173 1724 1357 1823 Carolus
1392 1761 1608 1845 movens,
1642 1723 1751 1821 senis
1785 1764 1861 1822 ea-

419 1868 525 1968 stris·
550 1869 730 1968 Ulmam
765 1866 919 1984 venit,
957 1860 1213 1964 ducentibus
1255 1863 1438 1963 civitatis
1489 1862 1641 2005 legatis
1688 1864 1859 1985 alteris,

419 2008 499 2150 qui
533 2010 589 2109 ad
622 2010 698 2108 ult'
743 2018 801 2108 '‘os
837 2016 929 2139 ejus
966 2002 1071 2107 fines
1107 2003 1290 2106 obviam
1325 2006 1574 2147 progressi,
1607 2005 1751 2144 ipsum
1786 2046 1858 2105 ac-

418 2152 642 2254 cedentem
679 2047 751 2249 H
770 2185 914 2291 genua
949 2147 1153 2267 demissi,
1190 2148 1391 2288 Hispano
1442 2185 1640 2246 sermone
1691 2149 1858 2288 suppli-

294 2325 297 2327 ·
418 2331 487 2392 ces
523 2292 787 2409 salutarunt,
823 2325 867 2391 et
900 2289 1077 2389 allocuti
1121 2326 1257 2412 sunt,
1290 2290 1563 2389 voluntatem
1599 2323 1643 2389 et
1678 2328 1861 2428 operam

409 2429 605 2565 civitatis
638 2470 845 2573 suamque
880 2429 1112 2532 liberaliter
1147 2469 1287 2532 rursus
1322 2425 1593 2547 deferentes,
1626 2429 1713 2528 hoc
1765 2425 1859 2532 fore

418 2576 557 2715 tnagis
592 2609 765 2716 gratum
799 2610 1047 2676 sermonem
1079 2572 1196 2692 tati,
1233 2572 1269 2672 si
1304 2613 1406 2674 eum
1440 2573 1619 2712 lingua,
1646 2611 1733 2710 qua
1768 2612 1861 2672 ma·

422 2718 536 2819 xime
575 2712 779 2817 utebatur
795 2720 810 2836 ,
849 2714 1205 2857 alloquerentur.
1256 2725 1409 2853 Itaque
1444 2713 1622 2815 Carolus
1657 2712 1861 2851 Hispano
1954 2781 1978 2797 ·

419 2898 603 3000 quoque
636 2896 833 2958 sermone
868 2857 983 2998 ipsos
1016 2856 1302 2977 resalutavit,
1336 2853 1653 2995 liberaliterque
1689 2893 1861 2996 respon·
1928 2919 1999 2933 ο

421 3000 513 3100 (lits
571 3046 576 3054 '
856 3078 858 3082 ,
1379 3088 1382 3095 .

412 3136 425 3162 ⁹
511 3148 625 3239 LVI.
715 3141 934 3240 Nondum
967 3139 1151 3240 Ulmam
1193 3152 1442 3280 pervenerat
1496 3139 1676 3239 Carolus
1708 3201 1738 3256 ,·
1759 3174 2020 3239 curn,-

421 3279 668 3422 Augustani
701 3282 830 3422 legati
865 3285 921 3381 ad
956 3282 1101 3419 ipsum
1136 3279 1386 3401 affuerunt,
1426 3282 1503 3422 qui
1545 3282 1756 3422 imperata
1801 3275 2022 3379 fa--·

420 3417 551 3542 cere,
585 3419 825 3562 urbemque
859 3425 1013 3524 dedere
1049 3424 1353 3563 pollicerentur
1387 3462 1400 3534 3
1434 3425 1508 3524 sed
1550 3424 1653 3543 ita,
1697 3421 1735 3523 si
1769 3445 2027 3522 ηομ

420 3564 562 3663 modo
614 3564 818 3683 civitati,
851 3566 925 3664 sed
973 3564 1103 3664 etiam
1148 3563 1399 3667 Sebastiano
1448 3565 1691 3682 Xertello,
1728 3583 2029 3704 quent:²

423 3706 509 3803 suis
549 3705 688 3844 copiis
740 3709 939 3806 adversus
974 3706 1182 3806 Carolum
1235 3704 1555 3847 praefecerant,
1590 3708 1838 3849 ignosceret
1855 3779 1939 3807 φ
2016 3761 2027 3785 ·

422 3856 572 3967 Quam
608 3848 911 3947 conditionem
962 3849 1016 3947 de
1051 3848 1232 3947 Xertelli
1271 3850 1393 3954 venia
1442 3885 1685 3990 aspernatus
1722 3861 2030 3949 cama-

421 3987 519 4110 lus,
560 3986 833 4090 causantibus
882 3988 1065 4132 legatis,
1103 3988 1254 4091 urbem
1298 4033 1340 4112 a(
1358 3993 1554 4092 Xert'ello
1573 4035 1608 4112 ,‘
1623 3990 1697 4091 cui
1746 3988 2029 4092 bona-‘⁵³

420 4166 519 4268 pars
569 4130 847 4271 popularium
895 4134 1111 4251 studeret,
1148 4134 1338 4235 duorum
1389 4133 1577 4234 millium
1625 4131 2024 4234 hominurffl

419 4274 638 4410 praesidio
692 4272 859 4392 teneri,
893 4310 943 4373 ut
978 4314 1031 4375 eo
1082 4275 1253 4395 invit0,
1287 4277 1459 4377 Senatui
1494 4274 2016 4418 principibusqu--e

419 4414 610 4515 civitatis
642 4415 794 4518 urbem
832 4417 1016 4538 dedere,
1053 4453 1129 4516 aut
1163 4417 1306 4559 ipsum
1343 4419 1499 4559 pellere
1534 4457 1628 4519 non
1688 4419 1879 4520 liceret·-
1988 4447 2002 4518 ἱ

418 4593 462 4653 se
497 4594 603 4656 vero
638 4558 863 4696 respondit
897 4598 998 4659 cum
1035 4559 1221 4660 exercitu
1256 4598 1394 4700 prope
1429 4562 1551 4662 diem
1592 4559 1868 4662 affuturunn
1963 4631 1980 4675 ,

415 4730 461 4795 et
495 4696 721 4799 civitatem
757 4740 812 4801 eo
848 4737 968 4803 metu
1003 4741 1053 4803 ac
1084 4695 1337 4812 difficultate
1372 4705 1714 4845 explicaturum.
1756 4712 1867 4823 Qu
1901 4736 1962 4798 «a

1790 4882 1934 4940 re-
2051 4892 2059 4924 r
