4192 5858
496 439 584 546 248
823 444 964 526 ana
1013 438 1212 521 ausus
1260 436 1482 521 essars
1530 432 1532 438 ·

447 600 504 700 ad
539 596 684 698 hostes
721 592 1033 740 perfugerunt.
1066 594 1226 741 *Porro
1263 597 1374 695 dum
1426 591 1481 692 ad
1533 588 1921 734 oppugnationem

449 744 780 862 renovandam,
819 782 934 883 quae
970 740 1056 840 sint
1112 739 1242 877 usui,
1279 771 1636 878 comparantur,
1672 771 1716 837 et
1765 742 1920 841 omnia

449 888 758 989 commodiore
794 889 965 988 ratione
1000 871 1234 1026 diligenier
1279 879 1678 1003 administrantur,
1715 882 1837 983 mille
1872 918 1920 986 et

445 1032 739 1133 ducentorum
778 1042 1043 1132 Vasconum
1075 1027 1414 1168 Italicorumque
1461 1064 1616 1127 manus
1663 1064 1709 1126 et
1745 1030 1918 1169 equites

451 1175 673 1297 sexcenti,
711 1175 791 1316 qui
845 1173 1025 1275 obsessis
1076 1169 1271 1271 subsidio
1323 1213 1349 1269 a
1398 1181 1523 1310 Rege
1572 1209 1677 1270 cum
1718 1172 1922 1273 Brisacco

450 1313 670 1460 praefecto
707 1317 1035 1434 mittebantur,
1071 1315 1127 1413 ad
1162 1315 1345 1437 Vitros,
1384 1315 1510 1453 quod
1547 1315 1768 1456 oppidum
1812 1319 1918 1420 inde

350 1475 358 1480 ’
449 1462 692 1564 duodecim
729 1463 862 1562 millia
900 1497 1104 1602 passuum
1141 1455 1294 1577 abest,
1330 1457 1573 1558 consedisse
1623 1460 1919 1585 nuntiantur,

448 1642 500 1708 ut
536 1607 639 1706 dara
675 1605 905 1706 occasione
941 1604 1005 1703 in.
1025 1601 1319 1703 Sandesirium
1353 1600 1673 1742 irrumperent.
1724 1606 1799 1704 Ad
1834 1605 1923 1710 hos

453 1752 780 1892 oppugnandos
841 1746 1026 1851 Carolus
1080 1753 1306 1885 joannem
1361 1749 1599 1886 Baptistam
1660 1749 1920 1856 eastaldum

449 1933 555 1993 cum
590 1908 912 1996 Germanorum
949 1926 1054 1990 octo
1091 1887 1282 1991 millibus
1326 1922 1370 1987 et
1405 1889 1612 2031 Hispanis
1662 1894 1917 2023 jaculatori-

444 2035 526 2137 bus
565 2038 767 2142 trecentis
804 2034 1123 2176 tormentisque
1159 2070 1263 2134 octo
1300 2031 1521 2174 proficisci
1556 2033 1714 2169 jubet,
1759 2036 1917 2139 simul-

362 2258 373 2276 .
444 2219 534 2322 que
571 2182 842 2284 Mauricium
872 2197 1091 2284 Saxonem
1128 2219 1180 2279 ex
1215 2192 1395 2311 Ducum
1435 2172 1603 2281 familia
1639 2218 1743 2280 cum
1782 2183 1914 2324 equi-

440 2325 560 2426 tibus
594 2323 874 2468 cataphractis
927 2323 1045 2423 mille
1082 2357 1126 2423 er
1161 2322 1354 2425 totidem
1404 2319 1580 2425 levioris
1632 2360 1913 2447 armaturae,

440 2471 713 2570 Franciscum
748 2480 971 2571 Estensem
1006 2465 1176 2566 mittit:
1214 2506 1328 2609 quae
1364 2505 1558 2588 manus,
1595 2466 1751 2571 itinere
1809 2471 1911 2572 nui-

439 2613 529 2712 lam
565 2651 737 2756 partem
787 2612 929 2714 noctis
981 2607 1276 2733 intermisso,
1313 2611 1452 2752 prima
1500 2614 1596 2714 lucc
1648 2616 1705 2714 ad
1759 2611 1906 2716 hostes

436 2759 724 2897 perveniunt.
781 2761 913 2858 Tunc
963 2756 1219 2889 jaculatores
1271 2755 1465 2895 Hispani
1524 2757 1650 2899 equis
1707 2756 1875 2860 invecti
1888 2837 1908 2880 ‚

439 2940 545 3001 cum
580 2901 788 3004 Manueie
837 2911 1072 3002 Guzmano
1124 2936 1168 3001 et
1206 2901 1412 3042 Aguilera
1462 2897 1690 3040 praefectis
1746 2939 1909 3046 agmen

438 3046 705 3184 antegressi,
742 3045 883 3148 hostes
918 3047 1113 3187 ipsorum
1149 3085 1240 3145 non
1284 3046 1495 3146 adventus
1526 3123 1543 3167 ,
1579 3049 1654 3150 sed
1703 3050 1912 3149 multitu-

438 3184 553 3286 dinis
586 3188 762 3329 ignaros
799 3228 936 3329 parvo
972 3188 1137 3330 praelio
1172 3190 1424 3296 lacessuntr
1461 3192 1536 3292 sed
1591 3194 1907 3334 supervenien-

439 3365 483 3431 te
532 3333 763 3472 equitatu,
800 3333 940 3435 hostes
992 3334 1040 3432 in
1089 3333 1311 3476 oppidum
1361 3328 1491 3434 facile
1553 3337 1908 3479 compelluntur3

440 3513 534 3615 quo
569 3513 734 3616 capto,
771 3478 915 3620 paucis
950 3471 1057 3617 fuga
1093 3478 1286 3618 elapsis,
1323 3477 1455 3577 cereri
1489 3483 1603 3583 caesi
1649 3514 1725 3581 aut
1761 3481 1914 3621 capri,

442 3619 584 3737 Galli,
621 3629 961 3763 Vasconesque3
996 3619 1136 3722 Italici
1187 3657 1293 3722 uero
1350 3625 1535 3726 trecenti
1587 3626 1637 3728 in
1686 3626 1910 3766 templum

442 3759 763 3905 confugerunt,
783 3766 933 3907 ibique
968 3806 1012 3865 se
1049 3803 1182 3870 manu
1218 3760 1513 3868 defendebant
1531 3808 1543 3878 3
1561 3771 1633 3871 sed
1670 3765 1759 3870 hoc
1804 3806 1919 3910 quo«

442 3945 533 4048 que
570 3946 859 4052 expugnaro,
898 3949 1050 4010 omnes
1086 3914 1143 4012 ad
1176 3952 1321 4014 unum
1358 3913 1687 4016 conciduntur.

502 4060 654 4154 XXV.
729 4063 836 4153 Hoc
872 4055 1032 4154 nuntio
1069 4071 1286 4198 accepto,
1324 4060 1406 4199 qui
1441 4059 1736 4160 Sandesirium
1775 4092 2088 4160 custo——

446 4194 657 4305 diebant3
697 4197 865 4340 legatos
901 4199 955 4298 dc
991 4236 1095 4339 pace
1132 4203 1190 4301 ad
1224 4202 1439 4302 Carolum
1491 4204 1540 4303 in
1590 4240 1728 4306 castra
1789 4205 1942 4304 seme*
1979 4195 2088 4300 ri

445 4350 583 4480 atque
616 4339 774 4443 iterum
810 4342 1054 4467 miserunt,
1090 4383 1227 4485 quam
1261 4343 1329 4445 his
1366 4346 1548 4448 demum
1584 4340 1903 4452 conditionibu
1946 4432 2006 4439 -r
2056 4384 2079 4442 s

443 4481 767 4621 impetrarunt,
803 4522 855 4588 ut
892 4487 976 4588 nisi
1012 4523 1110 4588 ante
1147 4490 1270 4590 diem
1307 4528 1480 4592 nonum
1517 4490 1718 4597 subsidio
1769 4492 1929 4594 mitte-
1983 4546 2063 4568 «-

444 4660 563 4725 retur
616 4629 864 4748 exercitus,
902 4632 980 4771 qui
1035 4631 1151 4771 ipsos
1203 4630 1435 4735 obsidione
1488 4639 1708 4757 solveret,
1747 4637 1895 4779 oppid
1935 4671 2046 4729 ε)

445 4770 610 4871 tradito
648 4771 952 4896 discederent,
1008 4810 1052 4876 er
1087 4815 1191 4880 curn
1227 4776 1314 4882 suis
1351 4779 1528 4887 sarcinis
1565 4784 1615 4906 in
1655 4817 1793 4885 castra
1830 4795 2027 4883 Ra:-

1823 4925 1921 5068 gia
1966 4994 1994 5035 ,
