3998 5850
452 414 549 531 45²⁴·
658 444 660 446 ψ
846 391 1161 475 ouranos
1208 391 1425 475 casus

413 535 676 660 Caesarianis
712 549 767 653 ad
819 547 1088 708 stipendium
1136 547 1477 689 persolvendum
1527 582 1620 647 non
1673 584 1882 692 suppete-

413 697 514 800 bat
572 710 721 836 Itaque
758 727 903 791 noster
952 688 1164 791 exercitus
1217 693 1265 793 in
1302 731 1399 794 eam
1436 690 1729 831 paucitatem
1755 697 1880 797 reda·

415 880 509 989 ctus
555 874 693 962 etat,
730 873 780 937 ut
815 835 1027 943 tredecim
1079 871 1352 937 armatorum
1403 833 1591 934 millium
1642 875 1877 946 numerum

415 982 509 1086 non
548 981 785 1124 expleret,
828 1018 932 1080 curn
967 976 1214 1080 hostilis
1173 981 1330 1121 viginti
1366 976 1555 1078 millium
1591 1016 1726 1082 esset.
1774 992 1876 1103 Qua

415 1125 698 1229 multitudine
734 1118 870 1223 fretus
905 1136 1114 1242 Sttozus,
1141 1124 1185 1224 in
1221 1121 1325 1227 fines
1361 1120 1628 1223 Florentinos
1664 1164 1760 1224 suas
1794 1165 1875 1227 co-

415 1271 507 1412 pias
559 1268 780 1385 induxit,
837 1305 881 1367 et
917 1263 1230 1367 Marchianum
1276 1275 1574 1404 Fajanumque
1621 1268 1874 1373 castellam

415 1412 614 1535 confinio
649 1409 848 1517 Senensis
884 1409 1015 1552 agri,
1052 1410 1243 1529 nostris,
1281 1410 1359 1550 qui
1394 1451 1419 1510 a
1454 1443 1580 1551 tergo
1633 1409 1878 1577 sequeban-

414 1591 522 1677 tur,
560 1495 938 1696 prospicientibus
958 1588 1000 1653 et
1036 1487 1397 1694 quiescentibus,
1431 1553 1590 1694 cepitt
1632 1587 1732 1654 tum
1772 1557 1877 1656 utri-

416 1739 503 1838 que
541 1697 799 1799 brevissimo
836 1695 1065 1797 intervallo
1102 1695 1256 1795 relicto
1291 1730 1426 1795 castra
1463 1695 1765 1818 munierunt,
1800 1696 1876 1800 ubi

416 1841 553 1943 ambo
592 1839 799 1942 exercitus
846 1875 993 1939 rerum
1028 1838 1361 1940 necessariarum
1409 1837 1564 1979 inopia
1599 1775 1876 1945 vehetrientet

414 1981 665 2088 laborabat.

488 2137 628 2231 XVII.
703 2123 825 2227 Huic
875 2085 994 2228 malo
1030 2141 1204 2228 Sttozus
1259 2163 1309 2229 ιιι
1344 2127 1589 2229 mederetur
1640 2127 1876 2269 ,septimo

139 2340 231 2405 anu
254 2349 397 2402 „m
422 2270 526 2390 die,
560 2270 642 2410 qui
676 2263 762 2370 fuit
796 2270 1000 2409 postridie
1034 2270 1329 2370 Kalendarum
1366 2272 1558 2413 Augusti
1591 2309 1713 2371 anno
1749 2271 1877 2374 Chri-

425 2417 476 2519 sti
507 2413 739 2530 millesimo
776 2411 1130 2574 quingentesimo
1156 2413 1528 2556 quinquagesimo
1553 2450 1755 2576 quarto,
1780 2451 1876 2516 ante

424 2559 617 2675 lucem,
653 2553 883 2655 tormentis
935 2557 1348 2718 impedimentisque
1399 2556 1693 2698 praemissis,
1744 2595 1873 2658 castra

428 2736 617 2819 movet,
650 2699 988 2861 compositoque
1024 2738 1201 2840 agmine
1237 2697 1547 2841 proficiscitur.
1585 2710 1692 2801 Hoc
1729 2701 1878 2841 cogni·

429 2881 522 2964 to,
557 2842 807 2963 Marchio,
849 2843 930 2982 qui
964 2840 1078 2942 hanc
1113 2879 1236 2942 suam
1271 2842 1544 2945 occasionem
1580 2838 1677 2944 fore
1714 2843 1879 2986 praedi

422 3024 591 3105 xerat,
626 3021 675 3085 ut
711 2983 931 3085 hostem
920 3021 967 3083 ιιι
1003 2984 1158 3094 itinere
1193 2987 1365 3088 sarcinis
1407 2984 1675 3126 impeditum
1733 3024 1879 3129 aggre-

423 3062 649 3247 deretui,
685 3127 930 3267 equitatum
965 3166 1188 3248 revocat,
1229 3129 1309 3270 qui
1343 3130 1536 3271 aquandi
1573 3169 1701 3231 causa
1749 3130 1876 3270 paulo

425 3306 551 3374 antea
584 3205 870 3371 diicesserat
861 3337 874 3380 ‚
912 3304 955 3368 et
990 3270 1136 3370 ceteris
1172 3311 1292 3372 arma
1327 3310 1495 3372 sumere
1531 3272 1704 3403 jussis,
1756 3271 1878 3414 equi-

427 3451 525 3516 tum
576 3405 800 3553 praefectis
847 3414 1148 3533 antecedere,
1185 3450 1229 3513 et
1277 3414 1325 3514 in
1377 3412 1584 3516 hostilem
1617 3415 1882 3577 equitatum

425 3557 645 3698 impetum
681 3549 822 3655 facete
858 3555 1112 3696 praecipiet
1148 3556 1240 3697 ipse
1275 3558 1492 3696 pedestres
1528 3558 1720 3699 copias,
1756 3598 1882 3699 prae-

312 3764 316 3771 ,
427 3701 576 3800 sertim
622 3698 863 3861 Hispanos
896 3734 941 3799 et
975 3708 1263 3818 Germanos,
1278 3699 1462 3861 paucis
1511 3699 1801 3821 cohortatus,
1835 3740 1882 3802 ιιι

422 3842 547 3942 soliti
598 3843 726 3982 pauci
775 3841 916 3942 multo
952 3850 1140 3974 majores
1190 3842 1338 3982 copias
1388 3883 1627 4008 superare,
1665 3883 1881 3945 memores

426 3984 637 4125 pristinae
672 3983 844 4085 virtutis
880 3983 1022 4085 hostes
1056 3986 1358 4105 invaderent,
1392 3986 1484 4086 acie
1520 3988 1732 4089 instructa
1787 3985 1884 4087 sub·

429 4129 685 4269 sequitur,
700 4126 749 4226 ιιι
782 4137 924 4258 cujus
941 4122 1083 4236 stonte
1117 4129 1374 4272 Hispanos,
1412 4129 1698 4262 circumjectis
1748 4130 1880 4269 sclop

428 4270 635 4410 petariis,
671 4269 933 4371 collocavit.
974 4283 1185 4373 Ceterum
1222 4270 1389 4384 hostilis
1425 4273 1680 4435 equitatus,
1708 4309 1756 4373 ut
1790 4307 1880 4370 erat

428 4452 616 4576 nurnero
665 4434 709 4514 et
746 4412 903 4516 robore
953 4414 1147 4555 longe
1136 4453 1277 4557 rmpat
1312 4416 1616 4537 Caesarian0,
1655 4425 1748 4547 ejus
1798 4412 1887 4555 pri-

420 4592 563 4658 mum
600 4556 818 4695 impetum
873 4551 985 4658 ferre
1019 4596 1113 4658 non
1147 4559 1291 4661 valens
1352 4556 1533 4663 effusam
1566 4495 1773 4702 frigam,
1810 4597 1899 4659 no.

432 4697 528 4800 stris
564 4697 910 4828 insectantibus,
945 4701 1149 4842 capessit

1770 4860 1887 4951 Stro·
