<?xml version="1.0" encoding="UTF-8"?>
<!DOCTYPE html PUBLIC "-//W3C//DTD XHTML 1.0 Transitional//EN"
    "http://www.w3.org/TR/xhtml1/DTD/xhtml1-transitional.dtd">
<html xmlns="http://www.w3.org/1999/xhtml" xml:lang="en" lang="en">
 <head>
  <title>
</title>
<meta http-equiv="Content-Type" content="text/html;charset=utf-8" />
  <meta name='ocr-system' content='tesseract 3.04.00' />
  <meta name='ocr-capabilities' content='ocr_page ocr_carea ocr_par ocr_line ocrx_word'/>
</head>
<body>
  <div class='ocr_page' id='page_1' title='image "./joannisgenesiis00sepgoog_0498.png"; bbox 0 0 3998 5850; ppageno 0'>
   <div class='ocr_carea' id='block_1_1' title="bbox 484 376 1527 480">
    <p class='ocr_par' dir='ltr' id='par_1_1' title="bbox 484 376 1527 480">
     <span class='ocr_line' id='line_1_1' title="bbox 484 376 1527 480; baseline 0.002 -21"><span class='ocrx_word' id='word_1_1' title='bbox 484 393 567 480; x_wconf 79' lang='lat'>502</span> <span class='ocrx_word' id='word_1_2' title='bbox 835 460 838 464; x_wconf 80' lang='grc'><strong>,</strong></span> <span class='ocrx_word' id='word_1_3' title='bbox 870 379 953 461; x_wconf 88' lang='lat' dir='ltr'>DE</span> <span class='ocrx_word' id='word_1_4' title='bbox 988 377 1204 474; x_wconf 54' lang='lat' dir='ltr'>REBUS,</span> <span class='ocrx_word' id='word_1_5' title='bbox 1230 376 1465 473; x_wconf 72' lang='lat' dir='ltr'>GEstts</span> <span class='ocrx_word' id='word_1_6' title='bbox 1523 408 1527 461; x_wconf 93' lang='grc'>·.</span> 
     </span>
    </p>
   </div>
   <div class='ocr_carea' id='block_1_2' title="bbox 441 531 1908 2673">
    <p class='ocr_par' dir='ltr' id='par_1_2' title="bbox 441 531 1902 678">
     <span class='ocr_line' id='line_1_2' title="bbox 441 531 1902 678; baseline -0.003 -32"><span class='ocrx_word' id='word_1_7' title='bbox 441 578 668 661; x_wconf 90' lang='lat' dir='ltr'>scentem,</span> <span class='ocrx_word' id='word_1_8' title='bbox 706 548 828 669; x_wconf 87' lang='lat' dir='ltr'>cujus</span> <span class='ocrx_word' id='word_1_9' title='bbox 862 535 998 638; x_wconf 86' lang='lat' dir='ltr'>fidem</span> <span class='ocrx_word' id='word_1_10' title='bbox 1033 536 1356 677; x_wconf 81' lang='lat' dir='ltr'>consiliumque</span> <span class='ocrx_word' id='word_1_11' title='bbox 1389 531 1606 678; x_wconf 79' lang='lat' dir='ltr'>probabat</span> <span class='ocrx_word' id='word_1_12' title='bbox 1638 611 1655 656; x_wconf 89' lang='lat'>‚</span> <span class='ocrx_word' id='word_1_13' title='bbox 1688 557 1805 645; x_wconf 78' lang='lat' dir='ltr'>cum.</span> <span class='ocrx_word' id='word_1_14' title='bbox 1826 539 1902 642; x_wconf 89' lang='lat' dir='ltr'>lit-</span> 
     </span>
    </p>

    <p class='ocr_par' dir='ltr' id='par_1_3' title="bbox 441 671 1908 2673">
     <span class='ocr_line' id='line_1_3' title="bbox 441 671 1902 822; baseline -0.001 -33"><span class='ocrx_word' id='word_1_15' title='bbox 441 689 537 791; x_wconf 85' lang='lat' dir='ltr'>teris</span> <span class='ocrx_word' id='word_1_16' title='bbox 574 720 616 786; x_wconf 91' lang='lat' dir='ltr'>et</span> <span class='ocrx_word' id='word_1_17' title='bbox 653 681 868 793; x_wconf 89' lang='lat' dir='ltr'>mandatis</span> <span class='ocrx_word' id='word_1_18' title='bbox 899 679 1063 780; x_wconf 64' lang='lat' dir='ltr'>mittit.¹</span> <span class='ocrx_word' id='word_1_19' title='bbox 1108 678 1214 778; x_wconf 84' lang='lat' dir='ltr'>Hie</span> <span class='ocrx_word' id='word_1_20' title='bbox 1233 683 1290 781; x_wconf 88' lang='lat' dir='ltr'>ad</span> <span class='ocrx_word' id='word_1_21' title='bbox 1327 681 1537 787; x_wconf 81' lang='lat' dir='ltr'>Carolum</span> <span class='ocrx_word' id='word_1_22' title='bbox 1569 671 1804 822; x_wconf 88' lang='lat' dir='ltr'>primum,</span> <span class='ocrx_word' id='word_1_23' title='bbox 1837 683 1902 786; x_wconf 90' lang='lat' dir='ltr'>uti</span> 
     </span>
     <span class='ocr_line' id='line_1_4' title="bbox 442 820 1899 967; baseline -0.003 -37"><span class='ocrx_word' id='word_1_24' title='bbox 442 865 531 930; x_wconf 93' lang='lat' dir='ltr'>erat</span> <span class='ocrx_word' id='word_1_25' title='bbox 564 829 875 967; x_wconf 88' lang='lat' dir='ltr'>imperatum,</span> <span class='ocrx_word' id='word_1_26' title='bbox 919 820 1079 922; x_wconf 90' lang='lat' dir='ltr'>deinde</span> <span class='ocrx_word' id='word_1_27' title='bbox 1109 821 1166 920; x_wconf 87' lang='lat' dir='ltr'>ab</span> <span class='ocrx_word' id='word_1_28' title='bbox 1201 862 1256 922; x_wconf 90' lang='lat' dir='ltr'>eo</span> <span class='ocrx_word' id='word_1_29' title='bbox 1295 822 1448 942; x_wconf 83' lang='lat' dir='ltr'>litteris</span> <span class='ocrx_word' id='word_1_30' title='bbox 1487 858 1531 923; x_wconf 93' lang='lat' dir='ltr'>et</span> <span class='ocrx_word' id='word_1_31' title='bbox 1571 825 1793 955; x_wconf 87' lang='lat' dir='ltr'>mandatis</span> <span class='ocrx_word' id='word_1_32' title='bbox 1829 866 1899 927; x_wconf 88' lang='lat' dir='ltr'>ac·</span> 
     </span>
     <span class='ocr_line' id='line_1_5' title="bbox 442 963 1905 1116; baseline -0.001 -43"><span class='ocrx_word' id='word_1_33' title='bbox 442 972 575 1116; x_wconf 87' lang='lat' dir='ltr'>ceptis</span> <span class='ocrx_word' id='word_1_34' title='bbox 615 969 814 1071; x_wconf 88' lang='lat' dir='ltr'>dimissus</span> <span class='ocrx_word' id='word_1_35' title='bbox 854 965 1060 1071; x_wconf 90' lang='lat' dir='ltr'>Venetias</span> <span class='ocrx_word' id='word_1_36' title='bbox 1094 963 1254 1086; x_wconf 86' lang='lat' dir='ltr'>venit,</span> <span class='ocrx_word' id='word_1_37' title='bbox 1286 1001 1330 1066; x_wconf 93' lang='lat' dir='ltr'>et</span> <span class='ocrx_word' id='word_1_38' title='bbox 1367 964 1564 1108; x_wconf 87' lang='lat' dir='ltr'>exposita</span> <span class='ocrx_word' id='word_1_39' title='bbox 1607 967 1665 1066; x_wconf 91' lang='lat' dir='ltr'>ad</span> <span class='ocrx_word' id='word_1_40' title='bbox 1701 980 1905 1071; x_wconf 88' lang='lat' dir='ltr'>Senatum</span> 
     </span>
     <span class='ocr_line' id='line_1_6' title="bbox 444 1106 1906 1248; baseline -0.003 -34"><span class='ocrx_word' id='word_1_41' title='bbox 444 1117 499 1214; x_wconf 89' lang='lat' dir='ltr'>de</span> <span class='ocrx_word' id='word_1_42' title='bbox 535 1110 662 1214; x_wconf 93' lang='lat' dir='ltr'>rebus</span> <span class='ocrx_word' id='word_1_43' title='bbox 698 1106 1009 1212; x_wconf 89' lang='lat' dir='ltr'>communibus</span> <span class='ocrx_word' id='word_1_44' title='bbox 1034 1108 1253 1247; x_wconf 83' lang='lat' dir='ltr'>legatione</span> <span class='ocrx_word' id='word_1_45' title='bbox 1270 1147 1398 1248; x_wconf 89' lang='lat' dir='ltr'>,per-</span> <span class='ocrx_word' id='word_1_46' title='bbox 1430 1108 1659 1211; x_wconf 74' lang='lat' dir='ltr'>Patauium</span> <span class='ocrx_word' id='word_1_47' title='bbox 1696 1144 1743 1208; x_wconf 90' lang='lat' dir='ltr'>et</span> <span class='ocrx_word' id='word_1_48' title='bbox 1774 1120 1906 1210; x_wconf 90' lang='lat' dir='ltr'>Man-</span> 
     </span>
     <span class='ocr_line' id='line_1_7' title="bbox 444 1246 1906 1394; baseline -0.003 -36"><span class='ocrx_word' id='word_1_49' title='bbox 444 1295 567 1383; x_wconf 84' lang='lat' dir='ltr'>tuam</span> <span class='ocrx_word' id='word_1_50' title='bbox 595 1333 611 1376; x_wconf 96' lang='lat'>,</span> <span class='ocrx_word' id='word_1_51' title='bbox 644 1254 722 1356; x_wconf 89' lang='lat' dir='ltr'>ubi</span> <span class='ocrx_word' id='word_1_52' title='bbox 750 1330 752 1335; x_wconf 83' lang='lat'><em>-</em></span> <span class='ocrx_word' id='word_1_53' title='bbox 783 1246 944 1358; x_wconf 82' lang='lat' dir='ltr'>litteras</span> <span class='ocrx_word' id='word_1_54' title='bbox 981 1293 1008 1351; x_wconf 92' lang='lat' dir='ltr'>a</span> <span class='ocrx_word' id='word_1_55' title='bbox 1060 1247 1267 1394; x_wconf 91' lang='lat' dir='ltr'>Philippo</span> <span class='ocrx_word' id='word_1_56' title='bbox 1305 1251 1423 1353; x_wconf 93' lang='lat' dir='ltr'>Duci</span> <span class='ocrx_word' id='word_1_57' title='bbox 1458 1285 1707 1392; x_wconf 74' lang='lat' dir='ltr'>patruoque</span> <span class='ocrx_word' id='word_1_58' title='bbox 1752 1253 1906 1353; x_wconf 55' lang='lat' dir='ltr'>Cardia</span> 
     </span>
     <span class='ocr_line' id='line_1_8' title="bbox 446 1392 1906 1536; baseline -0.003 -36"><span class='ocrx_word' id='word_1_59' title='bbox 446 1399 533 1500; x_wconf 91' lang='lat' dir='ltr'>nali</span> <span class='ocrx_word' id='word_1_60' title='bbox 574 1394 754 1496; x_wconf 88' lang='lat' dir='ltr'>obviarn</span> <span class='ocrx_word' id='word_1_61' title='bbox 782 1396 822 1496; x_wconf 89' lang='lat' dir='ltr'>ei</span> <span class='ocrx_word' id='word_1_62' title='bbox 859 1397 915 1495; x_wconf 88' lang='lat' dir='ltr'>ad</span> <span class='ocrx_word' id='word_1_63' title='bbox 945 1392 1065 1495; x_wconf 90' lang='lat' dir='ltr'>urbis</span> <span class='ocrx_word' id='word_1_64' title='bbox 1095 1429 1244 1533; x_wconf 90' lang='lat' dir='ltr'>portas</span> <span class='ocrx_word' id='word_1_65' title='bbox 1281 1393 1510 1536; x_wconf 83' lang='lat' dir='ltr'>progressis</span> <span class='ocrx_word' id='word_1_66' title='bbox 1547 1393 1774 1509; x_wconf 84' lang='lat' dir='ltr'>reddidit,</span> <span class='ocrx_word' id='word_1_67' title='bbox 1808 1404 1906 1496; x_wconf 89' lang='lat' dir='ltr'>Me-</span> 
     </span>
     <span class='ocr_line' id='line_1_9' title="bbox 447 1531 1906 1677; baseline -0.001 -37"><span class='ocrx_word' id='word_1_68' title='bbox 447 1540 674 1640; x_wconf 89' lang='lat' dir='ltr'>diolanum</span> <span class='ocrx_word' id='word_1_69' title='bbox 723 1537 950 1645; x_wconf 68' lang='lat' dir='ltr'>&#39;ervenita</span> <span class='ocrx_word' id='word_1_70' title='bbox 990 1535 1062 1636; x_wconf 88' lang='lat' dir='ltr'>cui</span> <span class='ocrx_word' id='word_1_71' title='bbox 1100 1537 1326 1639; x_wconf 85' lang='lat' dir='ltr'>accedenti</span> <span class='ocrx_word' id='word_1_72' title='bbox 1393 1549 1568 1637; x_wconf 88' lang='lat' dir='ltr'>Senatus</span> <span class='ocrx_word' id='word_1_73' title='bbox 1617 1531 1906 1677; x_wconf 85' lang='lat' dir='ltr'>frequensque</span> 
     </span>
     <span class='ocr_line' id='line_1_10' title="bbox 448 1578 1905 1820; baseline -0.001 -38"><span class='ocrx_word' id='word_1_74' title='bbox 448 1681 651 1782; x_wconf 81' lang='lat' dir='ltr'>nobilitas</span> <span class='ocrx_word' id='word_1_75' title='bbox 684 1578 863 1780; x_wconf 71' lang='lat' dir='ltr'>ohviam</span> <span class='ocrx_word' id='word_1_76' title='bbox 899 1677 1104 1818; x_wconf 87' lang='lat' dir='ltr'>processit</span> <span class='ocrx_word' id='word_1_77' title='bbox 1126 1718 1139 1786; x_wconf 79' lang='lat'><em>3</em></span> <span class='ocrx_word' id='word_1_78' title='bbox 1163 1713 1451 1818; x_wconf 86' lang='lat' dir='ltr'>exceptusque</span> <span class='ocrx_word' id='word_1_79' title='bbox 1485 1717 1589 1778; x_wconf 90' lang='lat' dir='ltr'>cum</span> <span class='ocrx_word' id='word_1_80' title='bbox 1629 1717 1798 1820; x_wconf 89' lang='lat' dir='ltr'>magna</span> <span class='ocrx_word' id='word_1_81' title='bbox 1832 1720 1905 1819; x_wconf 85' lang='lat' dir='ltr'>po-</span> 
     </span>
     <span class='ocr_line' id='line_1_11' title="bbox 449 1818 1905 1965; baseline -0.001 -42"><span class='ocrx_word' id='word_1_82' title='bbox 449 1823 665 1965; x_wconf 88' lang='lat' dir='ltr'>pularium</span> <span class='ocrx_word' id='word_1_83' title='bbox 696 1820 1025 1963; x_wconf 75' lang='lat' dir='ltr'>gratulatione,</span> <span class='ocrx_word' id='word_1_84' title='bbox 1056 1818 1188 1918; x_wconf 85' lang='lat' dir='ltr'>urbis‘</span> <span class='ocrx_word' id='word_1_85' title='bbox 1207 1821 1402 1960; x_wconf 83' lang='lat' dir='ltr'>primurn</span> <span class='ocrx_word' id='word_1_86' title='bbox 1426 1841 1443 1943; x_wconf 77' lang='lat'>,&#39;</span> <span class='ocrx_word' id='word_1_87' title='bbox 1470 1820 1630 1921; x_wconf 90' lang='lat' dir='ltr'>deinde</span> <span class='ocrx_word' id='word_1_88' title='bbox 1667 1822 1776 1920; x_wconf 91' lang='lat' dir='ltr'>arcis</span> <span class='ocrx_word' id='word_1_89' title='bbox 1805 1859 1905 1921; x_wconf 82' lang='lat' dir='ltr'>con·</span> 
     </span>
     <span class='ocr_line' id='line_1_12' title="bbox 449 1960 1902 2104; baseline 0 -40"><span class='ocrx_word' id='word_1_90' title='bbox 449 2001 565 2067; x_wconf 88' lang='lat' dir='ltr'>sueta</span> <span class='ocrx_word' id='word_1_91' title='bbox 601 1961 864 2065; x_wconf 78' lang='lat' dir='ltr'>&#39;caerimonia</span> <span class='ocrx_word' id='word_1_92' title='bbox 901 2000 984 2101; x_wconf 89' lang='lat' dir='ltr'>pro</span> <span class='ocrx_word' id='word_1_93' title='bbox 1023 1960 1230 2102; x_wconf 88' lang='lat' dir='ltr'>Philippo</span> <span class='ocrx_word' id='word_1_94' title='bbox 1289 1963 1604 2103; x_wconf 89' lang='lat' dir='ltr'>possessionem</span> <span class='ocrx_word' id='word_1_95' title='bbox 1664 1961 1902 2104; x_wconf 86' lang='lat' dir='ltr'>apprehen·</span> 
     </span>
     <span class='ocr_line' id='line_1_13' title="bbox 450 2103 1904 2246; baseline -0.004 -36"><span class='ocrx_word' id='word_1_96' title='bbox 450 2110 517 2210; x_wconf 89' lang='lat' dir='ltr'>dit</span> <span class='ocrx_word' id='word_1_97' title='bbox 535 2185 550 2229; x_wconf 97' lang='lat'>,</span> <span class='ocrx_word' id='word_1_98' title='bbox 570 2109 674 2207; x_wconf 89' lang='lat' dir='ltr'>dato</span> <span class='ocrx_word' id='word_1_99' title='bbox 713 2116 1115 2245; x_wconf 77' lang='lat' dir='ltr'>per&#39;Senatoreset</span> <span class='ocrx_word' id='word_1_100' title='bbox 1150 2103 1434 2246; x_wconf 82' lang='lat' dir='ltr'>Magistratus</span> <span class='ocrx_word' id='word_1_101' title='bbox 1460 2108 1773 2239; x_wconf 89' lang='lat' dir='ltr'>jurejurando,</span> <span class='ocrx_word' id='word_1_102' title='bbox 1805 2106 1904 2205; x_wconf 88' lang='lat' dir='ltr'>civi·</span> 
     </span>
     <span class='ocr_line' id='line_1_14' title="bbox 450 2242 1904 2389; baseline -0.002 -38"><span class='ocrx_word' id='word_1_103' title='bbox 450 2286 586 2366; x_wconf 85' lang='lat' dir='ltr'>tatem</span> <span class='ocrx_word' id='word_1_104' title='bbox 619 2251 667 2349; x_wconf 90' lang='lat' dir='ltr'>in</span> <span class='ocrx_word' id='word_1_105' title='bbox 709 2247 793 2347; x_wconf 90' lang='lat' dir='ltr'>fide</span> <span class='ocrx_word' id='word_1_106' title='bbox 810 2245 817 2354; x_wconf 14' lang='lat'>&#39;⁴</span> <span class='ocrx_word' id='word_1_107' title='bbox 831 2244 1023 2385; x_wconf 84' lang='lat' dir='ltr'>Philippi</span> <span class='ocrx_word' id='word_1_108' title='bbox 1060 2281 1104 2345; x_wconf 91' lang='lat' dir='ltr'>et</span> <span class='ocrx_word' id='word_1_109' title='bbox 1151 2242 1302 2346; x_wconf 86' lang='lat' dir='ltr'>officio</span> <span class='ocrx_word' id='word_1_110' title='bbox 1343 2286 1668 2389; x_wconf 85' lang='lat' dir='ltr'>permansuram</span> <span class='ocrx_word' id='word_1_111' title='bbox 1709 2287 1828 2366; x_wconf 90' lang='lat' dir='ltr'>esse,</span> <span class='ocrx_word' id='word_1_112' title='bbox 1865 2288 1904 2348; x_wconf 86' lang='lat' dir='ltr'>e·</span> 
     </span>
     <span class='ocr_line' id='line_1_15' title="bbox 452 2383 1907 2533; baseline -0.002 -42"><span class='ocrx_word' id='word_1_113' title='bbox 452 2389 605 2533; x_wconf 85' lang='lat' dir='ltr'>jusque</span> <span class='ocrx_word' id='word_1_114' title='bbox 634 2391 696 2488; x_wconf 89' lang='lat' dir='ltr'>im</span> <span class='ocrx_word' id='word_1_115' title='bbox 730 2426 861 2495; x_wconf 81' lang='lat' dir='ltr'>erata</span> <span class='ocrx_word' id='word_1_116' title='bbox 880 2387 1134 2495; x_wconf 81' lang='lat' dir='ltr'>obedienter</span> <span class='ocrx_word' id='word_1_117' title='bbox 1170 2383 1384 2497; x_wconf 84' lang='lat' dir='ltr'>facturam</span> <span class='ocrx_word' id='word_1_118' title='bbox 1423 2429 1450 2498; x_wconf 76' lang='lat'>·‚.</span> <span class='ocrx_word' id='word_1_119' title='bbox 1476 2425 1748 2529; x_wconf 89' lang='lat' dir='ltr'>acceptoque</span> <span class='ocrx_word' id='word_1_120' title='bbox 1783 2389 1907 2489; x_wconf 88' lang='lat' dir='ltr'>vicis-</span> 
     </span>
     <span class='ocr_line' id='line_1_16' title="bbox 456 2429 1908 2673; baseline -0.003 -41"><span class='ocrx_word' id='word_1_121' title='bbox 456 2535 579 2647; x_wconf 89' lang='lat' dir='ltr'>sim,</span> <span class='ocrx_word' id='word_1_122' title='bbox 615 2429 885 2671; x_wconf 88' lang='lat' dir='ltr'>Philippum</span> <span class='ocrx_word' id='word_1_123' title='bbox 907 2529 1021 2671; x_wconf 91' lang='lat' dir='ltr'>leges</span> <span class='ocrx_word' id='word_1_124' title='bbox 1050 2605 1066 2649; x_wconf 90' lang='lat'>,</span> <span class='ocrx_word' id='word_1_125' title='bbox 1102 2529 1331 2673; x_wconf 88' lang='lat' dir='ltr'>privilegia</span> <span class='ocrx_word' id='word_1_126' title='bbox 1367 2567 1412 2632; x_wconf 89' lang='lat' dir='ltr'>et</span> <span class='ocrx_word' id='word_1_127' title='bbox 1443 2534 1770 2634; x_wconf 88' lang='lat' dir='ltr'>consuetudines</span> <span class='ocrx_word' id='word_1_128' title='bbox 1803 2540 1908 2629; x_wconf 87' lang='lat' dir='ltr'>Me-</span> 
     </span>
    </p>
   </div>
   <div class='ocr_carea' id='block_1_3' title="bbox 453 2672 1903 2956">
    <p class='ocr_par' dir='ltr' id='par_1_4' title="bbox 453 2672 1912 2956">
     <span class='ocr_line' id='line_1_17' title="bbox 453 2672 1903 2814; baseline -0.003 -39"><span class='ocrx_word' id='word_1_129' title='bbox 453 2676 717 2776; x_wconf 89' lang='lat' dir='ltr'>diolanenses</span> <span class='ocrx_word' id='word_1_130' title='bbox 751 2690 906 2771; x_wconf 83' lang='lat' dir='ltr'>sancte</span> <span class='ocrx_word' id='word_1_131' title='bbox 949 2710 1305 2773; x_wconf 89' lang='lat' dir='ltr'>conservaturum</span> <span class='ocrx_word' id='word_1_132' title='bbox 1348 2675 1518 2814; x_wconf 81' lang='lat' dir='ltr'>3quod</span> <span class='ocrx_word' id='word_1_133' title='bbox 1572 2677 1735 2774; x_wconf 90' lang='lat' dir='ltr'>eodem</span> <span class='ocrx_word' id='word_1_134' title='bbox 1768 2672 1903 2772; x_wconf 90' lang='lat' dir='ltr'>modo</span> 
     </span>
     <span class='ocr_line' id='line_1_18' title="bbox 453 2813 1901 2956; baseline -0.003 -38"><span class='ocrx_word' id='word_1_135' title='bbox 453 2857 557 2918; x_wconf 91' lang='lat' dir='ltr'>cum</span> <span class='ocrx_word' id='word_1_136' title='bbox 593 2815 745 2917; x_wconf 90' lang='lat' dir='ltr'>ceteris</span> <span class='ocrx_word' id='word_1_137' title='bbox 780 2813 1122 2917; x_wconf 88' lang='lat' dir='ltr'>Mediolanensis</span> <span class='ocrx_word' id='word_1_138' title='bbox 1157 2816 1335 2920; x_wconf 93' lang='lat' dir='ltr'>ditionis</span> <span class='ocrx_word' id='word_1_139' title='bbox 1373 2813 1624 2917; x_wconf 87' lang='lat' dir='ltr'>civitatibus</span> <span class='ocrx_word' id='word_1_140' title='bbox 1666 2855 1745 2956; x_wconf 92' lang='lat' dir='ltr'>per</span> <span class='ocrx_word' id='word_1_141' title='bbox 1791 2815 1901 2954; x_wconf 86' lang='lat' dir='ltr'>ipsa-</span> 
     </span>
    </p>
   </div>
   <div class='ocr_carea' id='block_1_4' title="bbox 364 2957 1913 3526">
    <p class='ocr_par' dir='ltr' id='par_1_5' title="bbox 364 2957 1913 3526">
     <span class='ocr_line' id='line_1_19' title="bbox 364 2957 1906 3097; baseline -0.005 -37"><span class='ocrx_word' id='word_1_142' title='bbox 364 2995 365 2998; x_wconf 66' lang='lat'>‘</span> <span class='ocrx_word' id='word_1_143' title='bbox 448 2998 553 3060; x_wconf 81' lang='lat' dir='ltr'>rum</span> <span class='ocrx_word' id='word_1_144' title='bbox 579 2958 776 3097; x_wconf 91' lang='lat' dir='ltr'>legatos,</span> <span class='ocrx_word' id='word_1_145' title='bbox 802 2957 879 3096; x_wconf 91' lang='lat' dir='ltr'>qui</span> <span class='ocrx_word' id='word_1_146' title='bbox 910 2957 1038 3086; x_wconf 88' lang='lat' dir='ltr'>hujus</span> <span class='ocrx_word' id='word_1_147' title='bbox 1076 2957 1139 3056; x_wconf 92' lang='lat' dir='ltr'>rei</span> <span class='ocrx_word' id='word_1_148' title='bbox 1155 2978 1296 3059; x_wconf 30' lang='lat' dir='ltr'>&#39;causa&#39;</span> <span class='ocrx_word' id='word_1_149' title='bbox 1325 2959 1635 3059; x_wconf 88' lang='lat' dir='ltr'>Mediolanum</span> <span class='ocrx_word' id='word_1_150' title='bbox 1671 2993 1906 3074; x_wconf 88' lang='lat' dir='ltr'>venerant,</span> 
     </span>
     <span class='ocr_line' id='line_1_20' title="bbox 455 3094 1905 3242; baseline -0.001 -43"><span class='ocrx_word' id='word_1_151' title='bbox 455 3094 623 3206; x_wconf 86' lang='lat' dir='ltr'>factum</span> <span class='ocrx_word' id='word_1_152' title='bbox 654 3135 760 3217; x_wconf 92' lang='lat' dir='ltr'>est,</span> <span class='ocrx_word' id='word_1_153' title='bbox 792 3136 895 3197; x_wconf 91' lang='lat' dir='ltr'>cum</span> <span class='ocrx_word' id='word_1_154' title='bbox 931 3106 1024 3229; x_wconf 90' lang='lat' dir='ltr'>jam</span> <span class='ocrx_word' id='word_1_155' title='bbox 1059 3099 1344 3240; x_wconf 85' lang='lat' dir='ltr'>Neapolitani</span> <span class='ocrx_word' id='word_1_156' title='bbox 1391 3102 1538 3242; x_wconf 86' lang='lat' dir='ltr'>Regni</span> <span class='ocrx_word' id='word_1_157' title='bbox 1594 3099 1905 3240; x_wconf 90' lang='lat' dir='ltr'>possessionem</span> 
     </span>
     <span class='ocr_line' id='line_1_21' title="bbox 455 3239 1910 3381; baseline -0.004 -37"><span class='ocrx_word' id='word_1_158' title='bbox 455 3239 679 3381; x_wconf 88' lang='lat' dir='ltr'>Philippus</span> <span class='ocrx_word' id='word_1_159' title='bbox 711 3241 871 3341; x_wconf 89' lang='lat' dir='ltr'>eodem</span> <span class='ocrx_word' id='word_1_160' title='bbox 898 3241 1036 3339; x_wconf 90' lang='lat' dir='ltr'>modo</span> <span class='ocrx_word' id='word_1_161' title='bbox 1058 3279 1135 3380; x_wconf 91' lang='lat' dir='ltr'>per</span> <span class='ocrx_word' id='word_1_162' title='bbox 1165 3241 1472 3342; x_wconf 89' lang='lat' dir='ltr'>Marchionem</span> <span class='ocrx_word' id='word_1_163' title='bbox 1509 3243 1715 3344; x_wconf 85' lang='lat' dir='ltr'>Piscariae</span> <span class='ocrx_word' id='word_1_164' title='bbox 1750 3245 1803 3342; x_wconf 91' lang='lat' dir='ltr'>in</span> <span class='ocrx_word' id='word_1_165' title='bbox 1835 3252 1910 3339; x_wconf 86' lang='lat' dir='ltr'>lra-</span> 
     </span>
     <span class='ocr_line' id='line_1_22' title="bbox 457 3381 1913 3526; baseline 0 -44"><span class='ocrx_word' id='word_1_166' title='bbox 457 3382 563 3483; x_wconf 90' lang='lat' dir='ltr'>liam</span> <span class='ocrx_word' id='word_1_167' title='bbox 602 3421 705 3481; x_wconf 89' lang='lat' dir='ltr'>curn</span> <span class='ocrx_word' id='word_1_168' title='bbox 738 3382 949 3480; x_wconf 89' lang='lat' dir='ltr'>mandatis</span> <span class='ocrx_word' id='word_1_169' title='bbox 976 3381 1169 3483; x_wconf 18' lang='lat' dir='ltr'>[missum</span> <span class='ocrx_word' id='word_1_170' title='bbox 1206 3383 1604 3526; x_wconf 86' lang='lat' dir='ltr'>apprehendisset,</span> <span class='ocrx_word' id='word_1_171' title='bbox 1638 3422 1682 3484; x_wconf 95' lang='lat' dir='ltr'>et</span> <span class='ocrx_word' id='word_1_172' title='bbox 1723 3385 1913 3524; x_wconf 84' lang='lat' dir='ltr'>diploma</span> 
     </span>
    </p>
   </div>
   <div class='ocr_carea' id='block_1_5' title="bbox 326 3523 1915 3808">
    <p class='ocr_par' dir='ltr' id='par_1_6' title="bbox 326 3523 1915 3808">
     <span class='ocr_line' id='line_1_23' title="bbox 326 3523 1915 3659; baseline 0 -33"><span class='ocrx_word' id='word_1_173' title='bbox 326 3630 328 3634; x_wconf 77' lang='lat'><em>.</em></span> <span class='ocrx_word' id='word_1_174' title='bbox 458 3523 677 3627; x_wconf 89' lang='lat' dir='ltr'>clientelae</span> <span class='ocrx_word' id='word_1_175' title='bbox 708 3566 735 3625; x_wconf 88' lang='lat' dir='ltr'>a</span> <span class='ocrx_word' id='word_1_176' title='bbox 768 3523 893 3659; x_wconf 89' lang='lat' dir='ltr'>Julio</span> <span class='ocrx_word' id='word_1_177' title='bbox 929 3534 996 3622; x_wconf 90' lang='lat'><em>111.</em></span> <span class='ocrx_word' id='word_1_178' title='bbox 1054 3525 1267 3659; x_wconf 89' lang='lat' dir='ltr'>Pontifice</span> <span class='ocrx_word' id='word_1_179' title='bbox 1298 3527 1502 3629; x_wconf 84' lang='lat' dir='ltr'>Maximo</span> <span class='ocrx_word' id='word_1_180' title='bbox 1536 3567 1659 3629; x_wconf 89' lang='lat' dir='ltr'>more</span> <span class='ocrx_word' id='word_1_181' title='bbox 1696 3564 1915 3630; x_wconf 88' lang='lat' dir='ltr'>novorum</span> 
     </span>
     <span class='ocr_line' id='line_1_24' title="bbox 458 3666 1384 3808; baseline 0.003 -41"><span class='ocrx_word' id='word_1_182' title='bbox 458 3675 635 3808; x_wconf 89' lang='lat' dir='ltr'>Regum</span> <span class='ocrx_word' id='word_1_183' title='bbox 664 3667 1064 3806; x_wconf 87' lang='lat' dir='ltr'>Neapolitanorum</span> <span class='ocrx_word' id='word_1_184' title='bbox 1092 3666 1384 3808; x_wconf 85' lang='lat' dir='ltr'>impetrasset.</span> 
     </span>
    </p>
   </div>
   <div class='ocr_carea' id='block_1_6' title="bbox 460 3809 1932 4923">
    <p class='ocr_par' dir='ltr' id='par_1_7' title="bbox 460 3809 1932 4923">
     <span class='ocr_line' id='line_1_25' title="bbox 469 3809 1916 3950; baseline -0.001 -37"><span class='ocrx_word' id='word_1_185' title='bbox 469 3899 476 3913; x_wconf 86' lang='grc'><strong><em>,</em></strong></span> <span class='ocrx_word' id='word_1_186' title='bbox 516 3815 746 3937; x_wconf 87' lang='lat' dir='ltr'>XXXVII.</span> <span class='ocrx_word' id='word_1_187' title='bbox 811 3819 977 3911; x_wconf 86' lang='lat' dir='ltr'>Interea</span> <span class='ocrx_word' id='word_1_188' title='bbox 1013 3822 1187 3914; x_wconf 88' lang='lat' dir='ltr'>Rornae</span> <span class='ocrx_word' id='word_1_189' title='bbox 1226 3811 1369 3950; x_wconf 89' lang='lat' dir='ltr'>Julius</span> <span class='ocrx_word' id='word_1_190' title='bbox 1406 3821 1475 3912; x_wconf 88' lang='lat'><em>111.</em></span> <span class='ocrx_word' id='word_1_191' title='bbox 1524 3809 1730 3915; x_wconf 82' lang='lat' dir='ltr'>Pontifex</span> <span class='ocrx_word' id='word_1_192' title='bbox 1776 3809 1916 3912; x_wconf 84' lang='lat' dir='ltr'>Mari-</span> 
     </span>
     <span class='ocr_line' id='line_1_26' title="bbox 460 3949 1916 4091; baseline 0.002 -41"><span class='ocrx_word' id='word_1_193' title='bbox 460 3966 555 4050; x_wconf 90' lang='lat' dir='ltr'>mus</span> <span class='ocrx_word' id='word_1_194' title='bbox 617 3949 1002 4091; x_wconf 89' lang='lat' dir='ltr'>Cardinaliumque</span> <span class='ocrx_word' id='word_1_195' title='bbox 1051 3964 1225 4070; x_wconf 85' lang='lat' dir='ltr'>Senatus</span> <span class='ocrx_word' id='word_1_196' title='bbox 1264 4032 1280 4075; x_wconf 89' lang='lat'>,</span> <span class='ocrx_word' id='word_1_197' title='bbox 1318 3955 1375 4054; x_wconf 90' lang='lat' dir='ltr'>ad</span> <span class='ocrx_word' id='word_1_198' title='bbox 1427 3955 1633 4056; x_wconf 89' lang='lat' dir='ltr'>nuntium</span> <span class='ocrx_word' id='word_1_199' title='bbox 1688 3957 1916 4056; x_wconf 87' lang='lat' dir='ltr'>matrimo-</span> 
     </span>
     <span class='ocr_line' id='line_1_27' title="bbox 462 4088 1917 4239; baseline 0.001 -47"><span class='ocrx_word' id='word_1_200' title='bbox 462 4092 525 4203; x_wconf 89' lang='lat' dir='ltr'>nii</span> <span class='ocrx_word' id='word_1_201' title='bbox 563 4088 754 4231; x_wconf 90' lang='lat' dir='ltr'>Philippi</span> <span class='ocrx_word' id='word_1_202' title='bbox 793 4131 896 4191; x_wconf 87' lang='lat' dir='ltr'>cunt</span> <span class='ocrx_word' id='word_1_203' title='bbox 929 4094 1101 4235; x_wconf 85' lang='lat' dir='ltr'>Regina</span> <span class='ocrx_word' id='word_1_204' title='bbox 1134 4097 1344 4198; x_wconf 88' lang='lat' dir='ltr'>contracti</span> <span class='ocrx_word' id='word_1_205' title='bbox 1379 4096 1496 4199; x_wconf 87' lang='lat' dir='ltr'>laetis</span> <span class='ocrx_word' id='word_1_206' title='bbox 1536 4098 1776 4239; x_wconf 86' lang='lat' dir='ltr'>erectisque</span> <span class='ocrx_word' id='word_1_207' title='bbox 1827 4094 1917 4194; x_wconf 87' lang='lat' dir='ltr'>ani·</span> 
     </span>
     <span class='ocr_line' id='line_1_28' title="bbox 461 4234 1920 4382; baseline 0.001 -50"><span class='ocrx_word' id='word_1_208' title='bbox 461 4234 574 4353; x_wconf 89' lang='lat' dir='ltr'>mis,</span> <span class='ocrx_word' id='word_1_209' title='bbox 599 4234 782 4334; x_wconf 90' lang='lat' dir='ltr'>consilia</span> <span class='ocrx_word' id='word_1_210' title='bbox 816 4235 1137 4337; x_wconf 88' lang='lat' dir='ltr'>communicare</span> <span class='ocrx_word' id='word_1_211' title='bbox 1193 4277 1462 4380; x_wconf 90' lang='lat' dir='ltr'>coeperunt,</span> <span class='ocrx_word' id='word_1_212' title='bbox 1504 4241 1631 4382; x_wconf 91' lang='lat' dir='ltr'>siqua</span> <span class='ocrx_word' id='word_1_213' title='bbox 1669 4242 1784 4342; x_wconf 90' lang='lat' dir='ltr'>ratio</span> <span class='ocrx_word' id='word_1_214' title='bbox 1818 4234 1920 4335; x_wconf 91' lang='lat' dir='ltr'>iniri</span> 
     </span>
     <span class='ocr_line' id='line_1_29' title="bbox 461 4373 1922 4527; baseline 0.003 -53"><span class='ocrx_word' id='word_1_215' title='bbox 461 4411 636 4514; x_wconf 88' lang='lat' dir='ltr'>posset,</span> <span class='ocrx_word' id='word_1_216' title='bbox 665 4373 932 4476; x_wconf 89' lang='lat' dir='ltr'>Britanniam</span> <span class='ocrx_word' id='word_1_217' title='bbox 972 4415 1048 4518; x_wconf 94' lang='lat' dir='ltr'>per</span> <span class='ocrx_word' id='word_1_218' title='bbox 1092 4378 1398 4523; x_wconf 91' lang='lat' dir='ltr'>religiosorum</span> <span class='ocrx_word' id='word_1_219' title='bbox 1436 4381 1692 4527; x_wconf 89' lang='lat' dir='ltr'>Principum</span> <span class='ocrx_word' id='word_1_220' title='bbox 1726 4379 1922 4482; x_wconf 87' lang='lat' dir='ltr'>occasio-</span> 
     </span>
     <span class='ocr_line' id='line_1_30' title="bbox 462 4519 1923 4661; baseline 0.004 -47"><span class='ocrx_word' id='word_1_221' title='bbox 462 4552 567 4617; x_wconf 90' lang='lat' dir='ltr'>nem</span> <span class='ocrx_word' id='word_1_222' title='bbox 618 4519 673 4661; x_wconf 86' lang='lat' dir='ltr'>ad</span> <span class='ocrx_word' id='word_1_223' title='bbox 699 4520 927 4621; x_wconf 86' lang='lat' dir='ltr'>sanitatem</span> <span class='ocrx_word' id='word_1_224' title='bbox 966 4556 1009 4622; x_wconf 91' lang='lat' dir='ltr'>et</span> <span class='ocrx_word' id='word_1_225' title='bbox 1037 4522 1313 4626; x_wconf 86' lang='lat' dir='ltr'>Catholicam</span> <span class='ocrx_word' id='word_1_226' title='bbox 1343 4528 1493 4627; x_wconf 89' lang='lat' dir='ltr'>Fidem</span> <span class='ocrx_word' id='word_1_227' title='bbox 1532 4526 1805 4646; x_wconf 88' lang='lat' dir='ltr'>revocandi,</span> <span class='ocrx_word' id='word_1_228' title='bbox 1832 4533 1923 4623; x_wconf 87' lang='lat' dir='ltr'>Re-</span> 
     </span>
     <span class='ocr_line' id='line_1_31' title="bbox 464 4657 1925 4808; baseline 0.005 -49"><span class='ocrx_word' id='word_1_229' title='bbox 464 4657 646 4801; x_wconf 87' lang='lat' dir='ltr'>ginaldo</span> <span class='ocrx_word' id='word_1_230' title='bbox 678 4663 788 4762; x_wconf 92' lang='lat' dir='ltr'>Polo</span> <span class='ocrx_word' id='word_1_231' title='bbox 814 4663 1045 4767; x_wconf 86' lang='lat' dir='ltr'>Cardinale</span> <span class='ocrx_word' id='word_1_232' title='bbox 1082 4667 1361 4808; x_wconf 85' lang='lat' dir='ltr'>potissimum</span> <span class='ocrx_word' id='word_1_233' title='bbox 1395 4668 1658 4774; x_wconf 90' lang='lat' dir='ltr'>Pontificem</span> <span class='ocrx_word' id='word_1_234' title='bbox 1693 4667 1925 4770; x_wconf 85' lang='lat' dir='ltr'>adhortan-</span> 
     </span>
     <span class='ocr_line' id='line_1_32' title="bbox 1856 4843 1932 4923; baseline 0.013 -18"><span class='ocrx_word' id='word_1_235' title='bbox 1856 4843 1932 4923; x_wconf 89' lang='lat' dir='ltr'>te,</span> 
     </span>
    </p>
   </div>
   <div class='ocr_carea' id='block_1_7' title="bbox 0 0 2036 5850">
    <p class='ocr_par' dir='ltr' id='par_1_8' title="bbox 0 0 2036 5850">
     <span class='ocr_line' id='line_1_33' title="bbox 0 0 2036 5850; baseline 0 0"><span class='ocrx_word' id='word_1_236' title='bbox 0 0 2036 5850; x_wconf 95' lang='lat' dir='ltr'> </span> 
     </span>
    </p>
   </div>
  </div>
 </body>
</html>
