4192 5858
532 370 619 431 222
908 348 1001 447 DE,
1034 345 1236 427 REBUS
1283 345 1504 428 GESTIS

489 579 523 626 „
540 504 611 606 vel
646 498 895 605 honestiore
945 502 1112 603 ratione
1154 537 1230 606 aut
1286 500 1471 602 invento
1520 488 1840 622 factumest,
1876 497 1948 605 sed

484 648 788 768 „animorum
840 655 1167 790 corporumque
1204 643 1390 746 mollitia
1426 644 1651 786 quadam,
1687 678 1731 744 et
1766 641 1949 784 plurifa-

487 790 652 910 „riam
688 788 896 936 corrupta
932 789 1165 932 disciplina
1201 787 1409 890 militari.
1463 796 1586 890 Nam
1620 784 1825 930 operibus
1867 830 1947 891 nc-

482 1007 515 1054 „
533 932 717 1034 cessariis
755 971 798 1034 et
845 928 1082 1035 servilibus*
1125 932 1277 1072 magni
1329 931 1465 1034 etiam
1499 928 1665 1032 viriet
1700 929 1948 1068 honestissi-

485 1112 613 1197 „mo
668 1077 769 1176 loco
806 1077 896 1176 nati
946 1076 994 1178 i'n
1049 1075 1171 1177 bellis
1221 1114 1325 1176 curn
1360 1115 1434 1178 sua
1469 1074 1596 1174 laude
1645 1116 1772 1217 saepe
1806 1066 1949 1179 farneti

489 1293 521 1340 „
536 1255 674 1340 sunt,
708 1220 955 1319 necessitate
1004 1257 1264 1361 premente,
1300 1219 1371 1318 vel
1418 1216 1639 1359 republica
1690 1217 1941 1361 flagitante,

484 1435 516 1482 „
533 1400 647 1502 quae
683 1361 809 1462 domi
846 1399 889 1464 er
925 1397 1040 1463 extra
1057 1364 1354 1464 necessitatem
1379 1361 1603 1501 publicam
1632 1363 1807 1463 eosdem
1843 1360 1944 1462 sub·

483 1511 516 1622 „
531 1503 596 1604 ire
646 1504 942 1646 turpissimum
978 1541 1082 1608 esset
1115 1546 1128 1613 3
1164 1505 1319 1647 magni
1354 1505 1472 1604 enim
1506 1501 1633 1608 refert
1678 1506 1733 1605 ad
1769 1506 1945 1606 laudem

485 1646 797 1787 „sapientium
833 1649 1035 1783 judici0‚
1074 1658 1197 1780 cujus
1256 1646 1352 1750 finis
1387 1646 1528 1789 gratia
1578 1687 1708 1789 opera
1743 1688 1946 1789 quaeque

486 1827 728 1908 „sumatur
746 1853 768 1893 ,ι
812 1795 952 1914 Quod
990 1793 1026 1892 si
1061 1791 1212 1893 ceteris
1248 1790 1296 1891 in
1343 1788 1463 1893 bellis
1497 1790 1583 1891 viri
1619 1788 1749 1932 probi
1788 1829 1831 1892 et
1867 1828 1959 1931 ge2

483 2006 516 2051 „
532 1934 675 2033 nerosi
711 1935 881 2037 nullum
918 1934 1113 2069 laborem
1150 1972 1193 2036 et
1229 1934 1470 2073 periculum
1506 1971 1589 2074 pro
1624 1929 1741 2036 fama
1767 1968 1810 2034 ct
1848 1934 1945 2074 glo·

482 2073 591 2193 „ria
627 2113 859 2199 recusant,
896 2119 1041 2219 neque
1091 2119 1134 2178 sc
1184 2078 1424 2217 indignum
1474 2112 1631 2216 putant
1661 2116 1674 2186 3
1707 2074 1948 2219 quantuli

481 2286 516 2337 ,‚
534 2215 678 2316 minus
716 2248 921 2320 recusare
945 2219 1138 2340 debent,
1159 2219 1239 2361 qui
1276 2259 1441 2320 sacrum
1477 2217 1643 2322 bellum
1679 2255 1831 2321 contra
1865 2217 1941 2318 ho

481 2431 513 2475 ,‚
529 2390 610 2455 stes
645 2358 812 2460 Christi
848 2398 890 2462 et
928 2367 1007 2503 pro
1059 2397 1325 2463 sacrosancta
1377 2361 1591 2504 religione
1630 2365 1699 2504 pie
1739 2402 1942 2503 suscepe-

480 2534 661 2620 ,‚>runt,
698 2505 857 2643 quibus
892 2545 984 2606 non
1033 2505 1178 2608 solum
1228 2506 1317 2605 laus
1353 2541 1396 2605 ct
1432 2506 1575 2647 gloria
1624 2505 1682 2608 ab
1742 2505 1945 2607 homini-

482 2718 513 2761 ,‚
530 2637 642 2764 bus,
665 2647 738 2746 sed
775 2650 909 2748 etiam
944 2644 1124 2750 felicitas
1161 2647 1427 2788 sempiterna
1464 2690 1489 2748 a
1525 2663 1626 2750 Deo
1664 2647 1845 2752 Christo
1882 2649 1944 2748 la·

479 2779 687 2904 „borum
723 2824 765 2889 et
800 2793 1095 2932 periculorum
1132 2792 1379 2933 praemium
1415 2828 1476 2893 cst
1512 2793 1822 2935 propositum?
1870 2800 1951 2893 Pe·

480 2923 635 3044 „dites
669 2931 832 3070 igitur,
869 2937 994 3076 quod
1031 2940 1086 3038 dc
1122 2936 1345 3078 portandis
1395 2973 1501 3036 octo
1539 2939 1710 3037 dierum
1767 2934 1948 3036 cibariis

483 3064 791 3210 „imperatum
827 3113 921 3198 est,
957 3115 1007 3180 ur
1041 3077 1257 3199 Christ0‚
1292 3115 1336 3180 et
1370 3080 1533 3181 Carolo
1568 3079 1687 3222 Regi
1721 3115 1764 3180 ct
1800 3090 1954 3220 Impea

336 3274 342 3277 >
480 3216 659 3330 „ratori
694 3256 843 3320 nostro
880 3260 1007 3323 suum
1044 3220 1248 3325 officium
1282 3223 1518 3325 necessario
1561 3258 1761 3364 tempore
1812 3193 1950 3365 praetl

481 3429 512 3474 ,‚
528 3388 670 3478 stent,
708 3401 853 3502 aequo
889 3366 1041 3467 animo
1080 3361 1243 3467 facient
1270 3405 1282 3475 3
1313 3406 1394 3468 vos
1429 3401 1576 3468 autem
1592 3444 1608 3487 ,
1648 3366 1728 3468 filii
1763 3401 1809 3467 ct
1845 3404 1903 3507 pr
1933 3358 1938 3408 ‘¹

481 3570 514 3615 υ
532 3497 715 3641 pinqui,
736 3507 991 3649 amicique,
1013 3543 1056 3611 et
1091 3510 1223 3610 ceteri
1259 3509 1347 3610 viri
1382 3508 1599 3634 nobiles,
1632 3509 1752 3610 nulla
1790 3548 1871 3611 ver
1922 3580 1923 3586 Ν

482 3675 629 3758 „tum
664 3646 967 3753 adhortatione
1003 3654 1196 3797 indigere
1246 3689 1396 3795 puto,
1432 3693 1545 3796 quos
1596 3662 1817 3784 majorum
1856 3403 1935 3902 gl

480 3856 512 3901 „
527 3815 596 3882 tus
632 3789 730 3889 satis
778 3791 909 3896 debet
959 3796 1215 3918 adhortari,
1252 3837 1365 3939 quae
1429 3796 1478 3898 in
1530 3795 1690 3898 bellicis
1744 3795 1868 3936 peric

480 3999 512 4044 „
528 3960 571 4024 et
623 3929 844 4036 laboribus
895 3939 1054 4041 enituit
1094 4018 1111 4061 ,
1146 3980 1285 4084 eaque
1320 3941 1394 4044 via
1449 3974 1684 4085 grassantes
1742 3939 1843 4039 illos
1888 3970 1890 3974 ⁴

484 4143 514 4188 2>
530 4067 749 4208 gloriam,
783 4077 968 4182 honores
1024 4119 1154 4226 atque
1207 4124 1313 4226 opes
1360 4087 1527 4187 evexit.
1596 4090 1696 4185 Nec
1731 4121 1818 4183 eoo

488 4310 519 4353 „
535 4226 712 4350 verbis,
748 4227 859 4370 quid
903 4221 1043 4329 facere
1087 4226 1312 4351 debeatis,
1348 4228 1589 4349 edocebo,
1622 4228 1698 4328 sed
1751 4168 1840 4326 liet

491 4374 741 4513 „exemplo
778 4373 1005 4489 declarabo
1023 4451 1032 4473 .
1049 4389 1078 4434 “

556 4524 769 4615 XXXIX.
842 4526 966 4617 Haec
1001 4556 1103 4618 cum
1138 4510 1286 4618 fitisset
1336 4520 1506 4622 locutus
1541 4522 1740 4636 Comes,
1778 4553 1822 4613 sa

487 4648 671 4763 biscocti
705 4656 825 4801 panis
872 4699 990 4803 pone
1040 4661 1088 4764 in
1144 4700 1310 4802 equum
1345 4663 1510 4805 recepit
1542 4702 1552 4761 ε
1585 4661 1705 4763 idem
1741 4651 1838 4759 Alf
