3998 5850
511 469 596 560 430
877 457 958 539 nu
999 454 1211 536 nunus
1259 451 1484 536 custrs

462 613 580 716 tibus
618 608 770 713 diebus
806 620 1034 749 Joannem
1082 608 1342 711 Mauricum
1375 645 1476 706 cum
1521 601 1675 708 litteris
1716 643 1761 710 et
1804 645 1938 713 man·-

463 759 576 858 datis
613 759 668 857 ad
705 755 961 895 Philippum
998 751 1136 853 filium
1174 752 1376 851 miserat.
1422 763 1530 870 Quo
1576 752 1813 892 diligenter
1847 794 1931 893 pa-

462 935 585 1003 terna
616 909 726 1030 jussa
766 897 1126 1016 administrante,
1163 895 1356 994 militum
1396 893 1451 991 ad
1490 894 1688 1035 quinque
1732 896 1928 1002 millium

463 1079 617 1143 manus
656 1041 848 1144 celeriter
886 1035 1086 1140 confecta
1127 1074 1235 1156 est,
1272 1073 1315 1136 et
1354 1035 1573 1164 Malacam
1617 1038 1749 1138 missa
1791 1081 1802 1138 :
1843 1041 1932 1142 huc

465 1184 587 1284 enim
639 1186 830 1286 Andreas
879 1183 1019 1284 Dotia
1069 1179 1390 1322 quinquaginta
1445 1179 1678 1321 longarum
1741 1183 1932 1285 navium

454 1319 671 1447 classem,
690 1362 740 1425 ut
767 1364 857 1427 erat
893 1326 1157 1464 imperatum
1179 1365 1205 1424 a
1232 1323 1398 1422 Carolo
1419 1399 1433 1439 ‚
1454 1322 1752 1465 compulerat.
1804 1335 1935 1428 Prac-

377 1507 383 1519 ·
464 1505 580 1570 terea
613 1471 771 1612 signati
804 1471 967 1611 argenti
1002 1508 1162 1610 magna
1197 1465 1262 1565 vis
1301 1465 1539 1605 importata
1556 1545 1574 1596 ι,
1600 1506 1715 1607 quae
1751 1508 1934 1572 summa

461 1615 725 1714 ducatorum
760 1650 991 1712 aureorum
1024 1613 1163 1711 decies
1205 1644 1386 1707 centena
1419 1609 1555 1708 millia
1595 1610 1806 1719 valebat3
1847 1654 1933 1713 au-

411 1832 412 1836 *
464 1794 566 1855 rum
596 1756 714 1855 enim
742 1749 828 1857 fere
861 1794 995 1855 omne
1019 1752 1141 1854 bellis
1175 1751 1463 1890 superioribus
1493 1790 1786 1854 consumtum
1831 1751 1932 1855 fue·

322 1903 324 1910 ’
465 1932 531 1999 rat
568 1975 583 2018 ,
623 1933 665 1998 et
701 1898 747 1997 in
785 1899 951 1998 Italiam
996 1933 1038 1999 et
1074 1894 1354 1997 Germaniam
1403 1896 1549 1994 Caroli
1596 1897 1800 1998 Caesaris
1841 1938 1928 1999 vo·

464 2041 632 2141 luntatc
668 2042 714 2140 in
750 2042 1019 2181 stipendium
1056 2041 1240 2142 militare
1277 2116 1291 2157 ‚
1330 2038 1488 2177 partim
1541 2039 1674 2140 etiam
1717 2079 1932 2142 externo-

463 2223 565 2284 rum
600 2179 749 2284 fraude
790 2182 1043 2325 compendii
1098 2183 1236 2326 gratia
1272 2183 1320 2281 in
1360 2180 1546 2281 Galliam
1606 2184 1929 2323 deportatum3

465 2325 669 2428 exhausta
707 2327 867 2426 scilicet
904 2327 1155 2466 Hispania,
1190 2363 1326 2466 quam
1367 2363 1471 2423 auro
1500 2324 1743 2464 repleverat
1789 2368 1936 2430 novus

466 2500 678 2568 terrarum
713 2469 829 2570 orbis
869 2470 916 2568 in
953 2470 1170 2571 ditionem
1194 2470 1417 2568 redactus.

534 2621 730 2711 XXXV.
804 2609 988 2711 Sublatis
1022 2613 1078 2710 ad
1110 2611 1337 2711 Malacam⁴
1372 2607 1617 2729 militibus,
1644 2611 1928 2754 pecuniaque

463 2751 672 2894 imposita
710 2829 727 2877 ,
759 2755 895 2856 classis
933 2756 1079 2854 littora
1117 2754 1305 2894 legendo
1343 2755 1632 2853 Barcinonem
1684 2758 1928 2899 progredi·

462 2929 563 3015 tur,
606 2898 711 2996 inde
751 2937 795 2996 se
830 2899 878 2998 in
917 2900 1055 2999 altum
1093 2897 1260 3014 dedit,
1307 2930 1349 2994 et
1396 2898 1519 3036 gravi
1554 2935 1816 3038 tempestate
1852 2936 1930 3040 pet

465 3038 613 3140 sinum
652 3037 987 3140 Narbonensem
1025 3050 1176 3171 jactata
1215 3049 1419 3137 Genuam
1455 3041 1588 3178 paulo
1626 3077 1729 3180 post
1759 3043 1927 3143 Kalen-

462 3181 542 3279 das·
575 3180 712 3314 julias
749 3183 920 3320 appulit
955 3258 970 3301 ‚
1007 3220 1094 3320 qua
1131 3181 1258 3280 classe
1296 3180 1425 3281 multi
1465 3223 1519 3280 ex
1553 3184 1757 3322 Hispana
1799 3183 1927 3284 nobi·

462 3320 582 3422 litate
620 3324 865 3424 voluntarie
902 3364 1003 3425 cum
1037 3335 1162 3424 Duce
1198 3321 1371 3424 Albano
1408 3402 1423 3442 ,
1457 3325 1537 3464 qui
1585 3319 1723 3427 fuerat
1769 3369 1796 3428 a
1834 3341 1925 3428 Ca-

462 3467 562 3564 tolo
598 3466 865 3567 nominatim
922 3504 1172 3586 evocatus,
1214 3466 1505 3608 navigarunt.
1565 3476 1749 3568 Horum
1779 3463 1922 3577 ,fuere

463 3611 706 3708 Pernandus
746 3613 949 3711 Cardona
1000 3609 1318 3751 Neapolitanus
1356 3609 1625 3708 Almirantus
1663 3688 1677 3729 ,
1713 3613 1922 3712 Ludovi·

464 3789 539 3849 cus
563 3753 880 3892 Requesensius
906 3753 1108 3892 equitum
1131 3752 1274 3853 Sancti
1307 3751 1480 3887 Jacobi
1502 3794 1554 3851 ex
1577 3755 1761 3854 Castella
1791 3795 1919 3896 prae-

461 3889 640 4009 fectus3
674 3931 886 4036 praeterea
922 3896 1116 4033 Jacobus
1148 3893 1359 3994 Corduba
1384 3895 1659 3997 Comarensis
1694 3898 1926 3999 Marchio-

464 4036 529 4136 nis
567 4035 681 4135 filius
712 4038 848 4179 stirpis
878 4039 1091 4139 maximus
1126 4117 1141 4159 ,
1176 4037 1385 4137 Emanuel
1426 4037 1615 4138 Ponzius
1652 4049 1750 4138 Leo
1787 4041 1927 4142 Baile-

462 4180 512 4279 ni
554 4193 750 4315 Comes,
784 4222 889 4284 cum
949 4181 1119 4283 duobus
1171 4180 1269 4282 liliis
1306 4181 1527 4282 Rodetico
1563 4216 1606 4280 et
1647 4185 1929 4305 Emanuele‚

462 4319 672 4422 'Alfonsus
711 4320 966 4466 Aguilarius·
999 4326 1142 4425 Feriae
1191 4325 1384 4444 Comitis
1435 4358 1478 4422 et
1515 4323 1656 4464 Pricgi
1692 4325 1930 4425 Marchio·

464 4466 596 4563 nisae?
617 4465 764 4586 filius,
794 4468 1038 4570 Ludovicus
1079 4468 1312 4586 Quixada,
1347 4467 1589 4566 Fetnandus
1626 4478 1774 4569 Roxas
1800 4479 1930 4570 Mat·

464 4604 634 4707 chionis
669 4611 896 4711 Dianensis
932 4607 1074 4719 faters
1103 4612 1212 4711 item
1242 4620 1438 4749 ¹Joanncs
1473 4611 1700 4714 Mendoza
1736 4614 1925 4732 Rivera,

464 4750 708 4853 fernandus
747 4760 966 4896 Acugna,
999 4763 1193 4895 Joannes
1230 4755 1362 4856 Ulloa
1375 4831 1390 4876 ,
1426 4746 1632 4860 alfonsus
1666 4767 1890 4862 Fonscca.
1931 4894 1934 4901 ι

1091 4917 1096 4926 ’
1449 4923 1451 4932 ‘
1707 4925 1712 4933 ’
1836 4912 1926 5002 Co⁴
