4192 5858
449 427 698 510 ennom
740 427 793 508 V.
843 428 960 506 cru.
1002 426 1172 507 xxiv.
1410 441 1494 533 273

129 579 198 683 iae
249 619 598 725 nuncupantur,
637 584 685 684 in
720 580 965 692 Austtiam
997 579 1364 686 contendentibus
1419 575 1543 689 ulti-¹

129 774 169 847 a,
206 725 415 871 abestque
451 725 507 828 ab
544 734 743 869 Augusta
778 765 985 866 passuum
1020 726 1214 828 millibus
1251 729 1423 832 circiter
1457 774 1528 832 εε-ι

129 872 320 1013 taginta,
365 871 421 972 ab
457 871 726 1011 Ingolstadio
763 871 924 970 ultimo
960 871 1165 972 Bavatiae
1201 873 1372 1012 oppido
1411 917 1524 1016 qua·

129 1017 293 1157 aginta,
314 1018 432 1117 unde
468 1018 524 1114 ad
551 1015 925 1158 Agrippinensem
960 1015 1203 1115 Coloniam
1240 1018 1385 1116 omnis
1414 1031 1521 1122 Ger-

129 1159 206 1257 nia
242 1195 333 1259 etat
369 1158 654 1279 Lutberana,
690 1160 834 1299 paucis
872 1159 1047 1298 populis
1085 1195 1129 1257 et
1164 1159 1391 1302 Episcopis
1442 1205 1519 1266 ex·
1611 1211 1613 1216 ’

129 1301 228 1426 tis,
265 1304 345 1445 qui
380 1341 422 1405 et
441 1303 474 1402 i
508 1305 541 1404 si
576 1303 736 1404 timore
789 1303 971 1404 adducti
1025 1338 1327 1405 commeatum
1380 1303 1522 1412 hosti-

129 1485 267 1548 snon
316 1344 639 1590 denegabant:
676 1448 788 1590 quin
840 1448 976 1547 etiam
1012 1461 1115 1553 Dux
1152 1449 1352 1549 Bavariae
1389 1530 1404 1570 ,
1440 1454 1521 1594 qui
1568 1531 1572 1537 -

129 1629 260 1734 nctps
296 1591 431 1693 fidem
465 1589 741 1693 Catholicam
776 1587 1011 1712 tuebatur,
1048 1627 1141 1692 tam
1174 1629 1432 1695 cunctanter
1474 1634 1519 1698 et

129 1733 215 1834 tide
248 1776 335 1835 sese
371 1735 497 1836 initio
534 1732 744 1876 gerebat,
779 1772 823 1835 et
861 1772 928 1835 tot
965 1737 1054 1836 dies
1092 1735 1371 1839 deliberando
1409 1732 1518 1843 con-

129 1879 246 2000 nsit,
282 1880 391 1980 dum
427 1878 512 1979 sibi
548 1917 754 2020 utrasque
790 1915 930 2018 partes
971 1879 1258 2020 respiciendas
1314 1919 1516 2022 putaret,

143 2023 222 2124 diu
257 2026 408 2126 Caroli
445 2023 687 2127 rationibus
723 2019 982 2144 obsisteret,
1019 2065 1074 2126 ne
1110 2065 1174 2127 res
1211 2022 1328 2126 bello
1369 2067 1519 2129 neces-

129 2166 184 2267 ias
220 2171 469 2310 expediret.

130 2321 192 2413 X.
269 2323 423 2455 Itaque
460 2314 661 2419 nondum
697 2315 881 2418 Carolus
917 2311 1155 2417 hominum
1190 2312 1342 2416 decem
1382 2315 1519 2418 millia

129 2470 264 2597 {gerat
292 2537 307 2578 ,
340 2461 386 2559 in
423 2458 583 2602 quibus
620 2498 742 2562 etant
778 2461 1080 2604 Hispanorum
1115 2460 1207 2575 duo
1244 2460 1381 2559 millia
1415 2501 1519 2601 qua·

129 2603 286 2742 ngenti
336 2601 393 2705 ab
438 2605 605 2706 Alvaro
656 2604 818 2705 Sandio
869 2599 1088 2746 praefecto
1145 2645 1197 2702 ex
1251 2605 1520 2744 Hungaticis

129 2744 281 2847 tesidiis
323 2748 534 2867 deducti,
571 2785 614 2848 et
661 2756 755 2880 jam
792 2747 1026 2849 Lutlterani
1058 2746 1313 2849 vexercitum
1360 2743 1521 2846 confe-

129 2924 241 3009 ant,
276 2892 358 3032 qui
393 2931 631 2994 numerum
667 2891 869 3032 peditum
920 2889 1198 3033 septuaginta
1239 2926 1282 2990 et
1319 2888 1522 3032 equitum

129 3072 210 3133 :em
244 3035 435 3136 millium
471 3037 747 3174 compleret,
783 3076 888 3136 cum
924 3033 1089 3136 bellicis
1134 3031 1364 3134 tormentis
1414 3073 1521 3133 cen-

129 3217 183 3276 n.
239 3191 341 3280 Dux
393 3180 514 3280 enim
565 3180 820 3298 Saxoniae,
866 3179 1135 3320 Hessiaeque
1199 3176 1517 3318 Lantgtavius,

129 3319 218 3422 ibus
268 3364 440 3426 summa
469 3325 663 3466 imperii
698 3324 905 3425 omnium
953 3360 1167 3424 consensu
1217 3321 1357 3421 delata
1407 3316 1522 3438 fuit,

140 3468 350 3608 cogendis
386 3469 583 3610 undique
618 3464 941 3570 foederatorum
977 3467 1117 3605 copiis
1153 3461 1264 3564 nihil
1314 3455 1420 3563 sibi
1449 3501 1521 3562 re-

129 3608 170 3708 ui
203 3606 394 3715 fecerant
429 3615 485 3714 ad
519 3651 737 3713 summam
773 3652 923 3714 cutam
959 3647 1002 3711 et
1037 3608 1344 3750 diligentiam.
1392 3616 1521 3736 Quae

129 3753 210 3891 ¹>iac
259 3796 414 3863 omnes
463 3758 520 3857 ad
554 3752 858 3857 Tonabertem
910 3787 1243 3878 convenerunt,
1278 3762 1521 3993 Imperato·

132 3938 176 3998 m
212 3901 464 4040 oppidum,
502 3901 625 4042 quod
671 3939 811 4040 nuper
862 3900 919 4000 ad
956 3896 1228 3998 Lutheranos
1279 3896 1332 3995 de
1353 3927 1525 4011 ecerat,

156 4044 354 4145 Danubii
403 4047 499 4187 ripa
551 4085 676 4185 supra
724 4041 1019 4148 Ratisbonam
1072 4080 1278 4184 passuum
1331 4036 1524 4136 millium

129 4183 232 4285 :iter
268 4191 490 4332 sexaginta
525 4189 757 4290 intervallo
795 4189 962 4308 situm,
997 4190 1099 4289 loco
1137 4188 1193 4286 ad
1229 4181 1395 4283 bellum
1442 4220 1525 4322 ge·
1643 4296 1646 4303 ¹

129 4331 247 4430 dum
284 4322 474 4436 duorum
521 4334 724 4433 amnium
760 4333 1095 4473 opportunitate
1131 4324 1527 4441 commodissime,

129 4473 342 4578 :tlabente
379 4490 548 4616 Lyco,
589 4477 669 4618 qui
704 4477 906 4595 Sueviam
956 4513 999 4575 et
1034 4471 1261 4574 Bavariam
1306 4467 1528 4570 distermi-

154 4692 166 4716 .
228 4630 291 4720 Ex
327 4624 464 4724 Ulma
520 4621 639 4723 enim
698 4656 742 4720 et
778 4620 1129 4758 Jertemberga,
1166 4614 1290 4759 quod
1332 4609 1530 4716 Danubii

131 4760 331 4867 esidium
368 4769 741 4911 interpretantur,
775 4804 943 4908 magna·
970 4758 1150 4864 facultas
1202 4798 1290 4867 etat
1338 4754 1532 4876 secundo

130 4906 335 5011 Tertull.
1053 4915 1157 5011 Mm
1443 4910 1540 5001 Da·
