3998 5850
431 449 695 573 λοιιιοιι
729 454 783 534 v.
832 456 949 535 ιιιι.
984 458 1155 538 xxrx.
1390 446 1475 564 485

62 692 95 737 „
110 611 398 733 laboramus,
431 609 595 709 credite
631 607 794 730 mihi,
830 607 1007 711 homini
1041 650 1120 710 usu
1156 613 1393 716 multarum
1429 656 1526 722 ma·-

70 766 396 902 „gnarumque
431 793 574 856 rerum
635 687 956 853 tractaridarum
1013 754 1203 892 perito,
1238 760 1319 857 nec
1354 799 1527 900 prorsus

64 903 193 1024 „ad
208 938 353 1001 causas
387 937 533 999 rerum
548 886 879 1039 intelligendas
906 894 1111 1016 hebeti,
1156 941 1248 999 non
1274 903 1367 1002 alia
1403 946 1529 1009 causa

64 1122 96 1165 „
121 1041 244 1163 fuit,
281 1081 417 1183 quam
453 1040 654 1181 impietas
689 1074 870 1159 nostra,
907 1043 1016 1181 qua
1031 1038 1143 1142 iram
1178 1043 1267 1143 Dei
1302 1046 1530 1161 sceleratis-

64 1187 218 1322 „sime
250 1185 573 1308 lacessivimus,
613 1224 716 1285 cum
751 1227 777 1285 a
813 1220 927 1286 recta
963 1181 1130 1293 Christi
1164 1186 1266 1285 Fide
1302 1226 1346 1290 et
1380 1192 1532 1293 Eccle-

68 1328 179 1452 „sia
216 1326 449 1428 Catholica
485 1330 564 1428 ad
578 1366 743 1429 novam
793 1326 918 1426 istam
965 1334 1008 1427 et
1059 1331 1412 1433 commentitiam
1464 1376 1531 1435 se

66 1506 233 1596 „ctam
270 1467 538 1579 defecimuss
578 1474 702 1612 quod
747 1470 868 1569 idem
918 1470 1077 1570 accidit
1112 1475 1389 1595 Germanis,
1426 1481 1531 1617 qui,

58 1615 295 1757 „quantis
332 1616 513 1715 miseriis
549 1653 593 1716 et
630 1610 949 1714 calamitatibus
984 1611 1057 1714 ob
1080 1618 1329 1718 eamdem
1314 1657 1525 1759 impieta

68 1796 210 1889 „tem
246 1767 337 1891 jam
375 1758 542 1921 pridem
586 1757 922 1877 conflictentur,
959 1798 1053 1860 non
1089 1758 1336 1922 ignoratis,
1373 1799 1423 1864 ut
1458 1799 1528 1863 ta·

66 1943 243 2039 „ceam
279 1901 539 2040 sempiterna
593 1901 663 2000 illa
712 1901 970 2039 supplicia,
1008 1940 1120 2039 quae
1172 1902 1221 2000 in
1270 1901 1434 2067 impios
1487 1941 1529 2006 et

67 2044 478 2209 „praevaricatores
515 2077 652 2207 post
666 2071 857 2143 mortem
893 2049 1008 2171 justo
1045 2044 1134 2142 Dei
1170 2041 1339 2174 judicio
1375 2040 1526 2155 vindi-

67 2204 293 2317 „cantur
330 2193 536 2304 Haec,
524 2183 655 2286 amici
694 2184 1010 2326 popularesque
1047 2185 1166 2303 mei,
1185 2223 1235 2285 ut
1261 2186 1388 2290 vobis
1426 2229 1525 2290 mo-
1659 2203 1669 2212 ’

66 2413 100 2460 „
117 2332 243 2432 tiens
265 2368 559 2492 proponerem
618 2328 1008 2491 explicaremqqe,
1046 2367 1118 2432 me
1152 2368 1250 2432 mea
1284 2331 1527 2495 Religionis
1602 2440 1606 2450 1

64 2556 100 2603 „
113 2474 223 2574 ratio
239 2473 535 2645 pietasque
529 2511 598 2573 et
648 2472 809 2613 patriae
865 2472 1015 2571 caritas
1052 2471 1264 2572 induxit·
1256 2539 1269 2580 ι
1310 2513 1414 2574 ιιιιιι
1450 2498 1523 2577 m‘e

70 2617 258 2743 „securi
288 2626 466 2748 jamjam
524 2615 735 2718 cervicem
787 2614 1064 2727 subditurum
1111 2653 1292 2727 uanam
1312 2651 1356 2715 et
1406 2653 1523 2716 ιειιι·Δ

72 2841 104 2886 „
122 2759 240 2900 poris
276 2798 402 2859 causa
437 2757 586 2858 fictam
630 2756 878 2857 orationem
916 2755 1204 2876 adhibuisse,
1239 2795 1294 2858 ne
1328 2756 1531 2898 suspicari

8 2932 17 2945 ‘
67 2901 302 3041 „quidem
339 2899 551 3040 potestis.
559 2900 725 3002 Vos
714 2898 849 3040 rgitur
883 2898 1043 2999 iterum
1070 2935 1200 3055 atque
1234 2898 1392 3000 iterum
1427 2899 1530 3001 hor-

66 3121 101 3173 „
115 3078 184 3142 tor
234 3042 559 3183 obtestorque,
609 3077 660 3143 ut
695 3081 865 3143 excussa
901 3042 1157 3161 caecitate,
1193 3053 1328 3184 quam
1378 3043 1530 3143 vestris

69 3184 345 3312 „mentibus
342 3186 557 3347 ‘quidam
584 3224 659 3325 per
694 3223 911 3286 summam
947 3185 1219 3326 impietatem
1254 3184 1525 3304 effuderunt,

68 3328 375 3468 „resipiscatis
411 3328 685 3468 aliquando,
723 3332 779 3441 ad
815 3327 1130 3481 sanitatemque
1167 3363 1210 3427 et
1243 3328 1391 3429 Fidem
1435 3339 1528 3430 Re.-
1624 3325 1625 3328 Ὺ

69 3549 102 3596 ,,
91 3469 420 3627 ligionemque
456 3469 727 3574 Catholicam
777 3472 1008 3607 redeatis
1053 3505 1096 3570 et
1147 3507 1288 3570 novos
1340 3470 1444 3571 istos
1485 3504 1528 3571 et

69 3608 287 3739 „fallaces
324 3650 510 3715 oratores
546 3613 724 3734 vitetis,
750 3615 852 3776 qui
868 3654 946 3715 vos
981 3614 1182 3714 oratione
1218 3615 1274 3714 ad
1310 3651 1523 3776 quorum.-

68 3800 104 3880 ‚·,
120 3756 262 3857 dam
290 3758 564 3859 voluntatem
614 3755 715 3857 ficta
768 3757 1083 3881 circumvenire
1133 3755 1263 3856 initio
1296 3756 1527 3917 aggressi,

43 3946 45 3949 ·
68 3897 190 4021 „in
185 3899 366 4040 impias
403 3898 576 4000 insidias
613 3935 658 3999 et
681 3895 870 4000 nefarias
897 3897 1095 4001 tenebras
1120 3896 1399 4065 praecipitate
1434 3935 1526 4000 non

72 4016 355 4165 „desistunt
408 4051 507 4143 Nec
541 4044 719 4159 solum,
757 4040 863 4144 haec
898 4065 947 4144 'ut
981 4041 1175 4166 faciatis,
1212 4061 1415 4160 moneo,
1453 4040 1525 4140 sed

66 4260 108 4307 ,,
125 4183 254 4321 simul
300 4224 456 4326 rogo
480 4222 538 4287 ut
573 4189 807 4293 demortuo
839 4185 958 4288 mihi
1008 4184 1136 4316 hujus
1186 4225 1305 4288 meae
1353 4216 1524 4285 senten·-

72 4404 104 4450 „
122 4327 211 4426 tiae
249 4363 293 4428 et
327 4327 457 4428 fidei
468 4369 560 4429 non
595 4369 784 4433 mutatae
820 4330 1081 4433 imminente
1118 4365 1297 4449 morte,
1336 4329 1410 4427 sed
1446 4329 1526 4426 de'-

79 4547 112 4590 „
116 4470 303 4601 claratae
357 4471 660 4575 testimonium
708 4477 831 4614 apud
865 4512 1018 4574 omnes
1054 4474 1274 4575 tribuatis
1320 4481 1414 4571 Vos
1448 4509 1526 4570 au

70 4616 218 4734 „tem
267 4612 483 4746 hujus
447 4616 657 4728 civitatis
686 4617 898 4760 praesides
934 4658 984 4717 ac
1021 4616 1211 4757 reliquos
1245 4614 1527 4755 Magistratus

61 4808 108 4876 ·,,·
121 4790 237 4873 οιο,
270 4791 319 4856 et
372 4799 447 4902 pet
481 4763 658 4866 Deum
675 4760 900 4866 Christum
949 4761 1191 4883 obtestor,
1224 4795 1273 4862 ut
1309 4756 1525 4899 quemad

1371 4975 1402 5020 ‚‚
1419 4934 1524 4997 mo-
