<?xml version="1.0" encoding="UTF-8"?>
<!DOCTYPE html PUBLIC "-//W3C//DTD XHTML 1.0 Transitional//EN"
    "http://www.w3.org/TR/xhtml1/DTD/xhtml1-transitional.dtd">
<html xmlns="http://www.w3.org/1999/xhtml" xml:lang="en" lang="en">
 <head>
  <title>
</title>
<meta http-equiv="Content-Type" content="text/html;charset=utf-8" />
  <meta name='ocr-system' content='tesseract 3.04.00' />
  <meta name='ocr-capabilities' content='ocr_page ocr_carea ocr_par ocr_line ocrx_word'/>
</head>
<body>
  <div class='ocr_page' id='page_1' title='image "./joannisgenesiis00sepgoog_0396.png"; bbox 0 0 4102 5864; ppageno 0'>
   <div class='ocr_carea' id='block_1_1' title="bbox 468 483 1504 592">
    <p class='ocr_par' dir='ltr' id='par_1_1' title="bbox 468 483 1504 592">
     <span class='ocr_line' id='line_1_1' title="bbox 468 483 1504 592; baseline 0.023 -30"><span class='ocrx_word' id='word_1_1' title='bbox 468 483 707 564; x_wconf 74' lang='lat' dir='ltr'><strong>canora</strong></span> <span class='ocrx_word' id='word_1_2' title='bbox 750 483 803 562; x_wconf 79' lang='grc' dir='ltr'><strong>ιι.</strong></span> <span class='ocrx_word' id='word_1_3' title='bbox 844 484 959 560; x_wconf 66' lang='lat' dir='ltr'><strong>area</strong></span> <span class='ocrx_word' id='word_1_4' title='bbox 990 483 1161 563; x_wconf 78' lang='lat' dir='ltr'><strong>xxvi.</strong></span> <span class='ocrx_word' id='word_1_5' title='bbox 1416 497 1504 592; x_wconf 78' lang='lat'><strong>397</strong></span> 
     </span>
    </p>
   </div>
   <div class='ocr_carea' id='block_1_2' title="bbox 51 637 1624 4908">
    <p class='ocr_par' dir='ltr' id='par_1_2' title="bbox 96 637 1550 889">
     <span class='ocr_line' id='line_1_2' title="bbox 96 637 1550 867; baseline 0.001 -122"><span class='ocrx_word' id='word_1_6' title='bbox 96 641 212 746; x_wconf 93' lang='lat' dir='ltr'><strong>turio</strong></span> <span class='ocrx_word' id='word_1_7' title='bbox 249 646 351 741; x_wconf 88' lang='lat' dir='ltr'><strong>cum</strong></span> <span class='ocrx_word' id='word_1_8' title='bbox 388 641 508 740; x_wconf 84' lang='lat' dir='ltr'><strong>nrille</strong></span> <span class='ocrx_word' id='word_1_9' title='bbox 559 642 730 741; x_wconf 84' lang='lat' dir='ltr'><strong>circiter</strong></span> <span class='ocrx_word' id='word_1_10' title='bbox 766 638 1089 867; x_wconf 79' lang='lat' dir='ltr'><strong>quinquaginta</strong></span> <span class='ocrx_word' id='word_1_11' title='bbox 1124 637 1332 780; x_wconf 91' lang='lat' dir='ltr'><strong>Hispanis</strong></span> <span class='ocrx_word' id='word_1_12' title='bbox 1383 679 1550 746; x_wconf 85' lang='lat' dir='ltr'><strong>vetera</strong></span> 
     </span>
     <span class='ocr_line' id='line_1_3' title="bbox 98 782 606 914; baseline -0.01 -26"><span class='ocrx_word' id='word_1_13' title='bbox 98 791 163 889; x_wconf 92' lang='lat' dir='ltr'><strong>nis</strong></span> <span class='ocrx_word' id='word_1_14' title='bbox 200 785 413 914; x_wconf 85' lang='lat' dir='ltr'><strong>militibus</strong></span> <span class='ocrx_word' id='word_1_15' title='bbox 451 782 606 883; x_wconf 83' lang='lat' dir='ltr'><strong>alluit.</strong></span> 
     </span>
    </p>

    <p class='ocr_par' dir='ltr' id='par_1_3' title="bbox 91 905 1624 2772">
     <span class='ocr_line' id='line_1_4' title="bbox 169 905 1550 1065; baseline 0.004 -37"><span class='ocrx_word' id='word_1_16' title='bbox 169 905 374 1028; x_wconf 91' lang='lat' dir='ltr'>LXXXI.</span> <span class='ocrx_word' id='word_1_17' title='bbox 451 929 598 1029; x_wconf 90' lang='lat' dir='ltr'><strong>Rebus</strong></span> <span class='ocrx_word' id='word_1_18' title='bbox 652 925 859 1028; x_wconf 90' lang='lat' dir='ltr'><strong>omnibus</strong></span> <span class='ocrx_word' id='word_1_19' title='bbox 911 927 1228 1065; x_wconf 82' lang='lat' dir='ltr'><strong>comparatis,</strong></span> <span class='ocrx_word' id='word_1_20' title='bbox 1278 962 1321 1026; x_wconf 86' lang='lat' dir='ltr'><strong>et</strong></span> <span class='ocrx_word' id='word_1_21' title='bbox 1378 931 1550 1033; x_wconf 86' lang='lat' dir='ltr'><strong>duobus</strong></span> 
     </span>
     <span class='ocr_line' id='line_1_5' title="bbox 97 1069 1550 1210; baseline 0.001 -41"><span class='ocrx_word' id='word_1_22' title='bbox 97 1072 204 1171; x_wconf 90' lang='lat' dir='ltr'><strong>locis</strong></span> <span class='ocrx_word' id='word_1_23' title='bbox 241 1071 360 1170; x_wconf 85' lang='lat' dir='ltr'><strong>brevi</strong></span> <span class='ocrx_word' id='word_1_24' title='bbox 396 1111 421 1168; x_wconf 90' lang='lat' dir='ltr'><strong>a</strong></span> <span class='ocrx_word' id='word_1_25' title='bbox 458 1071 688 1170; x_wconf 86' lang='lat' dir='ltr'><strong>moenibus</strong></span> <span class='ocrx_word' id='word_1_26' title='bbox 740 1069 970 1168; x_wconf 89' lang='lat' dir='ltr'><strong>intervallo</strong></span> <span class='ocrx_word' id='word_1_27' title='bbox 1021 1070 1249 1168; x_wconf 90' lang='lat' dir='ltr'><strong>tormentis</strong></span> <span class='ocrx_word' id='word_1_28' title='bbox 1300 1071 1550 1210; x_wconf 85' lang='lat' dir='ltr'><strong>dispositis,</strong></span> 
     </span>
     <span class='ocr_line' id='line_1_6' title="bbox 95 1210 1552 1349; baseline 0.003 -39"><span class='ocrx_word' id='word_1_29' title='bbox 95 1210 346 1310; x_wconf 89' lang='lat' dir='ltr'><strong>machina</strong></span> <span class='ocrx_word' id='word_1_30' title='bbox 335 1247 442 1312; x_wconf 90' lang='lat' dir='ltr'><strong>mter</strong></span> <span class='ocrx_word' id='word_1_31' title='bbox 479 1247 635 1312; x_wconf 86' lang='lat' dir='ltr'><strong>ceteras</strong></span> <span class='ocrx_word' id='word_1_32' title='bbox 684 1250 812 1312; x_wconf 88' lang='lat' dir='ltr'><strong>naves</strong></span> <span class='ocrx_word' id='word_1_33' title='bbox 856 1213 954 1310; x_wconf 94' lang='lat' dir='ltr'><strong>loco</strong></span> <span class='ocrx_word' id='word_1_34' title='bbox 1005 1212 1290 1329; x_wconf 79' lang='lat' dir='ltr'><strong>remotiore,</strong></span> <span class='ocrx_word' id='word_1_35' title='bbox 1328 1252 1420 1349; x_wconf 91' lang='lat' dir='ltr'><strong>quo</strong></span> <span class='ocrx_word' id='word_1_36' title='bbox 1457 1253 1552 1314; x_wconf 89' lang='lat' dir='ltr'><strong>ma-</strong></span> 
     </span>
     <span class='ocr_line' id='line_1_7' title="bbox 96 1288 1552 1494; baseline 0.003 -42"><span class='ocrx_word' id='word_1_37' title='bbox 96 1355 162 1494; x_wconf 89' lang='lat' dir='ltr'><strong>gis</strong></span> <span class='ocrx_word' id='word_1_38' title='bbox 200 1354 340 1452; x_wconf 91' lang='lat' dir='ltr'><strong>hostes</strong></span> <span class='ocrx_word' id='word_1_39' title='bbox 376 1355 570 1472; x_wconf 89' lang='lat' dir='ltr'><strong>lateret,</strong></span> <span class='ocrx_word' id='word_1_40' title='bbox 606 1360 911 1494; x_wconf 79' lang='lat' dir='ltr'><strong>coagmentata</strong></span> <span class='ocrx_word' id='word_1_41' title='bbox 949 1355 1141 1451; x_wconf 90' lang='lat' dir='ltr'><strong>remulco</strong></span> <span class='ocrx_word' id='word_1_42' title='bbox 1186 1288 1460 1475; x_wconf 71' lang='lat' dir='ltr'><strong>dediscitur,</strong></span> <span class='ocrx_word' id='word_1_43' title='bbox 1497 1399 1552 1457; x_wconf 86' lang='lat' dir='ltr'><strong>ac</strong></span> 
     </span>
     <span class='ocr_line' id='line_1_8' title="bbox 96 1433 1551 1636; baseline 0.001 -40"><span class='ocrx_word' id='word_1_44' title='bbox 96 1498 260 1598; x_wconf 92' lang='lat' dir='ltr'><strong>idoneo</strong></span> <span class='ocrx_word' id='word_1_45' title='bbox 311 1497 410 1594; x_wconf 94' lang='lat' dir='ltr'><strong>loco</strong></span> <span class='ocrx_word' id='word_1_46' title='bbox 462 1433 753 1614; x_wconf 86' lang='lat' dir='ltr'><strong>collticatut‚</strong></span> <span class='ocrx_word' id='word_1_47' title='bbox 794 1497 1009 1636; x_wconf 91' lang='lat' dir='ltr'><strong>simulque</strong></span> <span class='ocrx_word' id='word_1_48' title='bbox 1058 1493 1253 1594; x_wconf 87' lang='lat' dir='ltr'><strong>tribus</strong></span> <span class='ocrx_word' id='word_1_49' title='bbox 1249 1538 1300 1593; x_wconf 87' lang='lat' dir='ltr'><strong>er</strong></span> <span class='ocrx_word' id='word_1_50' title='bbox 1356 1433 1551 1635; x_wconf 86' lang='lat' dir='ltr'><strong>partibus</strong></span> 
     </span>
     <span class='ocr_line' id='line_1_9' title="bbox 96 1634 1550 1799; baseline 0.003 -60"><span class='ocrx_word' id='word_1_51' title='bbox 96 1639 211 1739; x_wconf 90' lang='lat' dir='ltr'><strong>muri</strong></span> <span class='ocrx_word' id='word_1_52' title='bbox 248 1676 415 1799; x_wconf 85' lang='lat' dir='ltr'><strong>magno</strong></span> <span class='ocrx_word' id='word_1_53' title='bbox 449 1640 618 1778; x_wconf 86' lang='lat' dir='ltr'><strong>impetu</strong></span> <span class='ocrx_word' id='word_1_54' title='bbox 653 1639 1016 1757; x_wconf 90' lang='lat' dir='ltr'><strong>concutiuntur,</strong></span> <span class='ocrx_word' id='word_1_55' title='bbox 1052 1674 1101 1735; x_wconf 93' lang='lat' dir='ltr'><strong>ut</strong></span> <span class='ocrx_word' id='word_1_56' title='bbox 1137 1634 1412 1741; x_wconf 89' lang='lat' dir='ltr'><strong>defensorum</strong></span> <span class='ocrx_word' id='word_1_57' title='bbox 1450 1684 1550 1743; x_wconf 90' lang='lat' dir='ltr'><strong>ma</strong></span> 
     </span>
     <span class='ocr_line' id='line_1_10' title="bbox 96 1781 1550 1884; baseline 0.002 -2"><span class='ocrx_word' id='word_1_58' title='bbox 96 1822 177 1882; x_wconf 91' lang='lat' dir='ltr'><strong>nus</strong></span> <span class='ocrx_word' id='word_1_59' title='bbox 214 1819 450 1880; x_wconf 87' lang='lat' dir='ltr'><strong>necessarro</strong></span> <span class='ocrx_word' id='word_1_60' title='bbox 488 1783 820 1881; x_wconf 88' lang='lat' dir='ltr'><strong>distinerentur.</strong></span> <span class='ocrx_word' id='word_1_61' title='bbox 873 1781 939 1878; x_wconf 91' lang='lat' dir='ltr'><strong>Illi</strong></span> <span class='ocrx_word' id='word_1_62' title='bbox 974 1818 1080 1877; x_wconf 88' lang='lat' dir='ltr'><strong>vero</strong></span> <span class='ocrx_word' id='word_1_63' title='bbox 1119 1782 1362 1880; x_wconf 86' lang='lat' dir='ltr'><strong>maximum</strong></span> <span class='ocrx_word' id='word_1_64' title='bbox 1406 1783 1489 1884; x_wconf 89' lang='lat' dir='ltr'><strong>srbr</strong></span> <span class='ocrx_word' id='word_1_65' title='bbox 1524 1827 1550 1884; x_wconf 86' lang='lat' dir='ltr'><strong>a</strong></span> 
     </span>
     <span class='ocr_line' id='line_1_11' title="bbox 94 1922 1549 2062; baseline 0.003 -40"><span class='ocrx_word' id='word_1_66' title='bbox 94 1926 207 2022; x_wconf 91' lang='lat' dir='ltr'><strong>mari</strong></span> <span class='ocrx_word' id='word_1_67' title='bbox 254 1923 542 2062; x_wconf 82' lang='lat' dir='ltr'><strong>perieulum</strong></span> <span class='ocrx_word' id='word_1_68' title='bbox 532 1959 689 2022; x_wconf 91' lang='lat' dir='ltr'><strong>mstare</strong></span> <span class='ocrx_word' id='word_1_69' title='bbox 726 1922 1073 2061; x_wconf 88' lang='lat' dir='ltr'><strong>perspicientes,</strong></span> <span class='ocrx_word' id='word_1_70' title='bbox 1117 1960 1232 2060; x_wconf 85' lang='lat' dir='ltr'><strong>parte</strong></span> <span class='ocrx_word' id='word_1_71' title='bbox 1284 1924 1443 2025; x_wconf 90' lang='lat' dir='ltr'><strong>scilicet</strong></span> <span class='ocrx_word' id='word_1_72' title='bbox 1495 1968 1549 2026; x_wconf 81' lang='lat' dir='ltr'><strong>ex</strong></span> 
     </span>
     <span class='ocr_line' id='line_1_12' title="bbox 94 2064 1547 2185; baseline 0.001 -21"><span class='ocrx_word' id='word_1_73' title='bbox 94 2064 302 2164; x_wconf 90' lang='lat' dir='ltr'><strong>omnibus</strong></span> <span class='ocrx_word' id='word_1_74' title='bbox 336 2064 662 2173; x_wconf 86' lang='lat' dir='ltr'><strong>infirmissima</strong></span> <span class='ocrx_word' id='word_1_75' title='bbox 699 2105 751 2164; x_wconf 89' lang='lat' dir='ltr'><strong>eo</strong></span> <span class='ocrx_word' id='word_1_76' title='bbox 787 2065 977 2163; x_wconf 84' lang='lat' dir='ltr'><strong>maxime</strong></span> <span class='ocrx_word' id='word_1_77' title='bbox 1013 2103 1313 2185; x_wconf 88' lang='lat' dir='ltr'><strong>concurrere,</strong></span> <span class='ocrx_word' id='word_1_78' title='bbox 1347 2102 1547 2168; x_wconf 67' lang='lat' dir='ltr'><strong>tormen-⁴</strong></span> 
     </span>
     <span class='ocr_line' id='line_1_13' title="bbox 93 2144 1549 2350; baseline 0.003 -44"><span class='ocrx_word' id='word_1_79' title='bbox 93 2243 241 2308; x_wconf 90' lang='lat' dir='ltr'><strong>torum</strong></span> <span class='ocrx_word' id='word_1_80' title='bbox 278 2205 443 2307; x_wconf 90' lang='lat' dir='ltr'><strong>bonam</strong></span> <span class='ocrx_word' id='word_1_81' title='bbox 479 2245 647 2350; x_wconf 88' lang='lat' dir='ltr'><strong>partem</strong></span> <span class='ocrx_word' id='word_1_82' title='bbox 682 2206 731 2304; x_wconf 93' lang='lat' dir='ltr'><strong>in</strong></span> <span class='ocrx_word' id='word_1_83' title='bbox 766 2243 893 2306; x_wconf 86' lang='lat' dir='ltr'><strong>muto</strong></span> <span class='ocrx_word' id='word_1_84' title='bbox 930 2230 1084 2305; x_wconf 92' lang='lat' dir='ltr'><strong>contra</strong></span> <span class='ocrx_word' id='word_1_85' title='bbox 1132 2144 1382 2307; x_wconf 87' lang='lat' dir='ltr'><strong>machiriam</strong></span> <span class='ocrx_word' id='word_1_86' title='bbox 1435 2251 1549 2310; x_wconf 92' lang='lat' dir='ltr'><strong>con</strong></span> 
     </span>
     <span class='ocr_line' id='line_1_14' title="bbox 94 2349 1624 2488; baseline 0.002 -41"><span class='ocrx_word' id='word_1_87' title='bbox 94 2351 305 2467; x_wconf 89' lang='lat' dir='ltr'><strong>stituere,</strong></span> <span class='ocrx_word' id='word_1_88' title='bbox 342 2389 421 2448; x_wconf 91' lang='lat' dir='ltr'><strong>nec</strong></span> <span class='ocrx_word' id='word_1_89' title='bbox 458 2351 538 2451; x_wconf 90' lang='lat' dir='ltr'><strong>tela</strong></span> <span class='ocrx_word' id='word_1_90' title='bbox 573 2351 748 2465; x_wconf 89' lang='lat' dir='ltr'><strong>solum,</strong></span> <span class='ocrx_word' id='word_1_91' title='bbox 784 2350 904 2447; x_wconf 90' lang='lat' dir='ltr'><strong>sed</strong></span> <span class='ocrx_word' id='word_1_92' title='bbox 893 2388 1042 2488; x_wconf 80' lang='lat' dir='ltr'><strong>agnem</strong></span> <span class='ocrx_word' id='word_1_93' title='bbox 1081 2349 1216 2448; x_wconf 89' lang='lat' dir='ltr'><strong>etiam</strong></span> <span class='ocrx_word' id='word_1_94' title='bbox 1250 2352 1471 2479; x_wconf 88' lang='lat' dir='ltr'><strong>jaculari,</strong></span> <span class='ocrx_word' id='word_1_95' title='bbox 1505 2388 1549 2450; x_wconf 91' lang='lat' dir='ltr'><strong>et</strong></span> <span class='ocrx_word' id='word_1_96' title='bbox 1623 2408 1624 2420; x_wconf 34' lang='grc' dir='ltr'>ι</span> 
     </span>
     <span class='ocr_line' id='line_1_15' title="bbox 93 2427 1548 2634; baseline 0.003 -44"><span class='ocrx_word' id='word_1_97' title='bbox 93 2493 248 2590; x_wconf 90' lang='lat' dir='ltr'><strong>omnia</strong></span> <span class='ocrx_word' id='word_1_98' title='bbox 284 2427 512 2633; x_wconf 86' lang='lat' dir='ltr'><strong>diligenter</strong></span> <span class='ocrx_word' id='word_1_99' title='bbox 549 2531 807 2632; x_wconf 86' lang='lat' dir='ltr'><strong>magnoque</strong></span> <span class='ocrx_word' id='word_1_100' title='bbox 838 2492 982 2590; x_wconf 90' lang='lat' dir='ltr'><strong>studio</strong></span> <span class='ocrx_word' id='word_1_101' title='bbox 1019 2491 1359 2592; x_wconf 87' lang='lat' dir='ltr'><strong>administrare·</strong></span> <span class='ocrx_word' id='word_1_102' title='bbox 1350 2559 1366 2600; x_wconf 78' lang='lat'>‚</span> <span class='ocrx_word' id='word_1_103' title='bbox 1395 2495 1548 2634; x_wconf 90' lang='lat' dir='ltr'><strong>itaque</strong></span> 
     </span>
     <span class='ocr_line' id='line_1_16' title="bbox 91 2632 1216 2794; baseline -0.001 -61"><span class='ocrx_word' id='word_1_104' title='bbox 91 2632 343 2774; x_wconf 89' lang='lat' dir='ltr'><strong>injecto</strong></span> <span class='ocrx_word' id='word_1_105' title='bbox 297 2636 400 2733; x_wconf 79' lang='lat' dir='ltr'><strong>ione</strong></span> <span class='ocrx_word' id='word_1_106' title='bbox 435 2633 661 2738; x_wconf 85' lang='lat' dir='ltr'><strong>machinae</strong></span> <span class='ocrx_word' id='word_1_107' title='bbox 699 2670 865 2794; x_wconf 88' lang='lat' dir='ltr'><strong>partem</strong></span> <span class='ocrx_word' id='word_1_108' title='bbox 901 2634 1216 2734; x_wconf 56' lang='lat' dir='ltr'><strong>incenderunt,</strong></span> 
     </span>
    </p>

    <p class='ocr_par' dir='ltr' id='par_1_4' title="bbox 51 2776 1559 4908">
     <span class='ocr_line' id='line_1_17' title="bbox 129 2776 1548 2918; baseline 0.001 -44.05"><span class='ocrx_word' id='word_1_109' title='bbox 129 2787 419 2876; x_wconf 92' lang='lat' dir='ltr'>LXXXII</span> <span class='ocrx_word' id='word_1_110' title='bbox 526 2790 652 2899; x_wconf 90' lang='lat' dir='ltr'><strong>Quo</strong></span> <span class='ocrx_word' id='word_1_111' title='bbox 683 2777 843 2874; x_wconf 90' lang='lat' dir='ltr'><strong>timore</strong></span> <span class='ocrx_word' id='word_1_112' title='bbox 898 2813 941 2875; x_wconf 90' lang='lat' dir='ltr'><strong>et</strong></span> <span class='ocrx_word' id='word_1_113' title='bbox 989 2776 1179 2918; x_wconf 88' lang='lat' dir='ltr'><strong>periculo</strong></span> <span class='ocrx_word' id='word_1_114' title='bbox 1232 2816 1315 2876; x_wconf 87' lang='lat' dir='ltr'><strong>nee</strong></span> <span class='ocrx_word' id='word_1_115' title='bbox 1363 2777 1548 2917; x_wconf 90' lang='lat' dir='ltr'><strong>opinato</strong></span> 
     </span>
     <span class='ocr_line' id='line_1_18' title="bbox 93 2917 1550 3083; baseline 0.002 -67"><span class='ocrx_word' id='word_1_116' title='bbox 93 2920 231 3017; x_wconf 87' lang='lat' dir='ltr'><strong>nostri</strong></span> <span class='ocrx_word' id='word_1_117' title='bbox 259 2919 473 3083; x_wconf 84' lang='lat' dir='ltr'><strong>‚quibus</strong></span> <span class='ocrx_word' id='word_1_118' title='bbox 509 2917 842 3019; x_wconf 85' lang='lat' dir='ltr'><strong>machinationis</strong></span> <span class='ocrx_word' id='word_1_119' title='bbox 881 2958 981 3016; x_wconf 89' lang='lat' dir='ltr'><strong>cura</strong></span> <span class='ocrx_word' id='word_1_120' title='bbox 1018 2921 1224 3018; x_wconf 88' lang='lat' dir='ltr'><strong>mandata</strong></span> <span class='ocrx_word' id='word_1_121' title='bbox 1262 2953 1402 3036; x_wconf 92' lang='lat' dir='ltr'><strong>erat,</strong></span> <span class='ocrx_word' id='word_1_122' title='bbox 1439 2960 1550 3019; x_wconf 66' lang='lat' dir='ltr'><strong>com</strong></span> 
     </span>
     <span class='ocr_line' id='line_1_19' title="bbox 93 2998 1550 3199; baseline 0.003 -42"><span class='ocrx_word' id='word_1_123' title='bbox 93 2998 310 3177; x_wconf 59' lang='lat' dir='ltr'><strong>turbati’,</strong></span> <span class='ocrx_word' id='word_1_124' title='bbox 330 3062 404 3162; x_wconf 86' lang='lat' dir='ltr'><strong>vix</strong></span> <span class='ocrx_word' id='word_1_125' title='bbox 455 3062 694 3179; x_wconf 90' lang='lat' dir='ltr'><strong>incendio,</strong></span> <span class='ocrx_word' id='word_1_126' title='bbox 733 3062 855 3199; x_wconf 89' lang='lat' dir='ltr'><strong>quod</strong></span> <span class='ocrx_word' id='word_1_127' title='bbox 906 3055 1043 3158; x_wconf 83' lang='lat' dir='ltr'><strong>fuerat</strong></span> <span class='ocrx_word' id='word_1_128' title='bbox 1098 3061 1382 3178; x_wconf 80' lang='lat' dir='ltr'><strong>excitatum,</strong></span> <span class='ocrx_word' id='word_1_129' title='bbox 1422 3102 1550 3197; x_wconf 90' lang='lat' dir='ltr'><strong>com-</strong></span> 
     </span>
     <span class='ocr_line' id='line_1_20' title="bbox 95 3203 1552 3342; baseline 0.001 -42"><span class='ocrx_word' id='word_1_130' title='bbox 95 3240 274 3342; x_wconf 88' lang='lat' dir='ltr'><strong>presso,</strong></span> <span class='ocrx_word' id='word_1_131' title='bbox 290 3204 344 3302; x_wconf 91' lang='lat' dir='ltr'><strong>ad</strong></span> <span class='ocrx_word' id='word_1_132' title='bbox 369 3206 590 3304; x_wconf 86' lang='lat' dir='ltr'><strong>Andream</strong></span> <span class='ocrx_word' id='word_1_133' title='bbox 627 3204 814 3304; x_wconf 88' lang='lat' dir='ltr'><strong>Doriam</strong></span> <span class='ocrx_word' id='word_1_134' title='bbox 849 3203 1032 3300; x_wconf 88' lang='lat' dir='ltr'><strong>mittunt</strong></span> <span class='ocrx_word' id='word_1_135' title='bbox 1077 3237 1176 3320; x_wconf 92' lang='lat' dir='ltr'><strong>ut,</strong></span> <span class='ocrx_word' id='word_1_136' title='bbox 1215 3204 1337 3342; x_wconf 90' lang='lat' dir='ltr'><strong>siqua</strong></span> <span class='ocrx_word' id='word_1_137' title='bbox 1375 3204 1441 3301; x_wconf 91' lang='lat' dir='ltr'><strong>sui</strong></span> <span class='ocrx_word' id='word_1_138' title='bbox 1477 3243 1552 3302; x_wconf 87' lang='lat' dir='ltr'><strong>cu.-</strong></span> 
     </span>
     <span class='ocr_line' id='line_1_21' title="bbox 95 3344 1552 3485; baseline 0.001 -44"><span class='ocrx_word' id='word_1_139' title='bbox 95 3383 144 3443; x_wconf 89' lang='lat' dir='ltr'><strong>ra</strong></span> <span class='ocrx_word' id='word_1_140' title='bbox 179 3381 466 3485; x_wconf 85' lang='lat' dir='ltr'><strong>tangeretur,</strong></span> <span class='ocrx_word' id='word_1_141' title='bbox 499 3384 542 3446; x_wconf 92' lang='lat' dir='ltr'><strong>et</strong></span> <span class='ocrx_word' id='word_1_142' title='bbox 578 3346 952 3445; x_wconf 84' lang='lat' dir='ltr'><strong>machinationem</strong></span> <span class='ocrx_word' id='word_1_143' title='bbox 988 3344 1153 3444; x_wconf 88' lang='lat' dir='ltr'><strong>salvam</strong></span> <span class='ocrx_word' id='word_1_144' title='bbox 1188 3345 1368 3465; x_wconf 85' lang='lat' dir='ltr'><strong>uellet,</strong></span> <span class='ocrx_word' id='word_1_145' title='bbox 1412 3346 1552 3482; x_wconf 87' lang='lat' dir='ltr'><strong>ipsam</strong></span> 
     </span>
     <span class='ocr_line' id='line_1_22' title="bbox 96 3485 1552 3628; baseline 0.001 -44"><span class='ocrx_word' id='word_1_146' title='bbox 96 3487 190 3586; x_wconf 92' lang='lat' dir='ltr'><strong>telis</strong></span> <span class='ocrx_word' id='word_1_147' title='bbox 228 3486 510 3608; x_wconf 91' lang='lat' dir='ltr'><strong>hostilibus,</strong></span> <span class='ocrx_word' id='word_1_148' title='bbox 550 3488 708 3628; x_wconf 89' lang='lat' dir='ltr'><strong>quibus</strong></span> <span class='ocrx_word' id='word_1_149' title='bbox 745 3488 942 3587; x_wconf 87' lang='lat' dir='ltr'><strong>maxime</strong></span> <span class='ocrx_word' id='word_1_150' title='bbox 974 3522 1220 3628; x_wconf 89' lang='lat' dir='ltr'><strong>opportuna</strong></span> <span class='ocrx_word' id='word_1_151' title='bbox 1257 3520 1412 3606; x_wconf 90' lang='lat' dir='ltr'><strong>esset,</strong></span> <span class='ocrx_word' id='word_1_152' title='bbox 1452 3485 1552 3585; x_wconf 86' lang='lat' dir='ltr'><strong>sub-</strong></span> 
     </span>
     <span class='ocr_line' id='line_1_23' title="bbox 100 3567 1554 3767; baseline -0.001 -39"><span class='ocrx_word' id='word_1_153' title='bbox 100 3630 355 3731; x_wconf 87' lang='lat' dir='ltr'><strong>trahendam</strong></span> <span class='ocrx_word' id='word_1_154' title='bbox 408 3567 656 3730; x_wconf 90' lang='lat' dir='ltr'><strong>maridaret.</strong></span> <span class='ocrx_word' id='word_1_155' title='bbox 711 3640 809 3728; x_wconf 91' lang='lat' dir='ltr'><strong>Nec</strong></span> <span class='ocrx_word' id='word_1_156' title='bbox 860 3627 1013 3728; x_wconf 90' lang='lat' dir='ltr'><strong>abnuit</strong></span> <span class='ocrx_word' id='word_1_157' title='bbox 1065 3629 1293 3767; x_wconf 88' lang='lat' dir='ltr'><strong>postulatis</strong></span> <span class='ocrx_word' id='word_1_158' title='bbox 1326 3629 1554 3747; x_wconf 85' lang='lat' dir='ltr'><strong>Andreas,</strong></span> 
     </span>
     <span class='ocr_line' id='line_1_24' title="bbox 97 3767 1553 3913; baseline -0.003 -41"><span class='ocrx_word' id='word_1_159' title='bbox 97 3811 336 3913; x_wconf 90' lang='lat' dir='ltr'><strong>conspecto</strong></span> <span class='ocrx_word' id='word_1_160' title='bbox 374 3773 594 3911; x_wconf 89' lang='lat' dir='ltr'><strong>periculo.</strong></span> <span class='ocrx_word' id='word_1_161' title='bbox 651 3786 861 3873; x_wconf 92' lang='lat' dir='ltr'><strong>Ceterum</strong></span> <span class='ocrx_word' id='word_1_162' title='bbox 899 3812 950 3868; x_wconf 84' lang='lat' dir='ltr'><strong>ex</strong></span> <span class='ocrx_word' id='word_1_163' title='bbox 988 3767 1237 3869; x_wconf 89' lang='lat' dir='ltr'><strong>triremibus</strong></span> <span class='ocrx_word' id='word_1_164' title='bbox 1289 3770 1420 3870; x_wconf 87' lang='lat' dir='ltr'><strong>altera</strong></span> <span class='ocrx_word' id='word_1_165' title='bbox 1461 3772 1553 3870; x_wconf 90' lang='lat' dir='ltr'><strong>telis</strong></span> 
     </span>
     <span class='ocr_line' id='line_1_25' title="bbox 96 3912 1557 4052; baseline 0.001 -43"><span class='ocrx_word' id='word_1_166' title='bbox 96 3912 292 4012; x_wconf 87' lang='lat' dir='ltr'><strong>hostiurn</strong></span> <span class='ocrx_word' id='word_1_167' title='bbox 330 3916 593 4052; x_wconf 88' lang='lat' dir='ltr'><strong>depressa</strong></span> <span class='ocrx_word' id='word_1_168' title='bbox 563 3955 623 4013; x_wconf 83' lang='lat' dir='ltr'><strong>stc</strong></span> <span class='ocrx_word' id='word_1_169' title='bbox 678 3913 869 4013; x_wconf 88' lang='lat' dir='ltr'><strong>haeserat</strong></span> <span class='ocrx_word' id='word_1_170' title='bbox 905 3912 1073 4025; x_wconf 89' lang='lat' dir='ltr'><strong>vadis,</strong></span> <span class='ocrx_word' id='word_1_171' title='bbox 1109 3913 1229 4010; x_wconf 90' lang='lat' dir='ltr'><strong>nulla</strong></span> <span class='ocrx_word' id='word_1_172' title='bbox 1268 3949 1319 4011; x_wconf 88' lang='lat' dir='ltr'><strong>ut</strong></span> <span class='ocrx_word' id='word_1_173' title='bbox 1372 3912 1553 4014; x_wconf 88' lang='lat' dir='ltr'><strong>inde</strong></span> <span class='ocrx_word' id='word_1_174' title='bbox 1508 3950 1557 4011; x_wconf 86' lang='lat' dir='ltr'><strong>vt</strong></span> 
     </span>
     <span class='ocr_line' id='line_1_26' title="bbox 94 4055 1559 4195; baseline -0.001 -43"><span class='ocrx_word' id='word_1_175' title='bbox 94 4092 241 4193; x_wconf 88' lang='lat' dir='ltr'><strong>posset</strong></span> <span class='ocrx_word' id='word_1_176' title='bbox 293 4058 445 4155; x_wconf 88' lang='lat' dir='ltr'><strong>evelli</strong></span> <span class='ocrx_word' id='word_1_177' title='bbox 499 4068 547 4154; x_wconf 92' lang='lat' dir='ltr'><strong>In</strong></span> <span class='ocrx_word' id='word_1_178' title='bbox 602 4070 652 4154; x_wconf 82' lang='lat' dir='ltr'><strong>c&#39;a</strong></span> <span class='ocrx_word' id='word_1_179' title='bbox 706 4096 854 4156; x_wconf 88' lang='lat' dir='ltr'><strong>rerum</strong></span> <span class='ocrx_word' id='word_1_180' title='bbox 902 4055 1133 4195; x_wconf 85' lang='lat' dir='ltr'><strong>iniquitate</strong></span> <span class='ocrx_word' id='word_1_181' title='bbox 1170 4063 1360 4191; x_wconf 87' lang='lat' dir='ltr'><strong>Joannes</strong></span> <span class='ocrx_word' id='word_1_182' title='bbox 1398 4067 1523 4195; x_wconf 88' lang='lat' dir='ltr'><strong>Vega</strong></span> <span class='ocrx_word' id='word_1_183' title='bbox 1539 4130 1559 4172; x_wconf 90' lang='lat'><strong>,</strong></span> 
     </span>
     <span class='ocr_line' id='line_1_27' title="bbox 92 4197 1559 4315; baseline 0.001 -19.003"><span class='ocrx_word' id='word_1_184' title='bbox 92 4197 281 4296; x_wconf 87' lang='lat' dir='ltr'><strong>consilio</strong></span> <span class='ocrx_word' id='word_1_185' title='bbox 334 4235 434 4297; x_wconf 90' lang='lat' dir='ltr'><strong>cum</strong></span> <span class='ocrx_word' id='word_1_186' title='bbox 483 4199 642 4298; x_wconf 88' lang='lat' dir='ltr'><strong>Garcia</strong></span> <span class='ocrx_word' id='word_1_187' title='bbox 698 4197 864 4299; x_wconf 92' lang='lat' dir='ltr'><strong>Toleto</strong></span> <span class='ocrx_word' id='word_1_188' title='bbox 921 4197 1249 4297; x_wconf 89' lang='lat' dir='ltr'><strong>communicato</strong></span> <span class='ocrx_word' id='word_1_189' title='bbox 1286 4275 1300 4315; x_wconf 91' lang='lat'><strong>,</strong></span> <span class='ocrx_word' id='word_1_190' title='bbox 1350 4198 1559 4298; x_wconf 92' lang='lat' dir='ltr'><strong>Oriolam</strong></span> 
     </span>
     <span class='ocr_line' id='line_1_28' title="bbox 94 4337 1555 4480; baseline 0.002 -45"><span class='ocrx_word' id='word_1_191' title='bbox 94 4339 398 4440; x_wconf 85' lang='lat' dir='ltr'><strong>centurionem</strong></span> <span class='ocrx_word' id='word_1_192' title='bbox 443 4340 587 4440; x_wconf 88' lang='lat' dir='ltr'><strong>virum</strong></span> <span class='ocrx_word' id='word_1_193' title='bbox 638 4337 926 4478; x_wconf 86' lang='lat' dir='ltr'><strong>fortissimum</strong></span> <span class='ocrx_word' id='word_1_194' title='bbox 976 4343 1032 4439; x_wconf 94' lang='lat' dir='ltr'><strong>ad</strong></span> <span class='ocrx_word' id='word_1_195' title='bbox 1086 4379 1128 4437; x_wconf 92' lang='lat' dir='ltr'><strong>se</strong></span> <span class='ocrx_word' id='word_1_196' title='bbox 1181 4376 1362 4458; x_wconf 86' lang='lat' dir='ltr'><strong>vocat,</strong></span> <span class='ocrx_word' id='word_1_197' title='bbox 1413 4379 1555 4480; x_wconf 89' lang='lat' dir='ltr'><strong>nego-</strong></span> 
     </span>
     <span class='ocr_line' id='line_1_29' title="bbox 51 4418 1557 4620; baseline 0.003 -44"><span class='ocrx_word' id='word_1_198' title='bbox 51 4526 54 4527; x_wconf 38' lang='lat'><em>*</em></span> <span class='ocrx_word' id='word_1_199' title='bbox 93 4480 295 4620; x_wconf 84' lang='lat' dir='ltr'><strong>riumque</strong></span> <span class='ocrx_word' id='word_1_200' title='bbox 332 4483 447 4599; x_wconf 88' lang='lat' dir='ltr'><strong>dat,</strong></span> <span class='ocrx_word' id='word_1_201' title='bbox 482 4519 530 4583; x_wconf 95' lang='lat' dir='ltr'><strong>ut</strong></span> <span class='ocrx_word' id='word_1_202' title='bbox 567 4519 670 4583; x_wconf 92' lang='lat' dir='ltr'><strong>cum</strong></span> <span class='ocrx_word' id='word_1_203' title='bbox 707 4518 882 4582; x_wconf 90' lang='lat' dir='ltr'><strong>centum</strong></span> <span class='ocrx_word' id='word_1_204' title='bbox 925 4482 1009 4580; x_wconf 88' lang='lat' dir='ltr'><strong>suis</strong></span> <span class='ocrx_word' id='word_1_205' title='bbox 1065 4418 1406 4620; x_wconf 87' lang='lat' dir='ltr'><strong>manipularibus</strong></span> <span class='ocrx_word' id='word_1_206' title='bbox 1460 4521 1557 4581; x_wconf 90' lang='lat' dir='ltr'><strong>ma-</strong></span> 
     </span>
     <span class='ocr_line' id='line_1_30' title="bbox 54 4559 1558 4784; baseline 0.003 -66"><span class='ocrx_word' id='word_1_207' title='bbox 54 4682 57 4687; x_wconf 59' lang='lat'><em>&gt;</em></span> <span class='ocrx_word' id='word_1_208' title='bbox 92 4619 272 4724; x_wconf 79' lang='lat' dir='ltr'><strong>charram</strong></span> <span class='ocrx_word' id='word_1_209' title='bbox 308 4559 659 4745; x_wconf 89' lang='lat' dir='ltr'><strong>conscenderet,</strong></span> <span class='ocrx_word' id='word_1_210' title='bbox 693 4625 819 4784; x_wconf 88' lang='lat' dir='ltr'><strong>eique</strong></span> <span class='ocrx_word' id='word_1_211' title='bbox 856 4621 1070 4762; x_wconf 89' lang='lat' dir='ltr'><strong>praesidio</strong></span> <span class='ocrx_word' id='word_1_212' title='bbox 1108 4659 1247 4741; x_wconf 90' lang='lat' dir='ltr'><strong>esset,</strong></span> <span class='ocrx_word' id='word_1_213' title='bbox 1276 4665 1325 4723; x_wconf 91' lang='lat' dir='ltr'><strong>ac</strong></span> <span class='ocrx_word' id='word_1_214' title='bbox 1361 4658 1558 4724; x_wconf 86' lang='lat' dir='ltr'><strong>tormen</strong></span> 
     </span>
     <span class='ocr_line' id='line_1_31' title="bbox 93 4763 1555 4908; baseline 0.006 -45"><span class='ocrx_word' id='word_1_215' title='bbox 93 4763 305 4893; x_wconf 82' lang='lat' dir='ltr'><strong>rariorum</strong></span> <span class='ocrx_word' id='word_1_216' title='bbox 339 4768 644 4871; x_wconf 90' lang='lat' dir='ltr'><strong>ministrorum</strong></span> <span class='ocrx_word' id='word_1_217' title='bbox 696 4764 978 4908; x_wconf 89' lang='lat' dir='ltr'><strong>militumque</strong></span> <span class='ocrx_word' id='word_1_218' title='bbox 1028 4764 1199 4868; x_wconf 90' lang='lat' dir='ltr'><strong>animos</strong></span> <span class='ocrx_word' id='word_1_219' title='bbox 1249 4766 1555 4872; x_wconf 71' lang='lat' dir='ltr'><strong>confirmarett</strong></span> 
     </span>
    </p>
   </div>
   <div class='ocr_carea' id='block_1_3' title="bbox 1483 4907 1558 5006">
    <p class='ocr_par' dir='ltr' id='par_1_5' title="bbox 1483 4907 1558 5006">
     <span class='ocr_line' id='line_1_32' title="bbox 1483 4907 1558 5006; baseline 0 0"><span class='ocrx_word' id='word_1_220' title='bbox 1483 4907 1558 5006; x_wconf 86' lang='lat' dir='ltr'><strong>sed</strong></span> 
     </span>
    </p>
   </div>
   <div class='ocr_carea' id='block_1_4' title="bbox 0 0 2056 5864">
    <p class='ocr_par' dir='ltr' id='par_1_6' title="bbox 0 0 2056 5864">
     <span class='ocr_line' id='line_1_33' title="bbox 0 0 2056 5864; baseline 0 0"><span class='ocrx_word' id='word_1_221' title='bbox 0 0 2056 5864; x_wconf 95' lang='lat' dir='ltr'><strong> </strong></span> 
     </span>
    </p>
   </div>
  </div>
 </body>
</html>
