4042 5864
349 470 350 473 ’
469 463 677 534 Palamosum
711 481 877 534 remanere
910 457 1065 546 jubetur.
1098 458 1127 525 I.
1234 455 1370 555 effugit.
1397 457 1428 525 1.
1451 480 1511 550 41.
1540 459 1764 528 secretiorum
1793 476 1903 526 eausa·

471 567 559 651 464.
603 565 636 629 A
666 564 802 633 Caesare
846 556 890 626 ad
934 563 1133 655 Regnorum
1238 582 1311 627 rum
1322 557 1435 629 Caroli
1454 558 1668 629 consiliarius
1682 556 1899 626 Marchioua·

475 659 620 732 confinia
647 659 688 728 de
712 681 790 755 pace
814 674 946 727 acturus
971 657 1129 726 mittitur.
1237 677 1312 726 tum
1341 656 1580 727 Montisferrati
1614 654 1714 726 Duci
1739 657 1896 751 Mamps-

474 762 519 830 11.
550 760 607 828 28.
637 762 832 851 Numquam
856 779 916 824 nec
942 755 1057 838 domi,
1076 777 1135 825 nec
1238 781 1284 826 no
1311 780 1370 826 suo
1381 751 1536 857 suffragio
1553 753 1744 843 adjudicat.
1779 756 1891 847 1453.

475 859 609 930 militiae
637 882 655 926 a
680 858 807 928 Carolo
831 855 985 925 discedit.
1010 858 1056 923 Il.
1079 876 1133 946 31.
1238 856 1468 924 Internuntius
1500 863 1677 924 Procerum
1706 855 1897 926 Concilium

475 956 702 1053 Disputationi
731 957 985 1053 Theologorum
1010 957 1136 1024 catho-
1241 952 1331 1023 adire
1349 955 1470 1040 jussus.
1500 957 1544 1022 11.
1559 971 1613 1044 79.

474 1060 616 1130 licorum
652 1076 684 1124 et
713 1055 982 1126 Luthcranorum
1025 1051 1138 1124 Ratis·
1191 1047 1348 1122 Guevara
1373 1052 1557 1142 (Joannes)
1588 1049 1758 1144 Hispanus
1785 1069 1901 1120 centu-

476 1156 582 1226 bonae
610 1179 686 1224 cum
710 1156 845 1224 Comite
872 1153 1022 1222 Palatino
1045 1171 1139 1246 prae-
1242 1151 1291 1220 rio
1333 1148 1367 1219 in
1405 1149 1590 1219 custodiam
1625 1148 1744 1245 recipit
1774 1151 1900 1220 Hessiae

475 1276 543 1326 est.
573 1257 617 1322 ΙΙ.
652 1274 729 1342 125.
758 1252 952 1322 Vormatiae
989 1272 1138 1319 conven-
1242 1250 1499 1345 Lantgravium.
1524 1253 1570 1319 11.
1608 1270 1689 1341 325.
1727 1247 1898 1319 Venenum

476 1358 526 1425 tui
561 1377 622 1449 pro
646 1354 771 1424 Carolo
804 1369 946 1448 praeest.
975 1351 1019 1416 11.
1057 1369 1134 1439 123.
1239 1373 1283 1420 ex
1310 1345 1503 1418 Mediolano
1527 1364 1764 1443 praeparatum
1806 1347 1902 1419 adve-

477 1455 665 1525 Voluntate
681 1453 824 1522 Caesaris
849 1450 889 1519 de
912 1448 997 1545 pacis
1021 1447 1139 1519 eondi-
1241 1447 1290 1518 hit
1308 1446 1351 1516 ad
1371 1447 1605 1544 lantgravium
1627 1445 1845 1516 necandum..
1860 1454 1902 1523 ll.

478 1553 626 1623 tionibus
656 1576 733 1621 cum
755 1549 940 1621 Almirallio
968 1547 1057 1653 agit.
1089 1547 1133 1619 ll.
1247 1566 1324 1648 340.
1364 1546 1503 1641 Hispani
1543 1544 1711 1641 peditatus
1754 1546 1903 1619 tribunus

481 1674 569 1739 251.
1059 1663 1061 1673 ’
1244 1645 1361 1723 milites
1384 1645 1548 1738 Hispanos
1583 1646 1679 1713 classe
1707 1664 1903 1741 transporta·

431 1748 613 1826 Gratianus
639 1744 868 1815 Theodosium
892 1745 1083 1838 Hispanum·
1103 1740 1142 1811 in.
1241 1761 1301 1813 tos
1316 1742 1571 1836 Oenspruchum
1591 1741 1687 1812 ducit
1700 1791 1716 1810 ..
1748 1748 1794 1811 Il.
1819 1766 1898 1837 431.

480 1843 614 1941 Imperii
641 1846 829 1915 societatem
858 1844 1003 1912 asciscit.
1027 1844 1054 1908 Ι.
1076 1844 1131 1909 26.
1243 1839 1382 1933 Hispani
1400 1840 1564 1934 peditatus
1583 1840 1741 1912 tribunus
1760 1845 1905 1914 Tarvan·

253 1939 293 2032 χ’
433 1949 564 2027 Granni
590 1945 761 2013 Valentiae
794 1943 923 2012 navalis.
940 1940 1030 2011 vicus
1057 1937 1142 2017 diri-2
1243 1963 1321 2009 tram
1340 1958 1532 2037 oppugnat.
1560 1946 1606 2010 ΙΙ.
1630 1961 1718 2030 457.

248 2038 252 2067 ³
482 2045 594 2142 pitur.
623 2044 666 2111 11.
700 2066 786 2111 111..
1197 2041 1355 2112 Guevara
1383 2041 1684 2130 (Petrusvelez).
1719 2052 1752 2110 V.
1779 2041 1902 2142 Ognati

434 2144 608 2216 Gravissae
650 2140 813 2236 oppidum
848 2161 946 2209 nunc·
983 2148 1140 2207 cornetum
1245 2142 1384 2210 Comes..
1840 2134 1842 2139 ’

481 2258 662 2311 uocatum.
690 2242 728 2306 L.
747 2242 826 2329 346.
1195 2238 1340 2317 Gallae,
1364 2235 1429 2304 sive
1455 2234 1734 2306 Gandavensium
1755 2235 1904 2307 sodalita-

435 2340 619 2414 Grimanus
642 2338 825 2421 (Marcus),
847 2331 1038 2407 Patriarcha
1059 2332 1141 2405 Ale-
1244 2353 1308 2403 tes.
1336 2336 1382 2401 II.
1417 2334 1492 2402 108.

484 2434 687 2508 xandriuus.
716 2435 760 2500 11.
790 2436 843 2520 56.
1197 2430 1396 2509 Guilielmus
1409 2432 1532 2519 Crojus
1540 2454 1599 2526 per
1617 2430 1829 2502 administros
1837 2437 1899 2502 Ec·

436 2538 620 2630 Gryssones
653 2530 788 2611 Rhaetii
830 2531 929 2598 etiam
969 2525 1148 2623 appellati..¹
1246 2529 1372 2605 alesiam
1395 2531 1594 2606 Toletanam
1631 2533 1819 2600 moderatus
1842 2554 1898 2598 ur-

485 2637 519 2709 Ι.
549 2652 631 2719 125.
1027 2627 1029 2629 ’
1246 2628 1322 2696 bem
1359 2647 1392 2695 et
1435 2631 1602 2723 regionem
1651 2630 1821 2726 Hispaniae
1858 2653 1895 2697 o·

437 2721 634 2824 Gropperus
657 2728 841 2819 (Joanncs)
864 2722 1059 2819 Theologus
1074 2726 1144 2791 Ca·
1246 2725 1500 2820 pulentissimam
1539 2730 1730 2822 exportatis
1762 2728 1792 2796 iu
1818 2728 1896 2797 Gal.-

485 2829 629 2898 tholicus
652 2850 730 2894 cum
762 2824 895 2894 duobus
924 2821 992 2891 aliis
1019 2819 1149 2889 Cath02
1245 2824 1323 2894 liam
1352 2825 1516 2921 Belgicam
1553 2828 1705 2922 pecuniis
1734 2828 1898 2923 exspoliat.

343 2934 344 2944 ’
485 2927 554 2996 licis
573 2923 753 3018 Theologis
773 2922 816 2991 ad
831 2917 1070 3014 disputandum
1085 2915 1145 2990 ad.-
1248 2927 1360 3010 1.,49,
1422 2925 1424 2929 “
1567 2922 1571 2930 ’

487 3046 603 3092 versus.
620 3022 825 3093 Lutheranos
853 3017 1057 3093 Ratisbonae
1088 3015 1145 3088 de-
1198 3017 1397 3095 Guilielmus
1420 3016 1519 3088 frater
1542 3021 1704 3091 Bavariae
1725 3022 1830 3093 Ducis
1844 3028 1905 3098 Ra·

347 3141 352 3155 ·
487 3119 620 3215 ligitur.
644 3120 689 3187 ll.
719 3138 799 3204 125.
1247 3117 1412 3188 tisbonam
1437 3117 1612 3191 convenit.
1638 3125 1688 3190 11.
1716 3143 1802 3211 104.

438 3217 687 3302 Guadalcanale
714 3215 862 3285 Baeticae
892 3211 1074 3309 oppidum.
1097 3213 1141 3279 ΙΙ.
1178 3215 1400 3290 ¹Guilielmus
1427 3219 1587 3287 cridiensis
1614 3221 1702 3290 Dux
1734 3222 1902 3292 Gallorum

490 3336 569 3406 520.
593 3315 672 3402 Ejus
690 3314 858 3407 municeps
879 3311 1044 3384 Martinus
1066 3312 1146 3382 Der·
1247 3315 1333 3412 Regi
1367 3313 1495 3383 studet.
1519 3319 1566 3384 11.
1594 3322 1675 3400 196.
1700 3318 1905 3389 Brabtntiam

486 3412 590 3510 gadus
630 3411 676 3490 ibi
715 3412 935 3508 argentarium
974 3409 1143 3479 metallum
1247 3433 1306 3506 per
1322 3413 1508 3482 Martinum
1524 3417 1737 3490 Rossemium
1767 3417 1902 3486 invadit.

486 3510 632 3586 invenit.
661 3511 714 3580 11.
739 3532 816 3598 520.
842 3509 986 3587 Fodinae
999 3506 1152 3594 ejusdem.
1247 3510 1560 3603 11.197.1nducias
1583 3519 1767 3586 aCaesare
1790 3539 1908 3612 propo·

488 3608 636 3678 divitiae.
661 3609 706 3680 ΙΙ,
736 3631 815 3695 521.
1246 3610 1320 3683 sitas
1337 3627 1458 3678 temere
1473 3610 1642 3705 repudiat.
1673 3619 1815 3704 II.197.
1839 3618 1904 3682 Ca·

440 3705 675 3780 Guadalcazar
697 3705 887 3799 oppidum..
904 3707 949 3781 ΙΙ.
974 3726 1056 3793 140..
1216 3750 1221 3759 »
1247 3706 1308 3775 roli
1334 3724 1466 3779 tantum
1482 3710 1656 3783 clementia
1680 3711 1787 3782 fretus
1801 3715 1831 3781 in
1853 3735 1905 3781 ca-

439 3803 690 3875 Guadarramao
723 3801 832 3881 fauces
861 3801 908 3882 ad·
937 3799 1154 3898 Orospedautz
1247 3823 1313 3874 stra
1337 3828 1415 3874 cum
1431 3806 1541 3901 paucis
1551 3811 1661 3877 venit.
1688 3815 1736 3879 II.
1752 3835 1833 3881 202.
1856 3807 1911 3879 Ad.

486 3903 625 3977 saltum.
650 3904 677 3969 1.
697 3905 756 3986 65.
1040 3902 1045 3908 ’
1249 3904 1412 3973 Carolum
1441 3929 1526 3974 cum·
1554 3908 1721 3993 meinata
1748 3910 1903 3980 sedentem

439 3999 659 4073 Guadixonsis
704 3999 913 4096 Episcopus..
948 4011 988 4072 V..
1027 3998 1152 4097 Aguils·
1251 3999 1746 4090 deductusorationemhabet‚
1765 4033 1834 4102 qua
1847 4008 1909 4093 ejus

487 4099 753 4189 (Antonius).¹
1249 4098 1489 4169 humanitatem
1523 4103 1703 4198 implorat.
1745 4111 1793 4176 ΙΙ.
1835 4127 1908 4174 202.

442 4196 600 4268 Guardia.
616 4196 797 4293 oppidum.
827 4198 854 4263 I‘.
888 4194 965 4262 108.
1248 4198 1461 4288 Juliacensem
1497 4219 1529 4267 et
1562 4205 1763 4273 Clevensem
1799 4208 1909 4274 Duca-

440 4294 602 4364 Guevara·
624 4295 837 4381 (Antonius)
858 4293 1041 4386 Episcopus
1059 4290 1147 4367 Min·
1248 4313 1343 4376 tum,
1359 4299 1489 4367 veniaa
1503 4302 1628 4373 Carolo
1642 4303 1839 4400 impetrata,
1854 4322 1906 4367 re-

487 4391 677 4477 douiemis‚
707 4393 876 4466 Castellae-
903 4391 1061 4467 Concilio
1094 4393 1147 4469 in·
1249 4392 1350 4488 cipit.
1384 4400 1430 4464 11.
1452 4419 1531 4486 204.
1707 4402 1710 4406 ’

487 4507 609 4561 terest.
629 4494 673 4564 11.
698 4496 765 4567 66.
1201 4491 1406 4566 Guilielmus
1429 4495 1628 4592 Irantgrattii¹
1656 4497 1746 4569 lilius
1777 4515 1910 4568 coutras

439 4583 594 4657 Guevara
622 4588 848 4671 (Femandus)
880 4587 1063 4658 Siculorum
1089 4605 1157 4656 tu-.
1250 4608 1316 4660 ctas
1348 4593 1458 4688 copias
1488 4617 1565 4663 cum
1597 4597 1760 4669 Mauricii
1794 4596 1911 4668 Albec-

485 4687 631 4761 multum
656 4688 842 4780 cognoscit.
869 4687 896 4753 l.
934 4704 987 4778 39.
1018 4687 1151 4771 eonju-
1249 4690 1342 4781 tique
1372 4691 1474 4786 copiis
1513 4694 1705 4792 conjungit.
1749 4702 1797 4768 II.
1828 4718 1906 4786 4¹7·

486 4804 646 4866 rator-um.
681 4783 991 4865 Panormitauorum
1031 4807 1159 4860 uranus.
1247 4790 1501 4887 Qeospruchum
1517 4790 1563 4867 ad
1582 4797 1753 4869 Carolum
1781 4819 1837 4895 per
1852 4796 1914 4876 Al*

1798 4899 2004 5020 ,Μ
