3998 5850
516 449 604 559 416
887 455 970 535 ou
1020 447 1226 534 nurus
1275 447 1502 530 oasrrs

469 612 631 715 obsessi
668 608 814 756 paucis
856 607 1010 710 diebus
1047 602 1327 710 deditionem
1356 606 1495 709 facere
1531 642 1774 758 coguntur
1814 612 1938 718 Ceba

471 798 654 899 quoque
691 756 915 857 castellum
953 794 1027 896 per
1061 756 1110 853 id
1145 789 1315 894 tempus
1349 755 1517 853 eisdem
1554 751 1789 855 Gallorum
1822 761 1931 860 arti-

467 900 582 1022 bus,
620 938 662 1001 et
696 900 833 1001 Italici
869 898 1073 1039 praesidii
1112 897 1347 1038 perfidia
1335 938 1382 997 rn
1420 897 1615 998 hostium
1672 934 1927 1039 potestatem

467 1045 617 1147 venit
685 1055 824 1175 Cujus
874 1042 1142 1183 recipiendi
1166 1083 1291 1142 causa
1342 1055 1568 1142 Francesus
1612 1043 1927 1169 Viamontius,

468 1191 777 1328 Hispanorum
823 1189 1021 1327 peditum
1057 1183 1254 1286 tribunus
1285 1263 1299 1305 ,
1333 1226 1438 1286 curn
1476 1195 1565 1316 ejus
1601 1189 1743 1328 gentis
1780 1191 1927 1292 militi-

471 1331 589 1451 bus,
626 1321 706 1471 qui
743 1368 912 1471 septem
948 1332 1070 1471 signa
1106 1331 1431 1471 sequebantur,
1468 1369 1697 1469 properare
1733 1331 1921 1464 jubetur:

469 1475 722 1616 Cignechus
774 1475 931 1574 deinde
983 1513 1084 1574 cum
1136 1485 1465 1574 Germanorum
1518 1473 1653 1574 tribus
1706 1475 1920 1600 millibus,

467 1655 691 1756 praeterea
744 1620 910 1758 equites
963 1616 1175 1734 trecenti,
1213 1654 1261 1715 ut
1297 1617 1400 1746 jussi
1451 1652 1573 1716 etant
1605 1616 1919 1761 ,subsequun-

469 1795 566 1862 tur.
605 1763 686 1861 Sed
723 1759 1024 1864 accedentibus
1053 1759 1288 1920 Hispanis,
1310 1759 1573 1898 praesidium
1609 1801 1635 1859 a
1671 1762 1852 1861 Gallis
1842 1801 1916 1864 tm-

467 1905 665 2045 positum
696 1907 742 2006 in
780 1945 924 2005 arcem
956 1944 1040 2006 sese
1067 1904 1257 2043 recepits
1282 1939 1387 2002 tunc
1424 1902 1585 2004 eisdem
1621 1906 1782 2004 nostris
1819 1904 1913 2009 hanc

470 2085 728 2188 oppugnare
765 2045 1050 2190 parantibus,
1086 2082 1128 2149 et
1165 2085 1383 2148 tormenta
1419 2047 1772 2170 collocantibus,
1805 2092 1845 2151 se
1875 2052 1909 2154 in

466 2193 659 2291 Francesi
695 2228 955 2335 potestatem
992 2190 1311 2332 permiserunt.

539 2344 642 2433 XV
717 2337 939 2451 Carolus,
978 2371 1028 2433 ut
1064 2375 1090 2432 a
1131 2335 1338 2435 Concilio
1382 2333 1690 2435 Tridentino
1709 2372 1754 2437 et
1789 2336 1907 2438 moti

465 2471 548 2576 bus
583 2475 737 2576 Italicis
774 2478 953 2617 propius
988 2476 1179 2596 abesset,
1206 2477 1550 2616 Oensptuclrum
1585 2519 1794 2600 venerat,
1835 2521 1906 2620 op-

382 2637 384 2641 ‘
462 2618 670 2758 pidum
660 2661 705 2718 tn
742 2619 901 2720 finibus
938 2620 1074 2761 Regis
1100 2623 1311 2721 Femandi
1346 2618 1553 2721 fratris
1523 2660 1657 2722 suurn
1688 2624 1809 2722 ad
1781 2664 1902 2762 rrpam

462 2763 578 2862 Oe
537 2801 584 2862 nr
621 2763 871 2925 ⁸fluminis,
919 2802 1005 2903 qua
1055 2800 1283 2904 pontem,
1336 2766 1455 2864 unde
1503 2804 1670 2868 nomen
1721 2768 1902 2906 oppido,

465 2906 806 3026 committitur,
847 2905 1000 3066 ibique
1045 2947 1147 3007 cum
1184 2909 1326 3049 paucis
1370 2907 1480 3008 nibil
1517 2907 1677 3010 hostile
1726 2948 1904 3010 metuens

464 3048 754 3150 morabatur.
791 2984 1018 3149 'Henticus
1060 3088 1208 3150 autem
1221 3051 1359 3150 illius
1407 3051 1648 3152 absentiam
1685 3093 1712 3151 a
1748 3063 1903 3155 Germa·

462 3189 539 3289 nia
574 3230 695 3291 suam
729 3193 1007 3293 occasionem
1043 3230 1185 3314 ratus,
1226 3205 1552 3294 Germanorum
1589 3195 1835 3335 principes,
1865 3228 1903 3293 ut

463 3371 507 3434 et
542 3335 628 3474 ipsi
661 3376 687 3435 a
721 3337 886 3437 Catolo
923 3335 1181 3456 deficerent,
1224 3379 1356 3481 seque
1391 3337 1439 3436 in
1475 3339 1750 3457 libertatem,
1788 3375 1904 3501 quan

463 3476 521 3578 ab
556 3479 635 3579 illo
670 3516 866 3620 ereptam
902 3479 1042 3581 videri
1079 3479 1299 3600 volebat,
1340 3479 1652 3601 vindicarent,
1688 3517 1732 3581 et
1769 3483 1905 3582 civita·

463 3619 581 3738 tibus
616 3622 849 3726 deficiendi
886 3660 1080 3725 auctores
1107 3623 1259 3748 fierent
1277 3624 1481 3765 ,magnis
1506 3625 1710 3765 praemiis
1748 3662 1791 3727 et
1782 3622 1905 3787 'pol

463 3764 778 3866 licitationibus
820 3768 1035 3868 solicitate
1078 3806 1167 3868 non
1203 3767 1406 3887 desistit,
1449 3768 1742 3908 appellatus
1730 3769 1909 3868 mittor

465 3909 687 4009 Mauricio
724 3921 927 4031 Saxone,
939 3948 1008 4010 et
1044 3909 1225 4009 Alberto
1262 3909 1521 4013 Marchione
1562 3910 1908 4056 Brandebutgen·

365 4048 366 4051 Ὺ
469 4052 546 4170 si,
583 4052 664 4194 qui
700 4091 790 4151 non
833 4051 1017 4152 obscure
1053 4036 1242 4153 alienum
1286 4055 1509 4154 animum
1521 4094 1547 4153 a
1589 4055 1757 4156 Carolo
1799 4094 1912 4213 gete-

471 4129 609 4315 bairt,
645 4194 896 4335 praesertim
932 4195 1170 4339 Mauricius
1209 4230 1383 4336 propter
1419 4196 1666 4326 injuriam,
1708 4238 1839 4337 quarn
1870 4234 1916 4294 tn

469 4337 677 4479 Philippo
702 4339 976 4500 Lantgtavio
988 4331 1139 4439 socero
1167 4338 1248 4439 sibi
1276 4337 1370 4439 fieri
1410 4339 1797 4479 interpretabatur
1824 4336 1920 4439 Plri-

469 4480 613 4619 lippus
650 4485 799 4602 enim,
834 4481 1082 4600 Mauricio,
1100 4517 1143 4581 et
1178 4483 1409 4582 Delectote
1444 4483 1848 4625 Brandeburgensi,
1879 4516 1923 4581 ut

471 4662 603 4762 supra
639 4561 987 4726 demoristtatum
1033 4660 1167 4746 est,
1191 4625 1438 4725 auctoribus
1477 4665 1539 4725 ac
1581 4628 1925 4766 deprecatoribus

471 4808 516 4870 se
557 4767 605 4870 in
654 4771 825 4870 Caroli
846 4804 1111 4913 potestatem
1159 4808 1208 4870 ca
1242 4769 1502 4869 conditione
1544 4809 1850 4913 permiserat,
1885 4806 1929 4870 ut

1864 4913 1931 5017 vi-
