4034 5858
594 483 598 497 ,
721 430 825 501 CAR

462 531 655 631 impositis,
690 547 812 598 ceteras
846 527 989 598 domum
1022 525 1129 597 redire

357 696 359 699 .
462 634 582 726 jubet,
605 630 673 726 ipse
700 652 780 699 cum
804 629 872 698 sola
900 630 1126 726 Hispanorum

463 752 616 804 veterana
644 752 745 798 manu
762 750 887 821 ,quam
911 729 972 798 sibi
995 743 1128 824 praeto-

463 831 547 904 riam
570 832 743 900 cohortem
766 850 830 898 esse
856 828 958 912 vult,
982 827 1016 897 in
1044 825 1126 897 Sici-

463 931 541 1002 liam
569 929 768 1022 Italiamque
792 926 948 1023 navigat.
984 932 1012 997 1.
1041 946 1126 1016 410.

463 1033 673 1126 Tempestate
698 1026 916 1125 prohibetur,
929 1047 971 1095 ne
987 1024 1127 1120 Aphro·

463 1130 584 1202 disium
601 1129 763 1226 naviget,
787 1150 891 1220 quam
920 1145 1046 1196 tentare
1065 1123 1127 1194 de·

462 1250 632 1303 creverat.
657 1234 685 1298 1.
708 1250 794 1320 411.
827 1226 1015 1324 Diligenter
1035 1223 1126 1295 Sicu-

463 1332 576 1402 lorum
611 1329 710 1398 rebus
745 1325 930 1422 prospicit.
978 1329 1006 1395 Ι.
1039 1345 1127 1416 411.

462 1428 709 1503 Praefectorum
725 1426 849 1497 Siciliae
861 1421 1026 1519 quosdam
1047 1447 1127 1522 gra·

465 1531 498 1599 vi
530 1527 655 1619 judicio
697 1527 857 1598 damnat.
896 1530 925 1594 Ι.
952 1546 1038 1616 411.
1071 1524 1127 1592 De

464 1627 671 1726 profectione
688 1624 811 1696 Gallici
834 1621 996 1695 exercitus
1021 1622 1055 1689 in
1070 1624 1128 1690 Sa-

464 1725 625 1799 baudiam
641 1727 762 1796 certior
776 1721 902 1805 factus,
920 1721 1128 1791 vehementer

465 1833 730 1906 commovetur,
748 1820 844 1916 quod
858 1822 904 1891 ita
924 1821 972 1890 sui
991 1840 1127 1890 conatus

466 1926 509 1998 de
532 1924 688 1997 Concilio
709 1921 926 1992 Sacerdotum
943 1918 1126 2003 universali,

465 2049 498 2097 et
520 2024 561 2096 de
584 2025 674 2094 bello
696 2023 858 2093 Saracenis
876 2017 1048 2090 inferendo
1063 2018 1128 2088 im-

464 2125 706 2227 pediebantur.
738 2125 866 2214 L412.
886 2119 944 2189 Ad
960 2118 1127 2215 Argeliam

464 2221 730 2323 oppugnandum
742 2220 923 2292 exercitum
934 2219 968 2288 in
977 2217 1126 2288 Africam

464 2327 613 2414 trajicere
632 2318 795 2391 decernit.
829 2325 858 2388 Ι.
885 2340 969 2410 412.
997 2318 1128 2388 Dolore

466 2421 679 2520 Magonensis
718 2417 833 2513 oppidi
872 2442 891 2488 a
933 2414 1127 2485 Charadino

465 2519 610 2616 direpti,
631 2518 764 2610 aliisque
788 2516 830 2586 de
859 2514 961 2585 causis
1002 2515 1127 2584 bellum

463 2620 622 2696 Africum
646 2639 801 2688 renovare
832 2616 988 2713 cogitat,
1010 2633 1043 2682 et
1066 2636 1127 2708 pa-

463 2742 539 2795 rat.
564 2723 591 2788 1.
609 2722 694 2809 416.
741 2721 781 2786 In
803 2717 955 2813 Belgium
982 2715 1129 2784 Germa-

463 2821 623 2911 niamque
645 2815 776 2898 scribit,
792 2834 832 2885 ut
851 2813 972 2885 auxilia
982 2812 1130 2883 celeriter

463 2921 501 2992 irr
538 2917 742 3012 Cisalpinam
777 2915 923 2984 Galliam
975 2912 1129 2983 adversus

463 3017 648 3089 Gallorum
680 3012 790 3110 copias
820 3012 975 3084 Antonio
1009 3011 1129 3082 Leivae

465 3115 668 3187 mittantur.
702 3118 731 3181 Ι.
748 3114 833 3201 416.
869 3110 1084 3208 Legationem
1107 3132 1128 3178 a

462 3212 635 3287 Francisco
657 3212 836 3281 Gallorum
863 3215 956 3307 Rege
984 3208 1127 3305 accipit,

463 3337 533 3409 qua
557 3331 705 3409 rogatur,
724 3331 761 3379 ut
782 3330 916 3406 accepta
931 3332 1051 3407 magna
1067 3329 1129 3402 pe·

463 3415 580 3484 cuniae
595 3411 628 3478 vi
652 3409 837 3479 Henricum
864 3409 971 3481 lilium
995 3406 1129 3480 Medio·

463 3511 534 3584 lani
565 3514 699 3582 Ducem
740 3507 943 3579 constituat.
980 3512 1009 3578 Ι.
1041 3530 1128 3600 4¹7·

464 3611 559 3684 Huic
581 3607 739 3706 legationi
773 3605 977 3702 respondet,
1003 3603 1129 3703 precari

463 3734 519 3793 se,
546 3729 583 3779 ut
607 3709 649 3779 ab
673 3706 768 3776 armis
784 3726 860 3778 ante
886 3702 1054 3786 discedat;
1074 3729 1128 3776 se·

463 3832 533 3904 que
557 3808 719 3879 Carolum
740 3804 885 3894 ejusdem
904 3806 1004 3902 Regis
1019 3804 1126 3877 lilium

461 3905 702 3983 Mediolanensi
718 3905 917 4002 principatui
940 3903 1128 4001 praefectu-

461 4034 564 4082 rum.
580 4013 608 4077 Ι.
633 4007 718 4098 4ι8.
748 4008 875 4074 Carolo
891 4004 983 4074 Duci
1005 4005 1128 4074 Sabau·

462 4109 536 4180 diae
555 4130 589 4178 se
619 4129 688 4176 non
709 4128 774 4175 esse
797 4102 990 4173 defuturum
1019 4103 1127 4199 profi·

412 4279 415 4283 ,
461 4227 574 4279 tetur.
599 4212 629 4276 Ι.
645 4224 729 4297 419.
761 4202 937 4298 Neapolim
964 4203 1127 4297 pervenit,

464 4327 498 4378 et
521 4307 711 4402 Principum
731 4301 968 4402 gratulationes
995 4300 1036 4371 de
1059 4310 1126 4373 Pu-

463 4405 537 4477 nica
565 4406 704 4477 victoria
722 4402 863 4502 accipit.
894 4406 922 4471 Ι.
939 4421 1023 4492 419.
1051 4409 1126 4478 Ro-

463 4528 555 4575 mam
580 4504 764 4602 ingreditur
796 4526 916 4601 magna
933 4511 1068 4600 'pompa
1091 4522 1126 4572 et

462 4602 633 4675 bonorum
663 4602 866 4702 insignibus.
904 4606 942 4671 Ι.
959 4624 1041 4693 420.
1088 4606 1122 4674 A

1236 534 1331 608 Tum
1359 552 1417 631 per
1436 432 1656 625 sessulipa
1691 522 1907 597 franciscum

1237 641 1375 709 Covum
1406 648 1441 700 et
1478 629 1659 702 Nicolaum
1702 625 1902 696 Granvelam

1182 811 1186 817 ,
1236 734 1435 809 Pontificem
1460 749 1494 799 et
1522 725 1721 800 Cardinales
1751 723 1797 795 ad
1816 729 1904 794 Con<

1238 836 1351 907 cilium
1377 830 1526 930 generale
1561 825 1755 926 cogendum
1789 823 1902 894 cohor-

1236 954 1352 1006 tatur.
1368 935 1396 1001 Ι.
1415 951 1500 1024 423.
1525 925 1789 1027 Religiosissima
1815 946 1906 1015 quae·

1223 1037 1304 1129 'que
1327 1030 1467 1103 delubra
1494 1026 1649 1111 adire,et
1674 1025 1839 1116 antiquae
1853 1046 1910 1091 ur-

1236 1134 1286 1204 bis
1308 1130 1445 1228 vestigia
1462 1129 1565 1199 visere
1580 1127 1675 1197 nullo
1704 1143 1839 1194 armato
1853 1121 1910 1191 mi·

1235 1233 1292 1305 lite
1317 1231 1454 1328 stipatus
1483 1251 1552 1296 non
1584 1222 1733 1296 desistit.
1765 1228 1796 1292 I.
1824 1243 1906 1316 423.

1236 1331 1353 1404 Animi
1392 1326 1565 1399 securitate
1604 1344 1637 1394 et
1675 1320 1906 1422 magnitudine

1235 1428 1400 1506 Romanis
1424 1426 1608 1523 plurimum
1632 1446 1699 1493 sese
1732 1445 1906 1494 commen·

1236 1529 1296 1602 dat
1314 1579 1323 1598 .
1340 1535 1370 1601 1.
1386 1547 1472 1620 424.
1499 1530 1666 1622 Legatum
1683 1547 1701 1591 a
1718 1529 1820 1620 Rege
1829 1520 1906 1592 Gal·

1236 1632 1271 1702 lo
1302 1654 1381 1700 cum
1414 1624 1508 1696 novis
1540 1623 1716 1715 liberisque
1746 1618 1904 1692 mandatis

1235 1726 1358 1801 frustra
1382 1742 1530 1820 spectat.
1557 1728 1586 1792 Ι.
1608 1743 1694 1813 424.
1722 1720 1902 1792 Bellumin

1235 1826 1427 1898 ulteriorem
1457 1820 1606 1893 Galliam
1633 1819 1816 1892 transferre
1846 1818 1898 1888 de·

1235 1925 1364 1997 cernit.
1393 1929 1422 1993 Ι.
1434 1926 1517 2014 426.
1555 1926 1587 1991 A
1610 1922 1799 1992 Gallorum
1816 1924 1898 2016 Rege

1235 2050 1293 2122 per
1323 2026 1446 2094 litteras
1469 2041 1501 2090 et
1530 2041 1590 2115 per
1616 2023 1747 2118 legatos
1779 2020 1897 2089 calum·

1234 2126 1295 2195 niis
1316 2143 1350 2193 et
1367 2121 1576 2194 contumeliis
1593 2120 1689 2216 apud
1711 2117 1900 2191 Pontificem

1232 2244 1266 2294 et
1294 2220 1525 2295 Cardirralium
1557 2238 1711 2288 senatum
1747 2237 1902 2288 vexatur.

1232 2328 1262 2396 Ι.
1278 2325 1362 2414 426.
1390 2318 1605 2392 Convocatis.
1618 2319 1802 2389 Gallorum
1830 2322 1897 2390 Re-

1232 2423 1304 2520 gis,
1335 2441 1369 2491 et
1394 2421 1605 2488 Venetorum
1646 2437 1898 2508 ceterorumque

1230 2520 1422 2616 Principum
1443 2502 1568 2614 legatii,
1585 2518 1803 2615 gravissimam
1819 2538 1892 2583 ora·

1230 2620 1358 2692 tionem
1377 2617 1468 2715 apud
1485 2616 1684 2687 Pontificem
1715 2634 1747 2683 et
1772 2611 1894 2683 Cardi-

1232 2720 1319 2790 nales
1337 2718 1473 2800 habet,
1504 2739 1573 2808 qua
1604 2714 1726 2812 gratias
1756 2713 1818 2807 agit
1843 2709 1887 2781 de

1230 2816 1523 2890 Senatusconsulto
1558 2813 1708 2884 Concilii
1737 2810 1889 2882 Ecclesia·

1227 2918 1301 2989 stici
1324 2913 1466 3014 cogendi
1489 2963 1500 2996 ,
1524 2911 1624 2982 etde
1648 2911 1775 3001 injuriis
1800 2913 1896 2979 Fran·

1230 3017 1306 3087 cisci
1321 3015 1423 3113 Regis
1448 3012 1658 3106 expostulat.
1687 3016 1719 3079 Ι.
1738 3034 1820 3102 427.
1840 3007 1893 3078 Ad

1229 3116 1392 3213 singulare
1405 3131 1573 3183 certamen
1587 3110 1803 3180 Franciscum
1819 3108 1896 3178 Gal-

1228 3215 1340 3284 lorum
1365 3219 1493 3310 Regem
1521 3209 1638 3279 denuo
1660 3208 1757 3304 apud
1785 3206 1893 3280 Ponti-

1227 3312 1327 3385 ficem
1351 3311 1462 3383 habita
1481 3307 1633 3380 oratione
1649 3326 1839 3404 provocat·
1864 3310 1890 3375 I.

1226 3436 1310 3507 430.
1338 3420 1399 3484 Per
1420 3415 1517 3481 Senas
1534 3408 1742 3479 Florentiam
1766 3426 1800 3477 et
1827 3410 1892 3476 Lu·

1227 3536 1301 3582 cam
1325 3511 1360 3581 in
1394 3508 1549 3581 Insubres
1575 3504 1620 3577 ad
1643 3508 1836 3578 Antonium
1862 3521 1895 3572 et

1227 3609 1433 3693 exercitum,
1451 3607 1511 3703 qui
1534 3603 1578 3675 ad
1603 3610 1728 3677 Astam
1745 3600 1894 3676 consede·-

1226 3730 1299 3793 rat,
1317 3708 1487 3804 pervenit·
1519 3709 1548 3775 Ι.
1569 3726 1614 3797 43
1624 3728 1655 3799 3·
1673 3705 1821 3777 Cunctis
1836 3727 1892 3771 or·

1228 3808 1361 3880 dinibus
1376 3827 1514 3906 propter
1543 3802 1778 3878 innocentiam
1793 3802 1896 3875 excel-

1227 3909 1434 4001 lentiumque
1484 3908 1648 3976 virtutum
1703 3906 1894 4002 opinionem

1228 4008 1417 4080 carissimus.
1445 4011 1473 4075 1.
1494 4025 1580 4098 434.
1614 4004 1738 4075 Multis
1769 4004 1894 4075 dissua-

1227 4107 1383 4180 dentibus
1402 4108 1506 4204 Alpes
1526 4127 1605 4174 cum
1628 4104 1781 4175 exercitu
1793 4124 1891 4173 trans·

1225 4208 1291 4293 ire,
1323 4227 1357 4278 et
1382 4209 1450 4303 ipse
1471 4229 1529 4303 per
1550 4227 1582 4275 se
1609 4203 1740 4276 bellum
1760 4198 1888 4275 admini-

1224 4328 1326 4378 strare
1342 4306 1540 4378 constituit.
1565 4309 1594 4374 Ι.
1611 4327 1691 4398 434
1707 4310 1888 4401 Augustam

1224 4406 1454 4479 Taurinorum
1475 4430 1517 4475 ne
1532 4419 1641 4475 tentat
1652 4404 1791 4500 quidem
1802 4419 1890 4484 ,eta

1223 4519 1320 4604 tergo
1336 4505 1514 4600 relinquit.
1539 4507 1570 4572 Ι.
1593 4526 1681 4598 434.
1710 4501 1893 4576 Henricum

1222 4608 1381 4676 Nassaum
1404 4605 1584 4677 exercitum
1601 4627 1661 4699 per
1682 4605 1841 4702 Belgium
1864 4598 1897 4668 in

460 4700 625 4778 Pontifice
654 4703 831 4797 postulat,
862 4701 1021 4796 enixeque
1036 4721 1123 4787 orat,
1219 4705 1399 4778 Gallorum
1427 4704 1507 4776 lines
1534 4702 1696 4776 inducere
1721 4704 1840 4792 jubet.
1864 4700 1893 4768 Ι.

462 4828 504 4918 ne
529 4823 709 4874 commune
737 4800 954 4872 Sacerdotum
993 4802 1123 4874 Conci·
1217 4825 1302 4898 435.
1331 4804 1464 4879 Relicto
1493 4802 1536 4874 ad
1573 4808 1775 4903 Augustam
1805 4797 1897 4872 obsi-

461 4905 544 4983 hum
559 4920 745 4978 convocare
785 4919 959 5001 gravetur·
990 4907 1121 4993 10421.
1219 4904 1318 4978 dione
1333 4902 1548 5001 premendam
1568 4906 1739 4984 Gutierro
1757 4902 1892 4980 Padillo

1859 5021 1893 5073 m
