4170 5866
506 416 585 476 200
744 436 746 441 ·
853 378 1478 470 .nu1ennus‘custts
1518 374 1535 430 ³

471 593 473 597 ·
526 557 639 647 XIII.
720 551 977 682 Expugnata
1032 569 1076 633 et
1125 535 1293 676 direpta
1345 532 1606 676 incensaque
1654 526 1777 640 Dura
1810 616 1827 658 ‚
1855 540 1943 658 'e't¹

459 687 726 832 puberibus,
761 717 812 783 ut
847 679 1027 784 Carolus
1062 676 1226 780 ceteros
1279 678 1552 778 conterrendi
1586 714 1711 781 causa
1758 682 1906 823 impe-

458 867 662 953 raverat,
697 825 913 942 concisis,
951 861 1134 963 magnus
1170 821 1306 922 timor
1342 858 1493 922 omnes
1528 820 1758 944 civitates,
1790 864 1903 965 quae

463 973 543 1073 sub
596 971 784 1112 imperio
835 965 1063 1067 Guiliermi
1102 964 1235 1064 Ducis
1287 1001 1435 1083 erant,
1471 964 1675 1085 Incessit,
1711 1006 1904 1109 praeser-

461 1115 545 1214 tim
580 1151 680 1214 cum
721 1147 870 1213 rumor
924 1103 1230 1229 increbuisset,
1265 1104 1322 1207 ab
1370 1107 1458 1226 iis,
1495 1107 1575 1246 qui
1620 1143 1745 1248 capta
1779 1123 1906 1211 Dura

460 1253 777 1398 profugerant,
814 1249 1005 1352 celeriter
1040 1247 1300 1390 dissipatus,
1335 1289 1421 1350 esse
1468 1249 1518 1347 in
1568 1253 1754 1354 exercitu
1789 1266 1904 1355 Cae-

461 1399 629 1499 sariano
677 1391 872 1496 ferorum
941 1388 1176 1490 hominum
1209 1466 1225 1509 ,
1261 1391 1342 1531 qui
1388 1389 1577 1532 Hispani
1629 1396 1898 1542 dicessum,

462 1538 801 1682 perhorrendam
850 1571 1065 1652 manum,
1100 1532 1246 1631 colore
1292 1527 1452 1653 firsc0,
1494 1533 1768 1677 longioribus
1816 1578 1904 1637 un-

351 1690 353 1697 '
464 1680 658 1822 guibus,
694 1679 854 1821 quibus
889 1711 1061 1815 repente
1096 1673 1145 1773 in
1179 1673 1390 1814 praealtos
1438 1712 1587 1776 muros
1635 1681 1902 1799 evaderent,

462 1825 618 1964 longis
639 1849 682 1922 et
718 1819 888 1920 exsertis
922 1854 1126 1957 aprorum
1160 1853 1284 1916 more
1326 1813 1525 1917 dentibus
1558 1820 1767 1959 ,quibus
1815 1819 1901 1920 ho-

464 1964 602 2064 mines
638 1966 860 2103 decerptos
896 1962 1184 2059 devorarent:
1218 1957 1291 2058 cui
1332 1994 1587 2059 commento
1637 1962 1786 2063 locum
1835 1957 1902 2062 fess

463 2143 578 2207 cerat
613 2107 911 2246 Hispanorum
945 2101 1084 2242 Belgis
1119 2137 1252 2241 atque
1285 2100 1508 2201 Germanis
1542 2103 1759 2225 candore,
1789 2143 1899 2243 prae-

466 2248 613 2349 sertim
649 2282 749 2387 post
796 2245 1018 2345 diuturnas
1054 2278 1097 2342 et
1132 2243 1246 2343 bello
1295 2278 1476 2342 assuetas
1519 2245 1620 2345 solis
1664 2281 1707 2347 et
1741 2281 1899 2347 vento-

464 2429 566 2489 -rum
601 2390 812 2520 iujurias,
847 2385 1098 2486 cedentium
1131 2383 1328 2526 agilitas,
1358 2385 1436 2525 qui
1469 2383 1599 2486 hastis
1632 2423 1707 2487 aut
1743 2388 1903 2530 pugio·

468 2531 593 2633 nibus
628 2569 757 2632 muto
793 2527 933 2628 infixis
969 2524 1179 2627 sublevati
1207 2604 1222 2647 ,
1250 2529 1320 2627 vel
1355 2526 1427 2626 alii
1474 2528 1661 2629 aliorum
1710 2528 1902 2631 humeris

462 2674 661 2813 primum
697 2749 711 2791 ,
748 2670 904 2771 deinde
951 2665 1151 2770 manibus
1199 2665 1454 2770 sublimibus
1506 2670 1714 2791 nitentes,
1753 2712 1902 2773 muros

395 2838 398 2843 '
467 2813 693 2916 nonsatis
743 2847 1067 2915 tormentorum
1118 2808 1209 2912 telis
1256 2812 1442 2939 dejectos
1489 2815 1775 2915 conscendere
1829 2855 1902 2914 so·

466 2957 554 3056 lent
589 2997 603 3066 ·‚
640 2959 763 3096 quod
811 2955 872 3056 illi
919 2956 974 3054 ad
1021 2968 1189 3056 Duram
1241 2952 1661 3073 animadvertentes,
1697 2954 1903 3056 inusitata

467 3098 568 3239 ipsis
620 3098 812 3239 agilitate
846 3133 888 3199 et
925 3095 1117 3236 periculo
1153 3094 1397 3236 perterriti,
1432 3135 1595 3197 novam
1644 3096 1775 3198 etiam
1826 3096 1906 3196 ho

467 3243 635 3341 minum
658 3276 867 3339 naturam
902 3275 1151 3378 novamque
1186 3237 1373 3378 figuram
1408 3236 1553 3339 videre
1578 3236 1662 3338 sibi
1684 3237 1905 3339 videban-

459 3417 536 3483 ztur
550 3423 575 3490 ³,
612 3383 735 3522 quod
785 3382 1024 3521 periculum
1070 3416 1112 3478 et
1146 3380 1364 3519 persuasio
1410 3419 1548 3523 usque
1596 3382 1707 3481 adeo
1751 3383 1904 3518 Julia-

461 3563 611 3625 eenses
654 3524 896 3664 principem
947 3522 1170 3623 civitatem
1219 3523 1481 3661 perterruit,
1514 3559 1566 3623 ut
1615 3520 1795 3663 puberes
1849 3565 1907 3624 o-

456 3704 591 3765 mnes
639 3663 781 3786 urbe,
817 3706 929 3808 quae
981 3703 1111 3804 opere
1141 3742 1156 3785 ,
1191 3701 1385 3784 natura,
1411 3705 1460 3764 ac
1511 3664 1654 3764 firmo&
1676 3663 1906 3804 praesidio

455 3809 731 3949 permunita
764 3797 880 3927 erat,
925 3809 1208 3928 decederent,
1242 3804 1448 3928 feminis,
1483 3848 1589 3947 quas
1638 3810 1693 3907 ad
1736 3808 1906 3909 Duram

469 3987 582 4050 tutas
615 3949 671 4051 ab
705 3953 829 4049 omni
863 3951 1016 4082 injuria
1042 3943 1176 4051 ,firisse
1210 3949 1539 4068 intellexerant,
1570 3949 1799 4088 puerisque
1836 3989 1899 4048 re-

468 4093 606 4192 lictis.
667 4104 815 4234 Itaque
867 4128 1038 4232 postero
1088 4131 1131 4192 et
1177 4128 1376 4231 sequente
1427 4092 1511 4191 die
1533 4103 1726 4198 Ducatus
1763 4091 1906 4192 omnis

453 4235 756 4370 ·Juliacensis,
789 4270 833 4334 et
868 4233 986 4335 bona
1020 4273 1118 4374 pars
1153 4271 1250 4334 tum
1284 4232 1564 4352 Geldrensis,
1596 4267 1694 4331 tum
1727 4231 1907 4331 Cleven

451 4372 553 4493 sis,
590 4378 758 4518 Legatis
794 4380 849 4478 de
884 4415 989 4517 pace
1022 4376 1193 4496 missis,
1228 4416 1316 4476 sese
1349 4374 1526 4477 Caroloi
1550 4374 1614 4483 in·
1648 4370 1907 4514 potestatem

453 4554 770 4654 permiserunt.
1130 4603 1134 4609 ,
1521 4552 1529 4571 ⁷
1596 4553 1599 4557 ·
1648 4554 1653 4558 ·

540 4669 662 4760 XIV.
735 4662 808 4760 Ad
845 4674 1010 4762 Duram
1045 4659 1240 4764 Carolus
1275 4693 1452 4802 propter
1496 4598 1709 4759 militum
1730 4657 1907 4783 vulnera

1869 4832 1911 4895 et
