4124 5880
536 400 590 486 28
923 399 1006 482 DE
1046 394 1262 478 REBUS‘
1291 390 1516 476 GESTIS

498 565 611 708 quin
649 560 705 664 de
741 547 1068 700 compositione
1104 553 1215 654 inter
1253 551 1371 698 ipsos
1408 587 1636 698 ageretur.
1675 551 1751 656 Ille
1772 547 1860 655 hoc
1890 596 1964 657 ac·

498 747 630 851 cepto
666 743 915 848 respons0,
950 697 1132 801 Velium
1152 775 1167 818 ,
1205 709 1327 834 cujus
1364 700 1450 800 viri
1485 699 1620 800 fidem
1657 701 1965 840 prudentiam-

499 897 588 997 qtre
625 882 927 998 perspexerat,
964 845 1158 988 legatum
1195 847 1249 945 de
1295 886 1399 987 pace
1445 847 1498 946 ad
1536 846 1751 944 Carolum
1793 845 1960 946 mittit.

501 999 637 1142 Regis
674 1032 822 1096 autem
860 991 1077 1112 mandatis
1114 988 1348 1130 expositis,
1370 990 1534 1090 Carolo
1570 987 1789 1131 Velioque
1826 992 1965 1090 collo-

499 1143 608 1244 cutis
645 1138 882 1240 consilium
919 1136 1115 1277 placuit,
1152 1169 1201 1233 ut
1244 1135 1503 1235 auctoritate
1549 1173 1701 1276 graves
1738 1170 1782 1234 et
1818 1173 1964 1237 rerum

501 1327 580 1388 usu
632 1317 890 1429 praestantes
941 1279 1025 1383 viti
1075 1279 1285 1419 utrinque
1337 1281 1392 1379 ad
1428 1292 1691 1421 Regnorum
1739 1278 1963 1401 confinia,

500 1433 582 1571 qui
618 1432 673 1528 de
709 1423 1033 1568 compositione
1075 1424 1391 1565 transigerent,
1428 1420 1523 1523 bini
1573 1423 1883 1546 mitterentur,
1921 1460 1964 1527 et

502 1575 585 1716 ipsi
620 1572 880 1714 Principes,
919 1608 1012 1707 quo
1047 1562 1215 1668 facilius
1252 1584 1277 1667 'a
1313 1567 1398 1666 suis
1436 1568 1622 1710 quisque
1656 1571 1824 1670 comuli
1861 1610 1963 1711 pos·

503 1753 628 1831 sent,
666 1713 881 1855 colloquii
928 1714 1030 1813 loco
1080 1712 1520 1856 appropinquarent,
1557 1748 1601 1813 et
1635 1715 1818 1816 Carolus
1853 1727 1963 1815 Bar-

504 1862 713 1962 cinonem
748 1859 1115 2000 progrederetur,
1151 1854 1562 2000 Gallus‘Agatlram
1598 1857 1690 1990 (sic
1728 1858 1846 1958 enim
1885 1897 1963 1958 ve-

506 2041 593 2105 tere
628 2005 877 2144 Latinoque
919 2003 1100 2102 nomine
1148 2020 1362 2101 ¹vocatum
1413 2000 1664 2101 existimant
1716 2002 1963 2143 oppidum,

504 2149 632 2290 quod
667 2150 980 2284 Mompullrrium
1031 2183 1145 2245 nunc
1192 2145 1328 2286 vulgo
1380 2150 1718 2285 nuncupatur.)
1766 2148 1816 2245 Id
1858 2185 1965 2247 cum

504 2294 624 2435 Regi
661 2331 843 2434 quoque
896 2286 1133 2431 probatum
1185 2326 1328 2413 esset,
1361 2289 1464 2430 ipse,
1489 2296 1710 2427 Joannem
1746 2299 1966 2392 Lorenam

507 2436 816 2552 Cardinalem,
836 2469 879 2533 et
900 2440 1076 2546 Annam
1095 2433 1570 2535 Montimorensiacum
1595 2430 1939 2534 Contestabilem
1950 2512 1967 2554 ,

508 2579 693 2682 Carolus
720 2576 960 2678 Nicolaum
988 2587 1254 2679 Petenotum
1286 2575 1660 2719 Granvellamgac
1696 2576 1969 2694 Franciscum

508 2736 690 2826 Covum
726 2721 881 2840 misit,
918 2723 1070 2864 magni
1106 2721 1279 2821 consilii
1315 2722 1473 2839 viros,
1508 2754 1550 2819 et
1587 2719 1746 2861 quibus
1789 2761 1972 2823 suarum

509 2868 697 3010 quisque
733 2905 879 2967 rerum
921 2854 1159 2971 maximam
1194 2863 1384 2967 habebat
1420 2863 1590 2984 fidem,
1625 2899 1669 2965 et
1712 2864 1972 2968 communi-⁴

510 3050 606 3111 care
640 3013 696 3111 de
731 3009 857 3110 rebus
893 3007 1325 3141 maximissolebat.

581 3163 656 3256 IV.
730 3153 796 3253 Hi
838 3188 1025 3293 quatuor
1067 3154 1152 3255 viri
1200 3192 1338 3298 prope
1379 3154 1557 3256 Salsulas
1602 3151 1844 3296 Hispaniae
1894 3150 1975 3254 di-

374 3355 376 3358 <
511 3296 645 3399 tionis
686 3297 939 3439 oppidum,
975 3300 1049 3400 sed
1089 3298 1137 3398 in
1172 3299 1339 3400 Galliae
1381 3298 1644 3419 finibus,ad
1683 3299 1839 3398 Caulas
1869 3296 1976 3399 Phi·

511 3442 632 3541 tonis
692 3441 972 3583 appellatas,
1013 3482 1105 3543 non
1152 3443 1296 3543 multo
1343 3480 1443 3545 ante
1488 3444 1702 3544 Kalendas
1740 3441 1977 3578 Januarias

513 3620 846 3687 convenerunt.
885 3597 1098 3688 Ceterum
1135 3586 1202 3686 his
1240 3628 1368 3730 saepe
1405 3588 1672 3729 congressis,
1711 3590 1854 3726 deque
1890 3623 1977 3728 pa-

511 3728 574 3826 cis
609 3725 940 3830 conditionibus
979 3731 1117 3831 multa
1152 3729 1411 3852 collocutis,
1442 3772 1563 3833 cum
1583 3730 1766 3834 Carolus
1805 3737 1897 3860 jam
1932 3767 1980 3832 et

513 3871 788 3993 Franciscus‚
827 3877 1210 4011 quemadmodum
1247 3913 1338 3976 erat
1367 3877 1692 3993 constitutum,
1726 3876 1980 4016 appropin-

513 4054 716 4155 quassent
751 4092 765 4135 ,
801 4016 912 4115 nihil
953 4054 1102 4121 tamen
1125 4016 1379 4123 ¹convenire
1419 4020 1564 4160 potuit
1600 4055 1779 4162 propter
1818 4018 1982 4121 condi-

512 4160 723 4282 tionum,
758 4200 864 4302 quas
903 4164 1018 4264 Galli
1059 4163 1302 4305 petebant,
1341 4163 1664 4303 iniquitatem,
1699 4195 1979 4305 quamquam

512 4300 644 4404 initio
680 4342 774 4405 tam
810 4304 1043 4409 liberaliter
1081 4311 1135 4411 de
1173 4309 1239 4410 sui
1276 4307 1413 4450 Regis
1447 4309 1598 4411 animo
1634 4308 1982 4450 pollicebantur,

510 4485 645 4589 atque
676 4488 772 4549 eam
813 4491 933 4593 spem
976 4450 1139 4555 dabant
1179 4454 1505 4556 constituendae
1544 4454 1695 4594 pacis,
1734 4487 1782 4550 ut
1829 4462 1982 4551 Caro-

510 4590 575 4690 lus
629 4591 740 4692 nihil
792 4597 846 4693 de
885 4599 1122 4699 concordia
1176 4597 1380 4696 dubitans
1414 4675 1428 4716 ,
1468 4639 1511 4697 se
1549 4600 1603 4697 ad
1649 4594 1783 4736 Regis
1833 4595 1978 4698 collo-

511 4737 667 4877 quium
704 4778 1024 4880 compararet,
1065 4750 1194 4841 Petro
1234 4743 1458 4844 Fernando
1497 4742 1681 4847 Velasco
1738 4750 1978 4841 Comesta'-

1903 4881 1978 4986 bi-
