4110 5888
456 349 551 419 LIV.
923 343 1432 420 SUMMARIUM.

435 472 553 557 boet
585 467 722 589 frigore
753 463 950 557 absumtis.
1206 498 1344 555 norum
1372 466 1566 553 nationem
1596 468 1741 573 mittit,
1776 470 1921 559 Carolo

508 592 662 675 XLVII.
732 592 989 705 Hispanorum
1059 616 1147 701 pars
1206 588 1354 673 Caesari
1389 586 1584 701 iniquam,
1609 610 1648 672 et
1676 586 1727 671 ad
1760 591 1920 701 populo.

431 708 540 793 tertia
568 710 690 824 perit3
715 708 844 824 reliqui
875 707 914 790 in
941 704 1145 794 Ecclesiam
1206 733 1291 793 rum
1321 701 1573 792 defectionem
1604 704 1875 820 pertinentem.

431 827 616 942 oppidum
647 830 905 942 hybernorum
930 853 1042 910 causa
1066 825 1147 910 dis-

430 947 591 1036 cedunt.
615 945 796 1060 Germani
817 944 946 1030 milites
963 945 1146 1050 domum,
1350 954 1468 1046 LIB,
1520 949 1773 1046 XXVIII,

428 1064 544 1151 velin
568 1064 746 1169 praesidia
776 1062 1032 1151 dimittuntur.
1068 1065 1139 1146 Ca·
1247 1060 1254 1074 '
1956 1164 1960 1169 Ι

426 1177 528 1264 rolus
559 1173 747 1257 Bruxella's
779 1163 918 1258 afflicta
957 1178 1145 1263 valentdi⁴
1262 1187 1292 1265 Ι.
1361 1141 1506 1266 Dum
1558 1179 1650 1265 haec
1704 1180 1745 1265 in
1796 1181 1920 1270 Gallia

428 1324 478 1381 ne
508 1291 708 1409 pervenit3
732 1314 815 1405 quo
841 1313 1018 1406 tempore
1046 1297 1146 1380 Ros·
1204 1297 1412 1414 Belgioque
1428 1321 1631 1415 geruntur,
1656 1303 1833 1384 Senenses
1845 1305 1914 1386 Ca·

427 1442 576 1519 semus,
595 1409 720 1497 multis
750 1408 977 1498 detrimentis
994 1411 1144 1505 Galliae
1203 1413 1273 1499 roli
1306 1417 1471 1502 Caesaris
1511 1415 1661 1502 clientes
1706 1415 1797 1500 inita
1830 1446 1918 1507 cum

426 1530 559 1636 illatis,
587 1532 627 1614 in
653 1528 824 1646 hyberna
845 1530 960 1617 redit.
1202 1530 1320 1627 Gallis
1348 1533 1506 1620 amicitia
1533 1534 1582 1618 ab
1613 1533 1677 1619 illo
1712 1531 1913 1642 deficiunt,

501 1651 670 1736 XLVlIl.
744 1648 895 1735 Eodem
940 1677 1045 1734 anno
1090 1649 1144 1735 de
1202 1677 1252 1736 eo
1279 1650 1414 1737 timore
1446 1651 1578 1757 ducti,
1599 1679 1648 1735 ne
1679 1680 1746 1734 sua
1772 1654 1916 1766 Respu-

428 1796 587 1885 magnae
616 1766 733 1858 classis
762 1766 942 1852 Turcicae
970 1768 1146 1855 adventu
1202 1766 1299 1852 blica
1325 1766 1627 1856 Florentinorum
1668 1766 1840 1881 exemplo
1877 1769 1919 1856 in¹

428 1915 658 2005 cognoscens
672 1883 832 1972 Carolus
859 1886 911 1972 ad
935 1916 1023 1972 suos
1037 1914 1139 2002 prae·
1201 1887 1440 1998 tyrannidem
1469 1909 1664 1973 vertatur.

427 2000 545 2092 lectos
582 2006 622 2089 in
662 2004 806 2090 Italiam
842 2003 990 2112 mittit,
1031 2021 1145 2090 urse
1259 2009 1306 2086 ll.
1365 2003 1447 2101 Qui
1480 2003 1593 2090 timor
1636 2027 1720 2088 tum
1756 2007 1916 2094 maxime

425 2123 476 2208 ad
507 2122 647 2209 bellum
677 2149 924 2241 comparent.
957 2121 1144 2209 Madruc·
1200 2125 1377 2230 Senenses
1402 2121 1570 2228 incessit,
1589 2149 1677 2205 cum
1705 2150 1827 2209 arcem
1842 2128 1918 2210 Ca·

423 2238 501 2326 cius
539 2247 753 2331 Germanos
805 2241 937 2328 milites
984 2241 1022 2324 in
1055 2245 1143 2326 An·
1199 2239 1269 2324 roli
1296 2227 1495 2327 voluntate
1527 2236 1711 2326 aedificari
1746 2240 1909 2327 animad-

426 2359 538 2446 dreae
589 2361 729 2447 Doriae
775 2361 942 2446 triremes
982 2358 1145 2473 imponit
1198 2383 1371 2446 vertunt.
1400 2357 1671 2454 Quorumdam
1702 2385 1750 2440 ex
1780 2357 1920 2472 primo«

425 2478 476 2564 ad
508 2476 709 2593 Neapolim
735 2505 759 2560 a
786 2477 946 2561 Turcica
979 2475 1142 2560 Gallica·
1199 2477 1300 2562 ribus
1328 2476 1469 2562 civibus
1506 2477 1556 2563 ad
1584 2473 1790 2560 Henricum
1822 2476 1919 2560 Gal·

425 2623 503 2711 que
526 2594 639 2682 classe
654 2593 858 2682 tuendam.
888 2592 1029 2680 Salerni
1039 2593 1144 2679 Prin·
1199 2592 1323 2680 lorum
1374 2600 1519 2712 Regem
1574 2592 1715 2679 litterae
1771 2591 1919 2693 interci÷

425 2741 510 2827 ceps
543 2713 592 2801 ad
620 2715 821 2817 Gallorum
846 2716 993 2831 Regem
1018 2708 1144 2827 perfu-
1198 2711 1375 2826 piuntur.

426 2828 511 2946 git,
545 2855 584 2918 et
605 2832 876 2948 Neapolitanos
913 2859 979 2945 per
1019 2829 1146 2916 occul·
1274 2837 1334 2918 ΙΙΙ.
1415 2829 1647 2919 Senensium'
1682 2832 1733 2918 ad
1771 2833 1919 2951 Regem·

426 2970 487 3032 tos
533 2947 750 3065 interpretes
795 2951 846 3036 ad
893 2946 1145 3036 defectionem
1198 2949 1383 3070 legatio,
1417 2951 1483 3066 qui
1530 2979 1663 3037 eorum
1708 2950 1920 3064 patrocinio

431 3064 608 3155 solicitat.
1199 3094 1373 3185 suscepto
1400 3069 1552 3156 militem
1585 3066 1744 3153 inltalia
1772 3068 1920 3153 condu-

490 3185 628 3272 XLlX.
688 3186 846 3273 Sublatis
886 3210 1014 3271 autem
1045 3190 1144 3272 Ger·
1199 3188 1271 3277 cit.

430 3303 570 3411 manis,
600 3304 719 3390 Doria
747 3307 785 3389 in
813 3310 850 3389 T
851 3303 989 3388 urcicas
1021 3334 1138 3394 naves
1259 3309 1329 3394 IV.
1389 3312 1485 3394 Eam
1521 3335 1677 3390 manum
1707 3308 1821 3391 Senas
1858 3305 1916 3391 in-

431 3418 586 3527 incidit,
614 3454 637 3507 a
667 3425 803 3538 quibus
850 3448 993 3538 septem
1041 3423 1147 3508 trire-
1201 3422 1367 3512 ducendi
1399 3453 1439 3510 et
1480 3424 1745 3508 Caesarianum
1783 3424 1910 3538 praesi-

432 3567 510 3624 mes
552 3541 850 3656 intercipiuntur.
898 3539 1140 3627 Madruccius
1202 3545 1307 3630 diurn
1339 3543 1504 3656 ejiciendi
1536 3542 1748 3627 consilium.
1784 3540 1912 3626 Caroli

433 3652 594 3742 afratre
611 3658 797 3744 cardnal
817 3657 1005 3774 ,reliquus
1029 3659 1148 3773 capti·
1202 3661 1368 3748 Caesaris
1408 3662 1459 3747 ad
1505 3663 1689 3746 Cosmum
1726 3658 1919 3744 Medicem

435 3801 574 3859 vorum
606 3805 695 3892 grex
721 3809 745 3863 a
769 3783 931 3893 Prorege
959 3776 1149 3863 redimun·
1202 3779 1502 3867 Florentinorum
1531 3783 1679 3863 Ducem
1712 3776 1917 3882 mandata,

438 3913 523 3977 tur.
1203 3900 1251 3984 ne
1280 3898 1537 4013 Hispanorum
1571 3893 1753 4010 praesidio
1803 3923 1920 4010 opem

492 4014 537 4096 L.
606 4016 664 4096 Ea
708 4010 815 4098 clade
866 4011 906 4096 in
952 4012 1149 4102 obsidione
1203 4011 1299 4102 ferre
1331 4039 1528 4132 gravetur.

434 4125 587 4213 Metisa
608 4130 834 4217 Caesarianis
852 4155 1003 4245 accepta
1022 4194 1034 4238 ,
1056 4134 1152 4218 Gal·
1264 4133 1315 4218 V.
1374 4138 1571 4217 Francesus
1609 4129 1734 4219 Alava
1773 4134 1920 4217 Senen-

433 4241 558 4330 lorum
583 4252 665 4335 Rex
676 4248 862 4334 Henricus
892 4278 1051 4366 magnos
1081 4251 1149 4365 spi·
1205 4250 1250 4335 sis
1284 4248 1451 4364 praesidii
1487 4243 1694 4364 praefectus
1725 4249 1851 4333 Caroli
1882 4278 1917 4334 e·

435 4360 526 4448 ritus
554 4367 694 4473 sumit,
728 4390 766 4451 et
798 4365 992 4480 epistolam
1022 4367 1150 4452 litteris
1204 4368 1377 4483 pistolam
1434 4367 1483 4454 ad
1528 4369 1712 4451 Cosmum
1768 4362 1914 4479 perfert.

432 4480 571 4566 Latinis
602 4482 652 4567 ad
693 4484 879 4570 Lutetiam
926 4484 1152 4573 Parisiorum
1205 4492 1238 4574 Is
1271 4485 1464 4571 liberaliter
1498 4483 1563 4597 ipsi
1589 4483 1808 4598 respondet.

431 4597 529 4710 typis
555 4602 813 4687 excudendam
834 4601 1015 4703 mandat,
1037 4625 1076 4684 et
1100 4603 1151 4686 ad
1249 4605 1317 4686 Vl.
1364 4600 1573 4686 Caesariani
1597 4631 1721 4686 rerum
1744 4598 1918 4687 omnium

431 4714 614 4835 Principes
656 4743 695 4815 et
738 4719 947 4808 unversam
987 4723 1153 4805 Germa·
1204 4720 1331 4835 inopia
1381 4744 1623 4840 premuntur.
1671 4716 1789 4807 Gallis
1821 4718 1918 4921 auggg
