4102 5864
509 455 594 566 348
884 458 971 538 DE
1017 455 1224 541 REBUS
1264 450 1483 535 Gusurs

459 628 561 752 -ejus
595 609 785 716 civitatis
817 610 1119 773 Episcopus.
1142 660 1151 664 ·

466 852 471 869 ,
497 767 657 859 IV
689 767 755 855 Ex
792 763 941 854 monte
978 735 1142 855 Serrato
1177 747 1505 852 Maximilianus
1552 745 1694 889 parvis
1743 744 1932 851 itineri

472 902 552 1006 bus
587 897 890 1016 Valdolitum,
920 893 997 995 ubi
1033 893 1256 1056 Philippus
1290 932 1541 1033 sororesque
1577 893 1930 994 commoraban-

475 1078 583 1160 tur,
617 1040 878 1157 contendit,
912 1038 1082 1178 quod
1069 1072 1153 1137 rter
1193 1071 1244 1134 ut
1279 1035 1558 1136 commodius
1594 1036 1930 1176 expeditiusque

474 1119 744 1301 faceiet,
704 1216 839 1281 vitata
873 1180 1033 1298 turba,
1068 1219 1158 1319 qua
1192 1215 1360 1279 aestum
1396 1214 1440 1277 et
1476 1176 1748 1317 pulverem
1735 1215 1787 1277 ιιι
1822 1218 1930 1277 ma

476 1325 574 1467 gnis
610 1361 653 1422 et
688 1323 901 1423 diuturnis
936 1319 1198 1424 siccitatibus
1226 1319 1383 1460 augeri
1430 1358 1597 1423 necesse
1648 1355 1783 1441 erat,
1826 1332 1930 1420 Co

476 1463 711 1568 mestabilis
761 1465 934 1605 longius
990 1462 1234 1604 prodeundi
1282 1461 1514 1563 consilium
1570 1462 1807 1563 mutavit
1799 1527 1811 1568 ‚
1854 1463 1932 1562 scd

476 1607 705 1710 Valdolito
741 1607 1159 1764 appropinquanti,
1197 1602 1377 1704 obviam
1412 1613 1513 1704 cum
1549 1641 1712 1743 magno
1767 1644 1933 1744 proce-

478 1783 577 1849 rum
612 1746 1152 1885 nobilissimorumque
1110 1783 1350 1864 utrorum,
1384 1747 1771 1885 propinquorum,
1808 1748 1934 1846 ami

479 1929 680 2009 corum,
715 1891 1011 2028 clientumque
1055 1888 1268 1989 comitatu
1304 1822 1527 2027 piocedit.
1564 1898 1772 2005 Quorum
1806 1883 1938 1991 fuere

478 1967 725 2135 Ludovicirs
759 2045 906 2133 Roxas
941 2031 1123 2149 Dianii,
1153 2064 1195 2129 et
1224 2035 1419 2163 Joanncs
1453 2036 1656 2128 Tovarus
1689 2031 1936 2171 Berlangac

478 2172 802 2273 Marcbiones·
782 2240 805 2281 ‚
843 2172 952 2272 item
1004 2182 1198 2309 Joannes
1232 2171 1436 2272 Velascus
1471 2169 1689 2289 Siruclae,
1724 2171 1936 2308 Jacobus

482 2315 715 2415 Gomezius
749 2327 992 2414 Sarmentus
1012 2310 1312 2431 Ribadaviae,
1340 2309 1600 2413 Athanasius
1629 2312 1755 2442 Ajala
1789 2316 1935 2414 Salva·

481 2489 648 2574 terrac,
684 2461 831 2556 Petrus
867 2456 1002 2555 Velez
1039 2464 1233 2557 Guevara
1268 2455 1472 2596 Ognati,
1501 2454 1727 2558 Comites.
1767 2457 1912 2555 His
1899 2497 1938 2556 ι

482 2598 601 2736 gitur
636 2597 982 2738 principibus
941 2597 1044 2698 viris
1080 2631 1124 2695 et
1160 2596 1307 2695 multis
1342 2633 1558 2734 praeterea
1590 2593 1820 2696 nobilibus
1861 2599 1939 2698 sti·

481 2774 606 2877 patus
642 2739 948 2840 Comestabilis
985 2738 1209 2840 Valdolito
1245 2737 1534 2878 digreditur,
1567 2771 1781 2878 praeterea
1822 2739 1939 2840 Phi-

433 2910 435 2914 ·
480 2880 594 3020 lippi
629 2879 808 2982 cohorte
840 2916 1102 2998 assectante,
1131 2879 1193 2979 ita
1228 2916 1280 2979 ιιι
1312 2880 1542 2980 comitatus
1578 2880 1941 3019 quingentorum

483 3022 686 3181 equitum
721 3060 950 3122 numerum
985 3023 1254 3141 excederet,
1290 3020 1568 3161 sequentibus
1618 3023 1772 3122 ordine.
1832 3026 1940 3125 lou-

483 3162 666 3301 gissimo
699 3163 825 3263 mulis
860 3164 1060 3263 trecentis
1080 3098 1317 3305 ampliris,
1348 3164 1427 3301 qui
1463 3202 1555 3262 non
1589 3164 1733 3264 solum
1769 3205 1943 3269 nume-

483 3341 587 3422 ro,
641 3306 732 3408 sed
765 3341 923 3405 ornatu
973 3306 1106 3405 etiam
1158 3305 1380 3443 spectandi
1433 3303 1593 3404 cibaria
1641 3306 1946 3472 deportabant

483 3445 539 3543 ad
575 3483 769 3584 proceres
804 3486 905 3547 curn
941 3448 1024 3548 suis
1059 3443 1277 3565 familiis,
1313 3483 1589 3586 ceteramque
1625 3446 1805 3548 turbam
1846 3453 1946 3572 ‚i-

483 3619 661 3726 temque
697 3587 1049 3688 Maximilianum
1086 3597 1263 3749 ejusque
1298 3590 1556 3689 comitatum
1592 3589 1853 3710 alendum,
1892 3632 1945 3694 ut

484 3728 591 3827 aluit
626 3730 846 3868 splendide
882 3728 1034 3835 diebus
1070 3731 1294 3876 quinque,
1314 3731 1421 3834 dum
1456 3730 1787 3835 Maximilianus
1826 3670 1945 3839 ilal-

481 3869 678 3971 dolitum
711 3874 1031 4011 perveniret.

570 4021 628 4113 V.
721 4016 970 4117 Duodecim
1026 4053 1227 4156 passuum
1274 4014 1467 4117 millibus
1518 4011 1778 4138 confectis,
1839 4030 1944 4121 Co-

479 4151 735 4256 mestabilis
749 4156 805 4254 ad
840 4158 1090 4276 Tutelam,
1129 4158 1396 4259 castellum
1385 4199 1433 4269 ιιι
1467 4158 1597 4260 Durii
1632 4159 1778 4296 ripa,
1824 4201 1944 4263 con-

481 4297 619 4397 sedit
673 4297 886 4398 Postridie
920 4300 1195 4400 Olivarcs
1154 4339 1304 4400 vacum
1345 4301 1530 4404 totidem
1576 4339 1784 4440 passuum
1828 4305 1943 4404 rnil-

480 4435 539 4543 lia
598 4443 850 4576 processit3
903 4442 1099 4542 unde
1087 4444 1333 4583 insequenti
1384 4443 1454 4542 die
1505 4439 1769 4584 profecto,
1828 4486 1942 4548 cum

475 4612 614 4734 prope
662 4583 804 4681 adesse
854 4584 1179 4687 Maximilianus
1228 4585 1540 4705 nuntiaretur,
1580 4586 1800 4684 rationem
1842 4587 1939 4689 sibi

377 4811 380 4817 .
471 4717 712 4824 ineundam
762 4726 988 4863 putavit,
1032 4762 1082 4828 ut
1136 4765 1385 4868 congressus
1434 4728 1483 4829 in
1535 4728 1610 4832 via
1677 4725 1925 4836 vitaretur5

1869 4909 1929 4973 nc
