4170 5866
554 431 640 521 126
946 438 1285 520 DE‘REBUS
1335 434 1560 518 GESTIS

501 640 674 703 morem
713 593 1034 701 haereticorum
1073 592 1270 705 accidit,
1310 588 1390 732 qui
1427 592 1608 710 solent,
1644 624 1696 693 ut
1731 588 1976 702 ambitioni

442 738 445 741 ⁵
499 747 715 888 rebusque
750 740 879 845 novis
916 740 1117 860 studere,
1164 738 1224 837 sic
1259 736 1558 837 contentionis
1595 776 1684 839 esse
1721 779 1858 880 quam
1895 781 1974 848 ve

498 892 635 992 ritatis
677 887 967 1049 cupidiores,
1008 924 1088 986 nec
1120 919 1293 1048 praeter
1334 885 1573 983 doctorum
1616 916 1659 982 et
1693 884 1972 1026 antiquitatis

498 1035 788 1194 peritorum
781 1030 1018 1132 hominum
1055 1027 1368 1171 opinionem,
1404 1027 1484 1168 qui
1521 1028 1744 1169 desperata
1780 1027 1973 1134 haereti-

496 1217 651 1280 corum
702 1177 934 1295 sanitate,
972 1169 1196 1318 publicam
1232 1173 1457 1314 religionis
1499 1211 1673 1274 causam
1724 1212 1974 1313 paucorum

496 1322 794 1464 disputatione
835 1320 1057 1440 tractari,
1095 1354 1138 1418 et
1185 1316 1426 1418 haereticos
1463 1358 1514 1417 ac
1560 1315 1833 1420 turbulentos
1879 1318 1972 1422 ho-

498 1468 636 1568 mines
679 1504 835 1570 contra
885 1465 1041 1565 omnia
1077 1461 1301 1566 vetustatis
1354 1462 1551 1604 exempla
1602 1462 1656 1563 de
1711 1465 1974 1587 sententiis,

463 1648 697 1714 ueterum
741 1625 996 1713 Sanctorum
1041 1616 1221 1710 Parrum
1262 1605 1658 1768 Consiliorumque
1707 1608 1875 1738 judicio
1928 1646 1973 1714 et

498 1757 753 1858 auctoritate
791 1753 1044 1872 damnatis,
1085 1751 1206 1855 velut
1242 1789 1286 1851 re
1322 1750 1496 1914 integra
1538 1751 1788 1852 disserentes
1824 1755 1972 1859 audiri

496 1901 743 2004 dolebant:
800 1940 935 2041 quam
976 1896 1208 2060 plagam
1196 1935 1472 2040 rgnomrnrae
1516 1934 1619 1996 cum
1663 1935 1828 2039 magno
1869 1901 1974 2001 reli-

495 2044 641 2186 gionis
684 2044 1016 2147 detrimentoa
991 2081 1182 2186 accrpere
1225 2041 1381 2141 Paulus
1416 2035 1669 2160 Pontifex,
1706 2081 1846 2182 quam
1881 2053 1973 2144 Ec·

493 2189 782 2291 clesiasticum
826 2186 1092 2292 Concilium
1131 2185 1332 2348 generale
1374 2185 1487 2285 serio
1536 2223 1783 2286 convocare
1827 2187 1973 2287 male-

494 2331 618 2442 bat,
657 2334 712 2432 de
761 2374 856 2474 quo
901 2333 948 2432 in
990 2328 1168 2475 publica
1208 2327 1562 2433 Christianorum
1604 2370 1711 2471 pace
1753 2368 1974 2473 magnum

495 2512 584 2580 erat
627 2486 718 2626 ejus
760 2477 1022 2597 silentium,
1059 2515 1162 2577 cum
1203 2472 1371 2576 bellum
1407 2511 1450 2577 et
1491 2475 1729 2576 necessaria
1770 2475 1973 2617 impedi

491 2655 644 2720 menta
680 2620 941 2741 redierant,
980 2622 1183 2760 protinus
1227 2617 1414 2719 dimissis
1452 2658 1789 2760 quoquoversus
1842 2618 1974 2720 litte

493 2764 583 2885 ris,
620 2764 817 2865 edictum
857 2697 1051 2866 Coircilii
1095 2764 1331 2905 diligenter
1365 2761 1650 2883 renovabat,
1688 2765 1797 2868 dum
1847 2761 1969 2866 obli

394 2942 397 2945 ·
494 2943 561 3009 tus
596 2903 736 3009 officii
773 2908 873 3028 sui,
909 2950 1003 3011 non
1040 2943 1132 3010 tam
1167 2907 1377 3051 religioni
1411 2840 1655 3010 consulerei
1669 2986 1684 3029 ,
1704 2947 1841 3048 quam
1877 2907 1972 3011 im-

496 3050 623 3213 perio
659 3089 702 3152 et
742 2986 904 3193 opibirs
939 3055 1158 3176 studeret,
1185 3050 1347 3194 quibus
1382 3091 1437 3152 ne
1474 3091 1551 3194 per
1576 3052 1832 3154 Concilium
1870 3090 1974 3152 mo-

496 3194 623 3295 dus
610 3233 915 3338 imponeretur
964 3194 1235 3299 metuebat
1227 3263 1240 3305 ι
1276 3194 1363 3296 hoc
1399 3237 1640 3338 qu,oque
1672 3231 1721 3297 ut
1774 3197 1971 3337 opinor,

497 3338 660 3440 timore
697 3342 976 3461 deterrente,
1014 3380 1071 3441 ne
1107 3338 1222 3442 ratio
1264 3341 1449 3442 severius
1485 3339 1596 3441 ab
1584 3379 1682 3483 rpso
1719 3379 1793 3481 per
1835 3352 1972 3442 Con-

498 3482 652 3586 cilium
691 3519 1030 3628 reposceretur,
1067 3524 1144 3585 cur
1190 3486 1398 3628 pleraque
1439 3525 1515 3587 sua
1550 3480 1665 3586 facta
1707 3520 1749 3585 et
1783 3484 1970 3586 consilia

456 3664 591 3734 snon
625 3663 718 3731 tam
760 3629 895 3732 ad
854 3666 1063 3732 virtutem
1100 3664 1143 3729 et
1177 3630 1473 3772 religionem,
1501 3669 1639 3770 quam
1675 3631 1731 3731 ad
1767 3629 1972 3732 Astrolo-

496 3809 660 3933 gotum
697 3774 866 3875 monita
901 3775 1152 3916 dirigeret
1142 3839 1154 3883 ,
1191 3775 1314 3944 quod
1349 3773 1483 3915 longe
1516 3770 1725 3875 abhorret
1760 3814 1786 3872 a
1831 3771 1972 3877 Chri

493 3915 633 4017 stian'a
671 3917 860 4058 pietate,
896 3957 953 4018 ne
996 3919 1103 4019 dum
1146 3915 1202 4018 ab
1243 3926 1334 4051 ejus
1372 3913 1523 4019 officio
1551 3919 1674 4059 ,qui
1705 3916 1802 4018 vice
1835 3916 1973 4020 Chri

495 4060 551 4162 sti
592 4061 941 4204 interpretandae
980 4102 1030 4163 ac
1071 4064 1365 4165 moderandae
1403 4061 1609 4206 religioni
1648 4097 1884 4214 praeesset

566 4218 767 4311 XXXV.
846 4203 1029 4309 Talibus
1075 4206 1443 4351 disputationibus
1486 4208 1544 4308 ad
1584 4245 1783 4311 mensem
1827 4246 1975 4348 usque

495 4347 670 4484 Julium
713 4351 980 4493 protractis,
1025 4391 1127 4454 cum
1167 4352 1331 4456 nihil
1320 4387 1436 4455 mter
1476 4353 1767 4493 disceptantes
1804 4390 1971 4452 conve

495 4492 639 4614 niret,
670 4530 820 4597 totum
861 4498 1086 4640 religionis
1129 4498 1363 4660 negotium
1398 4499 1455 4598 ad
1488 4495 1741 4601 Concilium
1777 4491 1974 4596 uuiver-

495 4636 580 4733 sale
625 4640 847 4771 rejicitur,
889 4645 1014 4782 quod
1061 4676 1112 4743 ut
1160 4680 1308 4783 prrmo
1358 4682 1542 4784 quoque
1589 4677 1790 4782 tempore
1832 4677 1976 4782 coge-

413 4868 416 4877 .
493 4813 636 4902 retur,
672 4784 880 4887 daturum
915 4826 1002 4886 sese
1031 4825 1238 4929 operam,
1260 4825 1397 4932 quam
1431 4826 1625 4892 maxime
1660 4819 1837 4930 posset,
1872 4795 1971 4886 Ca-

1889 4968 1972 5032 ro-
