4102 5864
524 395 608 510 408
917 410 1000 493 DE
1049 412 1251 494 REBUS
1301 408 1523 496 GESPIS

484 617 573 680 sare
614 607 792 720 propter
841 568 1060 708 repulsam
1101 570 1293 670 alienato
1338 569 1596 713 cognovit,
1647 569 1739 675 siue
1792 614 1959 717 sponte

482 765 557 827 sua
580 799 595 847 ,
616 725 707 822 sive
749 715 806 818 ab
842 714 1037 814 Octavio
1075 753 1151 856 per
1185 709 1367 817 fratrem
1410 715 1653 820 Horatium
1690 756 1734 818 et
1782 722 1953 824 amicos

480 869 721 971 solicitatus
757 900 945 1006 omnem
978 899 1099 962 suam
1144 899 1280 1003 opem
1316 861 1358 1000 ei
1396 940 1411 984 ,
1453 862 1490 962 si
1525 901 1649 964 suam
1694 861 1834 965 fidem
1873 909 1948 970 se-

480 1049 672 1159 quatur,
699 1009 963 1154 pollicetur‚
999 1045 1090 1108 non
1126 1009 1264 1107 modo
1301 1007 1357 1107 ad
1399 1016 1603 1109 Parmam
1639 1010 1950 1138 retinendam,

478 1157 723 1262 sedetiam
759 1157 815 1256 ad
852 1151 1121 1267 Placentiam
1156 1154 1535 1296 recuperandam,
1573 1153 1621 1255 id
1657 1155 1807 1296 ipsum
1842 1199 1948 1262 cau-

479 1343 572 1405 sam
607 1301 711 1404 belli
744 1295 839 1402 fore
874 1334 989 1402 ratus
1022 1338 1035 1410 3
1074 1299 1252 1440 quoin
1287 1299 1408 1400 Italia
1444 1299 1684 1421 conflato,
1723 1338 1766 1402 et
1811 1303 1947 1405 Chri-

478 1447 626 1552 stianis
667 1447 779 1547 inter
821 1485 865 1581 se
906 1441 1122 1580 hostiliter
1165 1442 1518 1567 dissidentibus,
1560 1446 1814 1549 occasiones
1863 1450 1949 1553 sibi

478 1596 550 1696 vel
584 1632 729 1696 causas
765 1628 859 1692 non
900 1584 1122 1690 defuturas
1164 1586 1441 1691 existimabat
1486 1590 1743 1694 Concilium
1795 1594 1948 1694 Eccle-

477 1739 698 1842 siasticum
732 1734 973 1837 universale
1033 1733 1308 1877 impediendi
1354 1775 1405 1835 ac
1456 1734 1777 1861 dissolvendi,
1821 1739 1945 1878 quod

443 1887 642 2029 magna
676 1880 829 1986 Caroli
872 1913 1056 1982 curaer
1098 1878 1311 1981 diuturno
1353 1874 1500 1984 labore
1536 1879 1812 1982 Tridentum
1856 1893 1943 2016 jam

475 2069 617 2131 rursus
651 2064 743 2131 erat
779 2062 982 2127 coactum
1016 2065 1028 2134 3
1065 2025 1231 2167 quippe
1267 2024 1315 2125 in
1350 2021 1464 2127 hanc
1501 2064 1628 2146 rem,
1667 2065 1810 2168 quam
1845 2064 1940 2131 tan-

475 2175 580 2275 dem
618 2167 798 2314 perfecit
831 2247 846 2289 ,
883 2204 979 2271 tota
1015 2207 1163 2270 mente
1199 2168 1418 2270 Henricus
1467 2168 1734 2292 insistebat,
1773 2175 1940 2275 noni·

474 2357 635 2460 gnarus
671 2313 782 2415 nihil
818 2354 862 2416 se
897 2353 979 2413 nec
1016 2314 1181 2415 Carolo
1219 2313 1443 2415 molestius
1482 2311 1650 2415 efficere
1687 2356 1844 2458 posse,
1864 2359 1939 2420 nec

475 2461 830 2564 Lutheranorum
880 2455 1132 2598 proceribus
1182 2455 1390 2600 gratius,
1431 2499 1457 2558 a
1506 2457 1669 2600 quibus
1717 2502 1775 2562 eo
1824 2458 1936 2565 facto

473 2608 664 2749 gratiam
699 2602 831 2705 inire·
855 2602 1111 2744 cogitabat,
1152 2637 1384 2705 eteorum
1431 2602 1624 2706 amicitia
1666 2640 1711 2705 et
1755 2609 1934 2709 sotieta·

472 2787 518 2851 te
553 2754 609 2855 ad
644 2748 969 2871 Germaniam,
1007 2781 1057 2849 ut
1091 2789 1117 2849 a
1152 2748 1317 2850 Carolo
1353 2743 1599 2872 deficeret,
1634 2749 1930 2856 solicitandam

472 2894 630 2999 abuti.

526 3038 653 3154 tv!
697 3050 850 3180 Itaque
885 3039 1091 3141 Concilio
1128 3040 1342 3161 indicto,
1375 3077 1479 3142 cum
1516 3042 1574 3142 ad
1616 3040 1731 3180 Julii
1782 3042 1929 3144 Ponti-

469 3181 577 3285 ficis‘
600 3184 869 3325 imperatum
903 3185 1113 3327 Episcopi
1148 3186 1345 3327 undiquc
1379 3186 1696 3305 convenirent,
1723 3189 1929 3289 Henricus

470 3365 622 3431 tamen
658 3328 830 3430 nullum
865 3370 918 3428 ex
955 3369 1035 3429 suo
1071 3342 1233 3472 Regno
1270 3330 1326 3430 ad
1361 3330 1622 3432 Concilium
1656 3332 1811 3432 venire
1847 3371 1930 3473 pas·

469 3514 538 3575 sus
575 3510 668 3584 est3
708 3473 817 3615 quin
854 3473 987 3573 etiam
1023 3511 1179 3575 coacto
1216 3472 1457 3596 Concilio,
1498 3513 1575 3617 per
1611 3475 1808 3617 legatum
1839 3516 1930 3578 cum

468 3618 619 3719 litteris
655 3652 700 3719 et
740 3616 965 3718 mandatis,
1000 3618 1181 3722 missum
1213 3696 1229 3740 ,
1280 3619 1398 3757 apud
1441 3628 1531 3752 ejus
1575 3620 1743 3720 ordinis
1795 3630 1929 3722 Patres

468 3763 664 3905 primum
699 3761 755 3863 de
789 3759 906 3864 bello
942 3763 1200 3884 Parmensi,
1219 3799 1263 3864 et
1300 3762 1482 3864 Octavii
1515 3764 1737 3885 Parnesii,
1773 3767 1857 3907 qui
1883 3762 1928 3867 ab

468 3908 657 4008 Ecclesia
693 3944 737 4008 et
773 3907 874 4007 data
918 3903 1003 4007 fide
1040 3909 1317 4028 desciverat,
1358 3908 1607 4050 patrocinio
1651 3947 1859 4052 suscepto
1897 3949 1930 4010 se

468 4051 531 4154 ita
566 4050 797 4196 purgavit,
823 4087 874 4152 ut
909 4091 1091 4153 omnem
1127 4093 1250 4156 suam
1285 4051 1462 4194 culpam
1498 4055 1545 4156 in
1579 4053 1849 4159 Pontificem
1874 4054 1931 4154 in·

468 4234 644 4302 sontem
690 4192 952 4316 conferret,
996 4198 1201 4322 deinde,
1237 4232 1287 4300 ut
1330 4239 1409 4300 suo
1461 4238 1600 4340 pravo
1645 4200 1836 4302 consilio
1880 4199 1932 4297 de

467 4343 601 4445 Gallis
644 4341 869 4484 Episcopis
911 4341 968 4443 ad
1014 4343 1272 4445 Concilium
1332 4343 1478 4445 venire
1531 4345 1678 4446 vetitis
1746 4344 1934 4487 speeiem

468 4487 727 4590 necessitatis
760 4489 1010 4629 imponeret
1021 4564 1036 4611 ,
1065 4489 1258 4631 periculo
1294 4528 1368 4591 eos
1403 4489 1641 4633 impeditos
1675 4483 1811 4592 fuisse
1846 4529 1936 4594 cau·

467 4663 582 4732 satus
617 4667 708 4753 est,
741 4635 880 4775 quod.
901 4637 1049 4737 adiuts-
1062 4732 1064 4735 ,
1077 4672 1185 4737 esset
1220 4634 1475 4776 interclusus
1511 4676 1552 4741 a,
1571 4633 1802 4738 militibus„
1828 4648 1935 4739 Cat·

468 4777 684 4924 surianis,
723 4779 805 4923 qui
841 4778 931 4885 vias
965 4780 1245 4887 obsiderent.
1282 4781 1516 4887 ⁴Nam'de
1560 4779 1730 4888 suain
1777 4783 1936 4888 Eccle-

1830 4964 1932 5032 8121ss
