4124 5880
557 322 797 408 CAROLI
841 325 892 405 V.
935 326 1048 407 LIB.
1091 326 1273 430 xv111.
1539 329 1595 446 ‘83

160 563 190 608 „
208 522 296 591 tem
334 519 378 587 et
414 477 763 600 firmitudinem,
792 481 862 581 vel
899 482 1003 582 ad
990 482 1125 624 ipsius
1161 488 1295 629 Regis
1333 485 1475 594 animi
1510 528 1634 600 tran·

159 709 188 754 „
211 631 479 773 quillitatem
516 627 866 769 dignitatemque
900 661 944 726 et
981 630 1204 730 duraturas
1240 672 1343 773 opes
1374 636 1519 800 minus
1554 684 1629 746 ac-

156 854 187 898 „
202 776 542 878 commodatum
578 771 659 872 hac
695 771 837 913 lege,
873 774 929 873 de
965 811 1054 914 qua
1090 771 1301 897 ferenda,
1324 815 1367 880 et
1400 781 1624 925 imperan-

158 924 270 1043 „da
303 927 423 1038 Sira,
451 956 573 1019 novo
609 954 652 1017 et
688 915 900 1017 inusitato
937 920 1148 1040 tributo,
1189 957 1258 1022 tot
1293 932 1386 1053 jam
1424 928 1513 1028 dies
1549 934 1622 1033 de-

160 1139 190 1190 „
207 1062 466 1194 liberamus.
506 1060 722 1183 Quamvis
759 1062 880 1162 enim
916 1063 972 1161 ad
1009 1061 1283 1228 publicam
1271 1069 1504 1209 mopiam,
1533 1114 1622 1214 qua

159 1246 323 1339 „nunc
358 1244 600 1349 urgemur,
632 1203 948 1307 sublevandam
984 1245 1200 1350 magnum
1235 1207 1284 1309 in
1320 1230 1371 1311 ea
1407 1252 1628 1356 praesens-

159 1394 290 1495 „que
334 1351 581 1452 remedium
627 1346 723 1452 fore
767 1351 1002 1469 videatur,
1045 1386 1194 1454 tamen
1237 1355 1479 1495 periculum
1527 1400 1618 1484 est,

159 1538 262 1620 „ne
285 1494 367 1596 hac
401 1533 578 1636 accepta
613 1492 740 1637 lege,
763 1494 880 1596 unde
905 1427 1150 1597 reniedium
1186 1498 1376 1639 petimus
1412 1503 1490 1602 uni
1525 1544 1618 1607 me·

157 1720 186 1762 ,‚
201 1641 345 1742 diocri
381 1638 542 1758 malo,
579 1638 682 1740 inde
725 1637 887 1741 multae
930 1675 974 1739 et
1009 1637 1210 1783 ingentes
1252 1643 1516 1746 calamitates
1559 1690 1617 1750 o-

156 1859 188 1912 „
206 1787 407 1886 riantur.
461 1792 584 1884 Nam
620 1824 715 1923 quo
765 1782 925 1884 certior
961 1818 1023 1883 est
1060 1819 1103 1886 et
1143 1785 1324 1888 uberior
1361 1786 1468 1889 haec
1503 1793 1615 1894 ratio

155 1929 473 2091 „congerendi
510 1929 770 2068 pecuniam,
808 1967 897 2068 qua
933 1929 1121 2068 pecunia
1157 1929 1415 2070 reipublicae
1451 1937 1614 2075 Regni·

154 2114 291 2216 „que
328 2110 454 2215 quast
488 2071 650 2191 nervi,
686 2109 737 2172 ut
774 2104 888 2172 recte
924 2069 1011 2172 viri
1054 2073 1382 2214 prudentissimi
1423 2077 1615 2178 tradide-

156 2293 187 2339 ‚,
201 2254 338 2338 runt,
374 2216 688 2335 continentur,
729 2214 816 2316 hoc
851 2225 1013 2358 Regno
1049 2252 1111 2317 est
1147 2252 1294 2384 atque
1312 2219 1458 2361 Regi
1463 2222 1615 2361 perni

155 2363 388 2482 ‚‚ciosior.
427 2361 562 2462 Nulla
598 2395 661 2460 est
697 2360 818 2459 enim
853 2393 972 2460 tanta
1009 2359 1216 2502 pecuniae
1252 2360 1317 2467 vis
1335 2403 1486 2505 ,quae
1519 2405 1616 2468 ιιοιι

153 2501 397 2625 „celeriter
432 2505 566 2646 possit
609 2502 774 2604 bellicis
809 2503 1027 2604 sumtibus
1064 2503 1261 2607 absumi
1313 2507 1538 2625 Quibus
1524 2549 1615 2640 Jam

153 2651 371 2792 „pridem
406 2646 679 2750 continenter
713 2647 995 2811 suggerendis
1038 2648 1260 2792 publiea
1249 2651 1402 2790 inopia
1437 2685 1614 2754 contra·

153 2870 183 2915 „
201 2832 274 2895 cta
309 2829 413 2914 est,
458 2828 502 2893 et
537 2792 754 2936 Hispania
788 2831 951 2936 magna
996 2832 1047 2893 ex
1085 2832 1204 2934 parte
1251 2792 1411 2955 opibus
1447 2792 1612 2894 exhau

151 3012 182 3059 „
201 2975 305 3060 sta,
342 2979 455 3080 quae
491 2939 528 3039 si
562 2938 779 3079 penitus,
814 2970 865 3036 ut
898 2934 1024 3037 brevi
1066 2935 1200 3038 hoc
1189 2936 1401 3079 imposito
1442 2938 1612 3041 tributo

147 3156 180 3203 ,‚
200 3081 296 3183 fieri
333 3119 500 3184 necesse
543 3116 650 3203 est,
686 3080 1040 3245 exhauriantur,
1082 3081 1163 3223 qui
1203 3078 1299 3182 fieri
1338 3081 1523 3220 possit,
1560 3118 1612 3183 ut

128 3226 349 3373 „Regni
385 3225 518 3329 robur
548 3226 671 3369 quasi
705 3225 875 3326 succisis
905 3225 1049 3326 nervis
1085 3265 1179 3325 non
1206 3224 1490 3325 dissolvatur>
1548 3236 1612 3325 Ita

132 3402 181 3540 q„
197 3368 273 3474 fiet
286 3448 302 3491 ‚
337 3407 388 3472 ut
423 3382 520 3474 Rex
555 3373 610 3471 ad
646 3406 885 3472 extremam
920 3368 1120 3509 inopiam
1155 3369 1386 3489 redactus,
1425 3410 1476 3469 ex
1512 3406 1612 3467 ma·-

141 3516 325 3701 ιι,,ιιιιιο
361 3550 405 3617 et
447 3550 732 3658 praepotente
774 3515 952 3657 exiguus
988 3513 1063 3616 fiat
1100 3547 1143 3613 et
1177 3447 1464 3633 imbecillus,
1500 3550 1611 3613 con-

148 3652 447 3823 1ι’,ιοιιιιιιιιιιιε
471 3662 551 3763 suis
579 3657 778 3761 hostibus
813 3656 1252 3828 habeatur,1psaque
1289 3642 1504 3820 Hispania
1539 3696 1612 3755 ce·
1650 3672 1652 3676 ’

158 3806 299 3964 „teris
339 3803 594 3907 nationibus
638 3802 779 3906 adhuc
814 3796 1139 3922 formidolosa,
1174 3811 1263 3934 jam
1300 3800 1480 3902 externis
1517 3797 1613 3898 bel

167 3946 256 4073 ιιιιι
275 3987 438 4089 ‚quae
474 3950 558 4052 alia
594 3991 646 4050 ex
688 3948 782 4050 aliis
817 3985 1055 4068 seruntur,
1066 3984 1222 4110 supra
1261 3947 1450 4047 modum
1492 3976 1613 4040 exte-

171 4007 387 4225 inuata,
411 4131 670 4258 opportuna
705 4094 956 4233 reddatur
945 4092 1162 4226 mjuriae,
1196 4132 1279 4195 nec
1314 4087 1432 4190 bello
1470 4124 1613 4186 neces-

184 4232 523 4380 lsario,s1quis
570 4239 759 4340 hostis
749 4237 957 4339 invitatus
992 4236 1219 4338 occasione
1264 4229 1491 4350 intulerit,
1512 4267 1614 4393 pro

235 4315 416 4483 ulsarido
453 4378 675 4507 sufficiat,
704 4381 955 4546 praedaque
992 4377 1263 4542 opulentiori
1298 4410 1341 4476 et
1376 4371 1617 4541 potentiori

194 4376 314 4655 bat
366 4538 497 4648 Quae
534 4529 713 4629 mala
684 4568 720 4628 sr
754 4524 880 4627 nobis
925 4561 1006 4667 pro
1041 4557 1187 4624 nostra
1229 4521 1278 4624 ιιι
1312 4523 1496 4662 patriam
1531 4530 1618 4619 Re

211 4646 401 4818 lemque
445 4670 533 4775 fide
579 4709 623 4774 et
671 4672 818 4775 studio·
860 4670 1051 4773 cavenda
1096 4706 1239 4790 sunt,
1280 4703 1331 4768 ut
1375 4666 1423 4768 in
1466 4660 1619 4807 primis

222 4812 234 4973 l
1066 4823 1238 4944 La
1450 4836 1623 4920 sunt,
