4192 5858
436 393 690 481 CAROLI
724 394 780 481 V.
820 397 937 481 LIB.
970 400 1158 482 xxrrt.
1387 419 1469 508 231

131 639 147 682 ,
184 555 219 661 si
255 551 458 660 universa
494 555 712 698 Hispania
745 557 874 658 unius
908 556 1045 802 Regis
1091 553 1282 699 imperio
1319 595 1521 702 parerer,

118 705 313 844 llatisque
351 697 560 825 viribus,
595 738 639 801 et
689 701 981 804 consentienti
1014 741 1063 801 us
1114 703 1271 803 animis
1322 706 1521 805 adversus

118 886 330 953 ternorum
373 844 550 977 injurias
603 885 693 947 sese
742 882 968 965 tueretur,
1004 881 1139 987 atque
1190 847 1325 947 etiarn
1382 849 1521 989 impe-

121 1038 206 1114 m,
241 989 362 1124 justis
400 988 572 1132 piisque
625 990 764 1091 causis
823 988 1196 1111 adhortantibus,
1230 1029 1519 1134 propagaret.

118 1142 131 1238 l
167 1137 248 1235 hac
286 1173 469 1275 quoque
506 1133 676 1236 ratione
725 1133 932 1235 nonnihil
983 1134 1216 1237 inducmm
1266 1130 1394 1236 fuisse
1430 1152 1522 1240 Ca-

118 1319 199 1381 um
234 1276 532 1412 adjiciebant,
573 1315 622 1378 ut
658 1279 879 1423 pecunia,
915 1319 1028 1420 quae
1065 1279 1181 1380 dotis
1225 1279 1411 1381 nomine
1448 1281 1549 1383 di-'

118 1459 270 1545 tatur,
303 1426 360 1525 ad
412 1424 681 1564 stipendium
732 1423 918 1526 militate
967 1423 1015 1525 in
1063 1423 1348 1568 impendente
1402 1424 1521 1531 bello

118 1569 229 1670 ‚llico
267 1564 591 1690 sublevaretur.

128 1724 181 1814 11.
256 1722 364 1812 Erat
396 1710 622 1852 Philippus
659 1753 711 1812 ex
747 1749 937 1853 utroque
974 1748 1152 1856 parente
1188 1711 1362 1815 Mariae
1415 1756 1522 1817 con-

118 1857 288 1976 srinus,
325 1890 376 1955 ut
421 1854 542 1956 enim
579 1856 763 1957 Carolus
815 1857 1075 1961 Catharinae
1127 1859 1372 2000 Reginae,
1410 1901 1522 2001 quae

118 2001 243 2103 ariam
297 2035 548 2141 genuerat,
580 1999 641 2101 sic
677 2009 874 2140 Joannes
910 2014 1006 2104 Rex
1051 1998 1283 2121 isabellae,
1321 2042 1374 2101 ex
1431 2044 1521 2145 qua

119 2145 235 2245 rolus
270 2143 526 2284 Philippum
563 2182 901 2284 procreaverat,
938 2141 1069 2245 frater
1106 2184 1339 2286 germanus
1391 2185 1519 2249 etat:

119 2329 206 2428 que
256 2288 545 2387 matrimonio
595 2288 902 2389 Ecclesiasticis
955 2286 1287 2427 Pontificiisque
1350 2288 1522 2431 legibus

118 2428 361 2551 stantibus,
381 2431 658 2570 impetranda
693 2427 777 2532 fuit
813 2432 988 2531 Summi
1024 2431 1250 2532 Pontificis
1285 2431 1523 2575 indulgen-

139 2652 155 2696 ,
191 2612 242 2678 ut
277 2612 353 2676 eos
400 2572 569 2716 legibus
618 2575 836 2696 solveret,
874 2616 991 2718 quae
1041 2581 1267 2711 dispensatio
1318 2580 1520 2685 nomina-

129 2872 200 2965 ΙΙΙ.
275 2871 401 2963 Haec
436 2901 541 2963 cum
591 2898 728 2963 essent
773 2862 1043 2982 constituta,
1076 2900 1122 2965 et
1168 2895 1394 3001 tempus,
1431 2903 1526 3006 quo

118 3005 205 3106 aria
242 3041 285 3107 et
316 3005 507 3147 Philippi
541 3007 694 3148 Legati
726 3007 782 3108 ad
820 3012 1081 3148 Regnorum
1123 3003 1315 3106 confinia
1359 3046 1528 3108 conve-

118 3185 238 3270 rent,
278 3151 573 3276 condictum,
612 3153 666 3251 de
704 3147 878 3251 duobus
921 3150 1095 3292 Legatis
1137 3190 1189 3248 ex
1243 3187 1370 3248 more
1419 3151 1526 3251 mit-

118 3295 201 3394 rdis
257 3293 627 3415 deliberabatur,
664 3334 861 3435 quorum
896 3294 1000 3396 alter
1038 3336 1091 3394 ex
1133 3289 1388 3435 proceribus
1442 3335 1528 3395 esse

118 3437 201 3559 let,
240 3441 343 3539 alter
376 3482 430 3540 ex
463 3439 787 3560 Pontificibus,
822 3438 896 3540 sed
928 3475 1115 3579 uterque
1154 3474 1340 3576 magnae
1373 3474 1526 3537 aucto-

118 3583 232 3704 atis,
265 3620 309 3684 et
348 3585 427 3725 qui
461 3619 604 3726 posset
648 3623 863 3726 magnum
910 3581 1177 3684 comitatum
1227 3580 1368 3680 alere.
1424 3587 1525 3681 Nec

149 3728 227 3828 illo
265 3729 399 3829 altero
432 3724 513 3830 litit
543 3729 877 3852 controversia,
900 3728 955 3826 de
989 3722 1205 3826 Pontifice
1239 3756 1386 3824 autem
1419 3763 1525 3826 non·

118 3870 175 3969 nil
215 3871 549 3976 addubitamm.
607 3883 831 4015 Legantur
886 3870 1024 4013 igitur
1069 3873 1266 4005 Joannes
1313 3862 1524 3970 Alfonsus

118 4010 351 4148 ethymnae
388 4017 589 4118 Sidoniae
636 4031 739 4119 Dux
779 4053 1011 4157 procerum
1044 4011 1441 4153 locupletissimus,
1477 4046 1522 4112 et

118 4195 263 4257 >annes
299 4161 518 4262 Martinus
555 4159 730 4264 Siliceus
770 4162 1011 4303 Episcopus
1045 4154 1435 4298 Carthaginensis,
1476 4196 1526 4258 a·

118 4338 191 4401 mo
222 4300 516 4442 locupletior,
550 4346 687 4447 quam
719 4301 935 4406 fortunis.
974 4310 1097 4404 Nam
1133 4298 1281 4443 paucis
1320 4333 1419 4398 ante
1445 4338 1525 4398 an-

118 4482 314 4546 sauctus
348 4440 491 4549 fuerat
524 4445 816 4549 Pontificatu.
874 4456 979 4547 Erat
1030 4483 1177 4547 tamen
1214 4476 1367 4542 natura
1412 4438 1527 4542 libe-

118 4586 192 4707 lis,
233 4625 276 4690 et
315 4591 396 4730 qui
432 4631 598 4694 sumtus
631 4591 681 4693 in
714 4630 780 4692 res
816 4588 1018 4690 honestas
1054 4581 1244 4688 faciendi
1282 4585 1528 4685 occasiones

118 4731 275 4834 {aesitas
314 4735 540 4840 interdurn
570 4774 664 4838 non
699 4735 864 4840 invitus
899 4734 1071 4841 obiret.
1126 4743 1166 4834 Is
1212 4767 1317 4831 cum
1362 4767 1529 4870 magno

436 4922 444 4930 .
1454 4907 1531 4970 co-
