3998 5850
487 469 578 566 494
873 458 960 539 DE
1015 459 1217 540 REBUS
1265 456 1550 540 GEsrrs

446 699 480 744 ,‚
496 616 650 717 lemma
693 653 737 717 et
772 611 950 733 fidem,
984 592 1167 754 quam
1158 613 1206 713 in
1241 653 1339 713 suos
1382 629 1528 757 Reges
1564 622 1753 744 majores
1800 652 1919 720 meos

445 758 761 884 „sanctissime
797 756 1110 878 coluerunt,
1099 757 1371 919 imitemini,
1395 795 1439 858 et
1474 757 1584 898 quid
1620 756 1801 898 publica
1832 774 1914 863 Re

441 984 474 1030 „
492 904 570 1047 gni
614 901 908 1004 commoditas
966 937 1009 1001 er
1064 901 1285 1042 regnantis
1336 902 1567 1042 dignitas,
1618 902 1733 1041 quid
1778 900 1914 1010 officii

442 1048 751 1210 „pietatisque
789 1045 902 1144 ratio
939 1080 1131 1184 poscat,
1171 1045 1430 1184 incorrupto
1466 1044 1632 1177 judicio
1670 1051 1913 1207 perpenda

442 1269 474 1313 „
489 1191 573 1309 tis,
611 1228 862 1329 vestraeque
897 1188 1095 1329 Reginae
1132 1187 1244 1287 nihil
1280 1187 1397 1286 aliud
1404 1228 1577 1329 ,quam
1612 1190 1762 1329 Regni
1793 1231 1911 1354 opes,

440 1335 729 1457 „commoda
763 1367 806 1431 et
840 1331 1106 1494 dignitatem
1142 1325 1406 1471 spectantis,
1438 1371 1615 1431 causam
1645 1334 1909 1473 suscipratis,

339 1478 815 1621 ,consilioque
800 1475 986 1608 juvetis,
1008 1511 1051 1575 et
1086 1513 1112 1574 a
1148 1474 1421 1616 perfidorum
1457 1477 1612 1577 scelere
1648 1515 1738 1618 ope
1774 1514 1821 1578 et
1842 1519 1911 1580 au-

443 1623 693 1742 ,‚ctoritate
731 1656 897 1720 vestrae
934 1616 1122 1717 civitatis
1160 1613 1434 1719 defendatis.
1451 1636 1484 1680 “

458 1773 671 1863 XXV.
746 1773 865 1862 Hac
891 1761 1090 1861 oratione
1126 1762 1315 1880 audita,
1352 1798 1397 1861 et
1445 1762 1626 1904 indigne
1672 1760 1907 1865 laborantis

444 1906 646 2048 Reginae
688 1887 961 2006 solicitudine
1005 1904 1215 2005 simulet
1261 1903 1530 2005 humanitate
1573 1943 1906 2047 perspecta,et

443 2050 572 2150 latius
610 2088 685 2190 pet
721 2046 876 2148 urbem
913 2047 1168 2209 divulgata,
1212 2086 1400 2211 magna
1410 2085 1472 2149 cst
1508 2042 1622 2149 facta
1658 2089 1905 2152 animorum

444 2192 770 2300 commutati03
795 2233 932 2334 ergo,
953 2229 1035 2353 qur
1071 2192 1124 2293 de
1153 2190 1400 2291 Huvieto
1388 2230 1435 2291 ιιι
1472 2189 1631 2293 urbem
1659 2194 1907 2334 recipiendo

444 2337 789 2476 cogitaverant,
825 2335 1011 2435 iidem
1000 2373 1048 2432 m
1095 2336 1346 2437 Huvietum
1388 2374 1508 2435 arma
1543 2373 1833 2456 convertere,
1868 2374 1908 2438 et

446 2479 641 2582 venienti
689 2515 835 2640 portas
886 2477 1114 2577 occludere
1174 2480 1326 2577 sumtis
1378 2479 1509 2577 armis
1559 2482 1906 2582 constituerunt.

444 2635 594 2764 ltaque
630 2622 832 2722 Huvieto
877 2661 929 2720 ex
980 2621 1112 2720 altera
1159 2622 1358 2721 Tamesis
1400 2621 1591 2721 fluminis
1641 2659 1760 2763 parte
1785 2632 1908 2722 lon-

446 2767 604 2866 dinum
641 2768 932 2885 adventante,
976 2800 1106 2903 porta
1140 2763 1242 2864 inde
1277 2764 1448 2866 occlusa
1489 2800 1583 2888 est,
1621 2803 1667 2865 et
1702 2766 1905 2929 imposito

442 2910 659 3050 praesidio
703 2910 851 3049 pontis
894 2907 1033 3008 aditus
1071 2904 1293 3008 obsessus.
1351 2909 1425 3008 Ad
1474 2906 1795 3009 suburbium
1784 2911 1907 3050 igitur

445 3056 669 3155 Huvietus
711 3051 850 3152 biduo
893 3046 1053 3152 frustra
1108 3086 1344 3151 consumto
1389 3087 1586 3171 movet,
1636 3092 1689 3151 ac
1734 3051 1907 3152 Tamesi

358 3197 362 3206 ’
444 3234 570 3337 supra
612 3195 868 3296 Londinum
912 3205 1143 3327 traject0,
1179 3232 1296 3294 recta
1339 3195 1387 3294 in
1432 3129 1589 3296 urbeni
1631 3195 1905 3336 Regiamque

444 3340 703 3458 contendit,
737 3374 781 3437 et
817 3377 1098 3478 quacumque
1134 3340 1331 3438 transiret
1347 3340 1609 3479 ,populares
1645 3377 1823 3482 magna
1836 3379 1906 3441 vo·

443 3523 493 3584 ce
528 3485 585 3583 ad
621 3482 784 3622 patriae
819 3482 1067 3582 libertatem
1103 3417 1428 3584 defendendum
1464 3480 1676 3582 vocabat.

516 3637 686 3729 XXVI.
759 3636 878 3725 Cum
912 3626 969 3724 ad
1004 3623 1122 3725 urbis
1150 3627 1325 3726 moenia
1361 3660 1405 3724 et
1430 3663 1603 3766 portam
1628 3626 1810 3726 alteram
1842 3622 1911 3727 ob

349 3852 354 3855 a
449 3770 614 3870 clusam
657 3807 760 3869 cum
813 3770 961 3913 paucis
1003 3808 1181 3869 suorum
1224 3770 1491 3877 accessissem
1527 3769 1752 3910 (agminis
1796 3770 1911 3870 enim

445 3924 662 4077 majorem
700 3949 912 4052 partem,
950 3953 1041 4054 quo
1090 3914 1332 4054 expeditius
1388 3949 1431 4014 et
1474 3951 1578 4013 cum
1626 3950 1804 4012 mmore
1841 3953 1911 4011 su-

447 4057 643 4199 spicione
681 4058 1051 4196 progrederetur,
1076 4059 1133 4156 ad
1168 4058 1394 4199 planitiem
1404 4042 1678 4198 quamdam
1722 4057 1913 4195 relique

449 4206 544 4336 rat)
564 4199 814 4342 oppidanos
843 4200 898 4300 ad
934 4200 1179 4303 custodiam
1217 4239 1295 4340 per
1326 4239 1501 4301 murum
1538 4200 1774 4339 dispositos
1792 4199 1910 4299 blan-

448 4344 515 4443 dis
551 4344 691 4445 verbis
727 4343 997 4507 alloquitur,
1040 4372 1090 4444 ac
1126 4343 1192 4444 uti
1228 4384 1271 4442 se
1308 4345 1471 4487 patriae
1507 4343 1720 4446 libertatis
1760 4339 1915 4440 vindi

430 4516 544 4585 'cem
580 4488 687 4589 urbe
725 4489 989 4627 recipiant,
1032 4491 1328 4650 eumdemque
1371 4490 1427 4589 ad
1471 4487 1724 4588 servitutem
1769 4523 1914 4585 extet·

448 4660 609 4729 norum
646 4633 982 4769 propulsandam
1018 4633 1089 4732 vel
1141 4633 1310 4734 socium
1360 4632 1603 4749 asciscant,
1641 4633 1715 4730 vel
1758 4632 1917 4729 ducem

450 4809 705 4918 sequantur,
720 4814 1022 4917 comprecatur
1058 4813 1102 4875 et
1136 4777 1357 4919 postulat.
1396 4787 1519 4877 Haec
1555 4707 1666 4880 diam
1692 4776 1915 4876 Huvietus

1862 4914 1917 5015 ab
