4124 5880
499 392 552 480 90
758 409 760 411 ·
862 358 949 438 DE
995 352 1202 433 REBUS
1243 349 1470 434 GESTlS.

465 561 570 623 men
605 513 755 617 animo
792 509 904 613 nihil
939 545 1205 652 tantopere,
1242 546 1381 649 quam
1416 504 1582 608 bellum
1615 502 1771 610 Turris
1807 503 1922 613 infe-

466 667 654 769 rendum
688 655 914 801 agitabat,
952 694 1046 753 non
1082 653 1284 754 desistens
1320 691 1431 792 quae
1465 650 1571 752 huic
1605 648 1757 773 bello,
1794 655 1921 794 quod

466 811 558 950 ipse
593 843 670 947 pet
713 843 755 901 se
791 799 1090 899 administrare
1125 793 1387 938 cogitabat,
1422 795 1520 895 usui
1554 830 1719 915 essent,
1738 836 1921 937 compa-

468 991 600 1068 rare,
637 950 746 1046 dum
783 976 987 1042 statueret
1030 941 1226 1081 publicae
1269 938 1412 1081 quieti
1453 975 1585 1080 atque
1625 934 1752 1042 saluti
1785 939 1921 1048 Chri-

468 1097 711 1194 stianorum
761 1088 961 1188 adversus
1013 1091 1257 1185 Turcarum
1307 1082 1622 1224 Solymanique
1669 1083 1827 1186 odium
1865 1123 1923 1198 et

470 1235 767 1378 superbiam,
817 1230 897 1371 qui
944 1264 1190 1369 numquam
1240 1261 1449 1328 cessarent
1500 1224 1618 1327 bello
1653 1226 1923 1332 Christianos

469 1416 577 1481 terra
612 1377 809 1517 marique
845 1374 1074 1490 lacessere,
1103 1409 1195 1472 non
1231 1371 1356 1470 aliter
1391 1370 1559 1472 consuli
1593 1411 1749 1513 posse,
1786 1414 1923 1516 quam

471 1525 542 1642 si,
578 1520 782 1621 translato
816 1517 865 1617 in
907 1516 1135 1617 Graeciam
1171 1521 1508 1656 Turcarumquc
1545 1513 1686 1635 fines,
1725 1554 1768 1617 et
1804 1522 1923 1621 ultro

470 1667 594 1766 illato
635 1660 797 1787 bello,
834 1661 918 1761 suis
967 1658 1052 1799 ipsi
1100 1655 1227 1758 rebus
1262 1659 1418 1760 timere
1461 1697 1766 1803 cogerentur,
1799 1673 1924 1794 cujus

471 1810 534 1909 rei
577 1807 850 1906 occasionem
879 1812 911 1923 ,‘
935 1801 1257 1943 quiescentibus
1304 1803 1482 1923 Gallis,
1527 1805 1662 1905 Paulo
1709 1805 1926 1908 Pontifice

471 1950 673 2050 Maximo
715 1984 758 2048 et
794 1947 973 2051 Venetis
1007 1986 1154 2047 secum
1190 1944 1571 2088 conspirantibus,
1606 1987 1700 2047 non
1735 1984 1926 2088 praeter-

471 2094 778 2212 mittendam,
813 2092 886 2192 sed
929 2090 1093 2192 cunctis
1135 2089 1373 2194 rationibus
1417 2086 1744 2234 praeferendam
1790 2130 1926 2232 puta·

471 2233 574 2336 bat.
616 2245 715 2336 Hac
750 2277 794 2335 se
830 2236 964 2377 igitur
999 2275 1074 2376 spe
1110 2234 1279 2367 dejici,
1315 2235 1388 2337 illa
1424 2236 1703 2376 pecuniarum
1739 2239 1926 2379 exigen-

472 2381 626 2480 darum
662 2380 857 2500 ratione,
885 2418 995 2520 quae
1032 2378 1235 2479 omnium
1271 2379 1629 2480 commodissima
1664 2380 1922 2501 videbatur,

471 2519 704 2667 pernegara
734 2513 748 2643 ,
781 2516 924 2664 aequo
974 2523 1128 2624 animo
1177 2519 1286 2625 ferre
1329 2562 1421 2622 non
1465 2559 1660 2663 poterat.
1712 2536 1925 2629 Ceterum

471 2706 554 2768 nec
589 2670 664 2769 diu
714 2708 794 2769 nec
843 2669 1176 2810 intemperanter
1224 2666 1420 2768 dolorem
1456 2667 1593 2787 aluit,
1635 2702 1708 2768 aut
1742 2668 1925 2768 indulsit

471 2810 593 2933 irae,
628 2814 702 2912 sed
738 2850 844 2913 mox
878 2847 1115 2954 utrumque
1155 2810 1326 2912 ratione
1362 2810 1673 2954 sapientissime
1709 2848 1925 2952 tempera-

473 2954 540 3054 vit
567 3032 582 3074 ,
619 2957 727 3054 dum
770 2991 986 3097 reputaret
1030 2957 1394 3098 exploratumque
1438 2953 1657 3076 habetet,
1694 2995 1926 3097 procerum

472 3095 803 3239 legatorumque
839 3099 1075 3200 consilium
1114 3133 1247 3240 atque
1283 3138 1546 3200 consensum
1581 3140 1607 3198 a
1647 3099 1732 3198 suis
1768 3135 1926 3241 postu-

471 3239 568 3339 latis
595 3241 933 3364 abhorrentem,
950 3283 1042 3344 non
1077 3285 1101 3343 a
1136 3240 1335 3385 superbia
1359 3244 1523 3344 odiove
1559 3241 1657 3363 sui,
1677 3245 1750 3343 sed
1786 3284 1813 3344 a
1849 3283 1926 3346 ne·

472 3384 662 3486 cessitate
705 3388 898 3527 quadam
940 3386 1236 3530 angustiisque
1280 3427 1425 3488 retum
1467 3423 1511 3487 et
1554 3395 1670 3520 justo
1713 3384 1928 3488 libertatis

473 3566 624 3628 amore
673 3525 800 3631 luisse
850 3527 1129 3672 profectum.
1183 3530 1427 3634 Constabat
1479 3529 1599 3634 enim
1648 3568 1828 3636 cunctos
1877 3530 1929 3633 id

473 3672 664 3774 maxime
699 3674 845 3775 dolere
881 3711 924 3774 et
959 3673 1092 3817 angi,
1128 3677 1250 3815 quod
1286 3715 1378 3776 non
1413 3676 1540 3776 simul
1573 3677 1720 3818 Regni
1755 3674 1930 3776 multo-

473 3818 575 3913 rum
611 3854 830 3921 annorum
865 3816 987 3919 bellis
1023 3820 1207 3919 externis
1242 3820 1516 3933 continenter
1550 3820 1696 3919 vexati
1729 3855 1772 3921 et
1808 3817 1929 3920 mul-

473 3953 667 4059 tifariam
703 3959 898 4062 exhausti
932 3961 1174 4064 rationibus
1201 3972 1264 4065 ac'
1285 3962 1605 4066 necessitatibus
1637 3962 1929 4065 irnmunium-

465 4141 560 4242 ique
606 4102 841 4204 hominum
875 4146 925 4206 ac
961 4106 1183 4207 nobilium
1224 4105 1415 4208 libertati
1457 4107 1681 4208 consulere
1718 4145 1928 4249 possent,

472 4245 600 4345 simul
636 4249 788 4348 Caroli
836 4249 1057 4351 voluntati
1105 4287 1279 4351 morem
1325 4256 1496 4395 gerere.
1551 4265 1757 4368 Ceterum
1810 4248 1929 4352 hanc

387 4430 389 4437 '
471 4388 685 4526 repulsam
721 4393 934 4493 Carolum
979 4395 1064 4494 alta
1113 4431 1261 4495 mente
1314 4397 1553 4537 reposuisse
1574 4469 1588 4510 ,
1608 4396 1712 4532 'ipse
1748 4395 1929 4532 Madrifa

470 4530 522 4627 tii
557 4529 665 4632 mihi
700 4535 755 4634 de
791 4534 919 4636 ribus
954 4539 1046 4637 aliis
1072 4541 1381 4677 ,percunctanti
1427 4573 1527 4675 post
1570 4535 1739 4674 aliquot
1782 4575 1925 4640 annos

465 4672 708 4777 indicavit.
764 4683 884 4777 Nam
921 4719 1021 4807 cum
1059 4719 1145 4823 ego
1179 4676 1297 4780 forte
1333 4679 1526 4783 Concilii
1559 4677 1686 4814 hujus
1721 4684 1923 4782 mentio-

1808 4865 1917 4928 nem
