3998 5850
416 421 657 509 cauom
700 347 1485 525 v.rrss⁴xxv111.463

112 589 348 684 ΧΧΧΙΙῙ.
424 588 474 675 Ιιι
505 576 585 676 hos
613 576 727 676 Galli
761 575 816 673 ad
848 575 1161 715 quadringenti
1200 575 1357 680 hastati
1392 586 1534 727 sclop-

104 727 313 865 etariique
357 722 470 820 circa
519 721 749 822 meridiem
793 756 1114 858 erumpentes,
1161 720 1380 860 impetum
1432 769 1535 831 cunr

70 768 299 987 iecissent,
335 867 487 965 acriter
523 867 726 1004 utrinque
763 902 1011 1006 pugnatum
1048 901 1140 1029 est,
1171 869 1311 967 donec
1348 870 1539 1013 Hispani

70 1012 344 1154 scloppetarii
382 1010 563 1113 trecenti
619 1048 720 1108 cum
759 1023 939 1113 Bezerra
975 1009 1226 1110 centurione
1277 1053 1301 1110 a
1344 1019 1537 1118 Ludovi·

70 1200 124 1258 co
169 1158 371 1279 Quixada
417 1153 611 1256 subsidio
656 1152 775 1253 missi
819 1187 917 1252 sunt
950 1231 964 1271 ‚
1003 1151 1163 1291 quibus
1205 1157 1539 1281 accedentibus,

70 1298 196 1403 facile
232 1298 426 1400 hostes
415 1338 462 1397 rn
499 1338 644 1398 arcem
681 1297 980 1438 repelluntur
1025 1297 1196 1396 Tum
1183 1336 1231 1396 ιιι
1266 1301 1396 1401 aliam
1433 1343 1538 1445 par-

71 1483 159 1548 tem
206 1448 261 1544 ad
313 1482 458 1547 arcem
507 1443 859 1584 oppugnandum
910 1442 1297 1544 commodiorem
1290 1480 1539 1550 tormenta

68 1585 416 1708 transferuntur,
454 1627 542 1727 qua
581 1624 700 1727 parte
737 1585 882 1685 nullus
917 1624 1065 1684 murus
1103 1625 1246 1687 arcem
1282 1591 1536 1715 muniebat,

71 1735 146 1835 sed
182 1773 285 1833 cum
320 1770 484 1871 magna
520 1727 635 1832 fossa
672 1765 833 1829 terreus
870 1730 1064 1832 tumulus
1098 1730 1206 1830 altus
1243 1769 1286 1834 et
1316 1773 1538 1876 praeceps,

71 1879 146 1977 vix
184 1917 277 2017 quo
326 1912 474 2036 posset
516 1875 740 2013 expeditus
778 1909 821 1973 et
863 1873 1036 1974 inermis
1073 1868 1253 1974 evadere
1284 1878 1536 2019 ‚.regebat

72 2031 121 2121 In
166 2019 295 2152 hujus
339 2018 500 2119 vertice
546 2017 744 2156 planities
787 2050 877 2117 erat
921 2049 1174 2135 excavata,
1220 2057 1357 2156 quam
1404 2059 1539 2184 agger

72 2162 131 2263 ab
171 2204 220 2262 ea
258 2201 381 2303 parte
419 2160 683 2278 muniebat,
717 2157 835 2258 bello
872 2158 1094 2298 superiore
1129 2199 1155 2257 a
1198 2162 1331 2263 Gallis
1373 2167 1540 2266 excita-

72 2341 142 2411 tus
179 2308 318 2437 (nam
357 2345 488 2467 saepe
521 2304 774 2404 Hesdinum
811 2344 836 2403 a
887 2304 1017 2402 Gallis
1079 2340 1122 2402 er
1161 2306 1425 2409 Caesarianis
1468 2351 1541 2411 rc-

71 2487 286 2588 ceptum,
324 2485 368 2550 et
405 2448 596 2548 vicissim
641 2447 852 2545 amissum
888 2441 1066 2581 fuerat)
1102 2449 1337 2586 superiores
1386 2454 1538 2554 muni-

66 2592 208 2692 tiones
244 2595 337 2693 duo
370 2590 699 2752 propugnacula
737 2632 790 2689 ex
826 2586 1015 2729 obliquo
1053 2586 1375 2711 defendebant,
1411 2634 1455 2695 et
1492 2599 1534 2697 i·

70 2773 161 2841 tem
200 2739 310 2836 duae
356 2772 491 2835 turres
539 2733 644 2835 hinc
681 2732 784 2832 inde
827 2727 988 2832 fossam
1031 2735 1292 2835 tuebantur.
1335 2747 1538 2881 Utraque

68 2915 302 2982 transversa
350 2879 628 2979 munimenta
678 2876 831 2976 validis
889 2877 1121 2978 tormentis
1169 2882 1419 2983 Caesariani
1460 2924 1538 3024 per
1628 2931 1634 2943 ²

72 3027 231 3164 Belgas
259 3023 387 3156 hujus
425 3021 600 3122 artificii
637 3021 926 3162 peritissimos
967 3021 1246 3122 administros
1296 3064 1400 3126 octo
1444 3069 1539 3133 am

71 3168 185 3312 plius
234 3171 328 3269 dies
369 3166 651 3267 continenter
693 3204 798 3265 cunr
838 3204 1213 3308 oppugnassent
1243 3209 1337 3269 non
1373 3206 1538 3292 tamen,

71 3347 289 3451 quantum
328 3313 427 3412 satis
466 3305 935 3450 esset,profecerant.
983 3323 1137 3450 ltaque
1173 3313 1333 3413 nostris
1368 3315 1541 3416 aditum

71 3456 328 3620 explorandi
362 3455 505 3598 gratia
539 3455 730 3554 securius
764 3453 1119 3573 accedentibus,
1158 3494 1312 3554 eorum
1348 3495 1538 3598 quatuor

71 3599 205 3703 occisi
243 3639 344 3701 sunt
379 3600 472 3699 telis
509 3597 738 3739 obliquis,
777 3633 859 3698 tres
896 3597 1139 3697 vulnerati

142 3752 363 3846 XXXIV
435 3757 650 3847 Ceterum
684 3741 1022 3884 oppugnatione
1057 3777 1386 3846 tormentorum
1418 3782 1538 3845 reno

70 3919 174 3984 vata
208 3927 407 4048 ,epque
447 3887 641 4025 periculo
679 3884 896 4003 sublato,
896 3885 1100 4026 placuit
1138 3885 1305 3984 alia
1264 3926 1336 3987 vra
1382 3924 1540 3990 tumu

70 4027 166 4127 lum
203 4064 248 4126 et
290 4030 538 4170 impositas
552 4029 819 4132 munitiones
867 4066 1160 4171 oppugnare:
1193 4069 1296 4130 nam
1334 4068 1537 4133 tormen-

72 4206 226 4275 torum
263 4174 358 4272 telis
395 4213 488 4273 non
525 4175 666 4316 magis
703 4160 1043 4337 proliciebatur,
1080 4214 1216 4314 quam
1254 4175 1289 4275 si
1325 4214 1539 4275 monsa

68 4314 200 4454 liquis
253 4352 529 4457 quateretur
590 4319 825 4418 Pulvere
814 4318 952 4458 rgitur
1005 4318 1293 4417 tormentario
1342 4320 1536 4460 igneque

72 4462 397 4602 suppositob
344 4463 567 4561 avendum
604 4504 689 4563 esse
726 4496 1023 4563 censuerunt..
1059 4475 1181 4562 Dum
1210 4460 1320 4561 haec
1346 4465 1402 4561 ad
1431 4474 1539 4565 Hes·

70 4601 227 4704 dinum
273 4642 511 4747 geruntur,
551 4607 766 4706 Emanuel
803 4603 1066 4705 Philibertus
1104 4606 1253 4705 Caroli
1289 4608 1424 4708 Ducis
1461 4623 1536 4708 Sa-

69 4742 257 4849 baudiae
292 4748 404 4851 filius
440 4753 596 4888 (Subal
557 4760 705 4887 arpinus
729 4753 917 4895 Princeps
954 4791 979 4850 a
1015 4750 1178 4852 nostris
1212 4749 1532 4898 usurpabatur)

1437 4892 1533 5049 *ad
