4102 5864
525 431 610 542 378
851 468 852 505 2
917 433 1001 517 on
1049 432 1247 516 rasus
1301 431 1520 518 cnsrrs

490 634 590 696 rum
644 593 862 736 oppidum
902 672 916 714 ,
958 595 1150 729 Joannes
1196 592 1538 736 isemburgensis
1580 586 1949 731 Arcbiepiscopus

493 783 545 841 ex
580 738 872 881 Imperatoriis
900 738 1202 840 Delectoribus
1239 735 1367 839 affuit
1384 815 1397 856 ‚
1416 737 1628 837 salutandi
1663 775 1817 836 causa.
1863 743 1948 834 Lu-

494 882 786 1023 xemburgum
822 882 924 981 inde
970 883 1220 1022 processit,
1256 882 1475 1024 oppidum
1522 916 1733 1020 magnum
1772 916 1815 978 ct
1848 916 1948 978 mu·

497 1027 800 1144 tritissimum,
839 1028 911 1125 sed
947 1022 1070 1125 bellis
1106 1024 1399 1166 superioribus
1433 1018 1791 1141 labefactatum,
1831 1030 1946 1153 cujus

497 1208 598 1311 ager
633 1206 887 1268 nemorosus
918 1199 922 1205 ’
957 1208 1020 1283 ars
1057 1206 1146 1268 erat
1183 1170 1448 1272 Arduennae
1484 1164 1747 1266 vastissimae
1791 1163 1948 1284 silvae,

499 1353 610 1452 quae
646 1354 670 1410 a
701 1311 867 1412 ‘Rheno
913 1208 1052 1411 divio
1089 1350 1166 1452 per
1200 1312 1368 1412 medios
1403 1311 1696 1409 Trevirorum
1742 1306 1851 1406 fines
1898 1310 1951 1407 ad

503 1455 684 1555 initium
720 1452 1000 1556 Rhemorum
1047 1451 1320 1593 pertinebat.
1370 1448 1766 1593 Luxemburgensis
1807 1488 1951 1552 autem

500 1598 651 1698 civitas
686 1598 864 1696 mutatus
901 1596 1084 1735 nomine
1119 1635 1353 1719 censetur,
1383 1632 1531 1736 estque
1566 1594 1817 1694 Flandrensi
1868 1594 1951 1693 im-

501 1740 624 1878 perio
658 1737 937 1859 contributa,
975 1778 1066 1879 quo
1103 1748 1268 1870 majore
1305 1740 1593 1880 gratulatione
1628 1735 1889 1878 Philippus,
1912 1773 1952 1837 ct

501 1882 653 1986 laetior
689 1884 780 2021 ipse
816 1925 841 1981 a
876 1894 1033 1982 Senatu
1069 1921 1111 1982 et
1147 1883 1381 2022 oppidanis
1417 1917 1612 2020 receptus
1647 1916 1734 1981 est.

572 2034 622 2127 L.
695 2027 768 2125 Ad
805 2027 1016 2126 Arionem
1052 2101 1067 2139 ,
1103 2026 1321 2165 oppidum
1358 2025 1405 2127 in
1441 2061 1595 2123 monte
1629 2099 1644 2141 ,
1680 2020 1761 2162 qui
1797 2018 1951 2121 dicitur

501 2179 588 2268 'Ara
624 2171 730 2267 lunae
765 2245 779 2286 ‚
816 2169 984 2287 situm,
1018 2169 1196 2309 legatus·
1217 2167 1341 2269 affuit
1365 2166 1422 2267 ab
1458 2166 1658 2266 Henrico
1692 2177 1820 2305 Rege
1857 2164 1952 2264 Gal-

503 2311 651 2409 lorum
686 2310 880 2430 missus,
929 2310 1010 2450 qui
1044 2309 1128 2411 suis
1164 2310 1308 2411 verbis
1342 2310 1593 2452 Philippum
1648 2308 1881 2426 salutaret,
1915 2340 1952 2405 et

505 2449 734 2554 liberaliter
783 2452 1084 2592 polliceretur.
1145 2455 1219 2551 Ad
1258 2462 1432 2553 Namur
1479 2452 1692 2552 Emanuel
1745 2448 1950 2549 Philiber-

505 2627 575 2691 tus
609 2595 755 2694 Caroli
786 2596 923 2693 Ducis
960 2594 1198 2694 Sabaudiae
1234 2595 1345 2696 filius
1361 2674 1377 2717 ‚
1396 2631 1439 2697 et
1473 2609 1578 2697 Dux
1607 2590 1797 2695 Adolfus
1833 2590 1951 2694 Chri·
2021 2669 2029 2681 ¹

507 2735 655 2835 stierni
690 2738 860 2837 Daniae
896 2738 1031 2878 Regis
1049 2734 1197 2838 frater
1247 2774 1579 2860 occurrerunt,
1619 2777 1671 2838 ex
1724 2735 1947 2854 Bruxellis,
1995 2832 2029 2856 ,

505 2880 687 2978 mutatis
722 2883 779 2979 ad
814 2880 1078 2982 celeritatem
1113 2880 1237 3022 equis
1267 2960 1282 3002 ,
1310 2918 1361 2983 ut
1394 2881 1650 3022 Philippum
1703 2880 2017 3000 salutarent„

507 3020 708 3120 advecti.
746 3028 788 3121 A
824 3021 1172 3125 Namurensihus
1210 3064 1428 3164 quoquc,
1461 3065 1575 3166 quae
1610 3021 1763 3124 civitas
1800 3020 1979 3123 Comi-

508 3197 623 3260 tatus
659 3166 840 3264 nomine
876 3204 1070 3266 censetur
1090 3244 1106 3287 ,
1126 3165 1351 3307 Philippus
1387 3169 1565 3310 pariae
1600 3165 1965 3306 Luxemburgtn-

507 3302 626 3403 sibus
662 3305 826 3406 laetitia
862 3348 1064 3449 exceptus
1100 3347 1202 3429 est,
1239 3347 1282 3411 et
1316 3312 1371 3413 ab
1407 3311 1649 3450 utrisque,
1687 3344 1950 3449 quamquam

508 3485 626 3548 erant
671 3448 794 3551 bellis
844 3449 1088 3577 exhausti,
1127 3453 1307 3595 singulis
1356 3489 1624 3554 scutatorum
1672 3486 1947 3551 nummorum

508 3588 702 3690 millibus
753 3628 1021 3693 muneratus.
1082 3603 1125 3696 A
1175 3609 1329 3697 Genua
1364 3596 1498 3695 enim
1559 3594 1773 3696 Bruxellas
1828 3631 1950 3732 usque

508 3768 611 3828 cum
647 3734 841 3875 Principi
877 3737 1139 3837 adolescenti
1184 3739 1294 3838 tanti
1329 3738 1600 3880 Imperatoris
1635 3737 1776 3855 filio,
1821 3772 1864 3836 er
1897 3767 1955 3834 tot

507 3906 821 4016 tantorumque
870 3888 1128 4018 Regnorum
1179 3915 1221 3978 ct
1273 3879 1598 4021 Principatuum
1648 3878 1801 3978 heredi
1833 3916 1988 4019 ,pro

510 4054 554 4115 se
591 4018 780 4159 quisque
830 4021 1017 4121 studeret
1058 4021 1289 4164 gratificari
1323 4063 1335 4130 3
1374 4064 1464 4124 non
1499 4020 1649 4142 urbs,
1690 4062 1785 4122 non
1835 4019 1967 4162 oppi-

508 4159 618 4257 dum
653 4236 668 4279 ,
704 4200 798 4261 non
833 4164 1053 4262 castellum
1090 4165 1138 4262 in
1175 4200 1263 4263 tam
1298 4165 1436 4308 longo
1478 4165 1628 4267 itinere
1677 4160 1768 4264 fuit
1800 4242 1817 4282 ,
1853 4167 1971 4265 unde

408 4316 412 4322 ’
510 4303 732 4403 accedenti
767 4302 975 4445 Philippo
1012 4346 1104 4407 non
1140 4307 1386 4447 prodiretur
1435 4308 1665 4426 obviam,
1710 4307 1973 4448 gratulatio

511 4482 598 4581 quc
635 4444 786 4570 fieret,
817 4449 884 4547 vel
916 4449 1109 4590 populus
1145 4452 1296 4591 aliquo
1332 4445 1485 4551 officio
1522 4451 1592 4551 vel
1626 4489 1811 4550 munere
1849 4488 1974 4555 suam

509 4583 555 4682 in
591 4625 695 4689 eum
723 4593 983 4692 secundam.
1010 4593 1280 4695 voluntatem
1330 4595 1561 4693 declararet
1595 4585 1762 4731 ,÷-·ipso.
1783 4633 1975 4734 quoque

509 4721 716 4870 Philippo
765 4770 945 4837 munera
982 4731 1219 4877 deferentes
1268 4737 1542 4840 administros
1590 4733 1829 4838 liberaliter
1869 4736 1974 4838 ubi-

1883 4917 1975 5024 que
