4192 5858
425 427 510 514 262
816 438 904 521 DE
941 435 1142 519 REBUS
1183 432 1416 516 GESTIS

382 599 507 740 scopi
543 593 803 738 Tlreologi‚
836 593 1142 695 infirmitatem
1192 587 1450 692 valetudinis
1508 626 1854 699 excusaverunt.

380 755 602 846 Praeterea
636 783 688 841 ex
725 739 905 881 privatis
942 734 1188 879 Theologis
1210 731 1418 838 Alfonsus
1455 747 1658 857 Castrus,
1681 775 1725 840 et
1756 748 1854 844 An-

382 888 531 988 tonius
570 885 785 1003 Crucius,
827 882 1124 1002 Franciscani,
1172 916 1215 980 et
1253 879 1518 982 Dominicus
1550 895 1709 1005 Sotus,
1747 899 1851 986 Bar-

379 1030 746 1170 tholomaeusque
786 1020 1041 1155 Miranda,
1081 1024 1369 1128 Dominicani
1416 1025 1664 1147 Monachi,
1697 1067 1854 1130 omnes

379 1175 576 1316 perdocti
612 1252 628 1305 Ι,
666 1171 884 1314 proficisci
920 1170 1051 1303 jussi.
1115 1179 1238 1269 Nam
1273 1212 1329 1270 ex
1366 1169 1544 1272 Clericis
1589 1173 1713 1290 ,etsi
1759 1215 1856 1276 non

378 1320 555 1420 deerant
622 1314 825 1423 raestanti
861 1317 1063 1416 doctrina
1090 1313 1318 1457 Theologi
1353 1391 1369 1434 ‚
1409 1353 1543 1415 nemo
1597 1353 1749 1418 tamen
1791 1308 1855 1420 ire

378 1471 548 1596 jussus3
578 1358 754 1561 idrrasse
774 1540 789 1581 ,
810 1495 859 1562 ut
894 1458 1132 1561 hominum
1170 1458 1325 1599 opinio
1368 1452 1455 1558 fitit
1479 1460 1731 1601 ,quoniam
1766 1475 1856 1597 Ca-

381 1607 499 1706 rolus
531 1605 579 1706 in
619 1648 669 1706 ea
706 1605 1019 1719 deliberatione
1048 1605 1165 1706 Petri
1204 1603 1297 1704 Soti
1331 1597 1608 1705 Confessoris
1647 1604 1718 1706 sui
1752 1614 1856 1711 Mo.

383 1747 513 1850 nachi
562 1750 852 1853 Dominicani
901 1748 1119 1883 judicium
1173 1750 1325 1888 atquc
1366 1748 1631 1849 sententiam
1686 1787 1854 1851 secutus

384 1930 477 2015 est,
519 1932 568 1996 ut
607 1893 825 1998 Monachi
865 1895 1006 1995 solent
1045 1892 1281 1995 Monachis
1311 1971 1326 2014 ,
1362 1894 1612 2032 praesertim
1663 1896 1856 2028 ejusdem

381 2032 575 2142 familiae
613 2118 628 2160 ,
672 2040 862 2142 studiose
909 2037 1161 2182 suffragari.
1218 2049 1283 2140 Ex
1331 2038 1651 2173 jureconsultis
1706 2078 1857 2141 autem

383 2186 628 2286 Franciscus
667 2194 836 2327 Vargas
874 2183 1065 2285 Consilii
1103 2182 1238 2325 Regii
1275 2182 1446 2283 Fiscalis
1484 2192 1778 2294 Procuratorr
1815 2217 1857 2285 et

386 2366 440 2424 ex
459 2327 696 2461 judicibus
730 2328 1039 2432 Valdolitensis
1075 2341 1362 2447 Conventus,
1383 2367 1495 2469 quae
1531 2334 1759 2430 cancellario
1792 2329 1860 2429 di·

385 2468 536 2591 citur,
576 2471 793 2573 Martinus
830 2472 1033 2577 Velascus
1071 2507 1374 2575 convenerunt
1411 2512 1421 2571 r
1455 2470 1618 2613 quibus
1678 2472 1857 2614 singulis

385 2611 549 2716 alendis
598 2616 800 2718 millenos
842 2695 857 2738 ,
897 2615 1132 2720 Monachis
1195 2654 1346 2718 autem
1400 2617 1651 2760 quingenos
1705 2656 1860 2719 aureos

316 2790 319 2796 ’
383 2751 567 2862 ducatos
608 2763 791 2864 Carolus
828 2761 876 2863 in
917 2803 1052 2864 annos
1092 2761 1351 2863 constituit.
1410 2773 1638 2904 Coeptum
1676 2796 1742 2872 est
1779 2801 1861 2862 au·

349 2935 478 3018 ,tem
515 2907 771 3008 Concilium
812 2908 886 3050 agi
922 2906 1071 3009 Idibus
1113 2903 1374 3009 Decembris
1414 2983 1430 3026 ,
1472 2908 1552 3047 qui
1586 2901 1669 3007 fuit
1726 2946 1863 3008 annus
1953 2947 1982 2994 τ

96 3071 355 3142 resosonat.
384 3046 554 3149 Christi
577 3051 828 3153 millesimus
863 3051 1241 3194 quingentesimus
1275 3049 1633 3192 quadragesimus
1653 3051 1862 3190 quintus3

384 3194 455 3293 cui
491 3195 700 3296 Concilio
737 3232 818 3296 tres
853 3196 1105 3299 Cardinales
1146 3194 1271 3295 Pauli
1307 3194 1532 3299 Pontificis
1572 3196 1754 3337 Legati
1784 3232 1865 3334 pro

382 3336 481 3478 ipso
505 3333 811 3477 praefuerunt,
839 3350 1033 3478 Joannes
1055 3337 1203 3443 Maria
1222 3339 1426 3440 Montius
1445 3340 1716 3482 Episcopus,
1743 3346 2024 3440 Mar--·-

383 3482 513 3583 cellus
548 3485 760 3586 Cervinus
793 3484 1060 3622 Presbyter,
1095 3483 1363 3626 Reginaldus
1399 3483 1529 3585 Polus
1563 3487 1821 3586 Diaconus.

461 3637 575 3730 XLI.
646 3631 819 3730 Eodem
851 3669 969 3741 anno
1005 3629 1196 3772 septimo
1232 3628 1331 3728 Idus
1374 3628 1488 3764 Julii
1508 3684 1528 3750 ,=
1565 3665 1720 3770 quarta
1779 3626 1873 3728 cir-·
1992 3643 2029 3683 ³

389 3767 498 3871 citer
528 3810 650 3914 parte
683 3771 814 3874 horae
854 3811 953 3915 post
1016 3773 1209 3876 mediam
1267 3775 1595 3875 antecedentem
1649 3807 1861 3891 noctem,
2013 3809 2049 3846 ·

389 3915 532 4015 Maria
568 3915 758 4057 Philipi
797 3916 1012 4060 Principis
1066 3958 1177 4019 uxor
1218 3918 1435 4018 Valdoliti
1492 3917 1634 4018 filium
1693 3915 1864 4035 edidit,
2025 3931 2081 3978 “

296 4145 298 4147 .
390 4059 465 4159 cui
500 4099 669 4161 nomen
705 3956 789 4160 itit
827 4064 1027 4184 Car010,
1069 4097 1195 4204 partu
1231 4096 1325 4161 ram
1368 4055 1542 4162 difficili
1582 4096 1626 4161 et
1667 4058 1866 4159 laborio-

321 4316 336 4348 Ο
392 4242 488 4324 so,
525 4242 576 4308 ut
626 4201 840 4307 febricula
891 4243 1262 4349 consequeretur.
1320 4205 1512 4307 Accessit
1564 4241 1870 4307 matronarum

342 4346 344 4350 ’
395 4348 553 4487 culpa,
596 4390 709 4491 quae
747 4390 822 4492 per
859 4350 1069 4453 inscitiam
1095 4344 1151 4451 ⁴et
1200 4350 1378 4488 stultam
1416 4350 1741 4494 indulgentiam
1796 4386 1874 4447 su-

397 4485 604 4593 buculam
635 4532 895 4616 mutarunt,
932 4536 1011 4596 nec
1056 4534 1171 4596 arcto
1208 4495 1597 4616 constrinxerunt,
1635 4534 1714 4594 nec
1748 4529 1872 4592 cete·

394 4671 441 4733 ra
480 4675 563 4776 pro
602 4641 921 4741 consuetudine
959 4640 1198 4781 peritarum
1252 4640 1542 4742 obstetricum
1585 4637 1871 4739 administra-

398 4817 526 4884 runt.
591 4794 743 4927 Itaque
781 4819 926 4886 secuta
967 4779 1177 4887 febricula
1214 4819 1373 4927 quarto
1422 4822 1522 4926 post
1562 4786 1635 4887 die
1674 4783 1873 4886 Mariam

1767 4962 1907 5028 cum·
