4170 5866
556 436 640 530 144
942 420 1028 500 ot
1069 416 1272 520 ansus
1313 418 1543 502 essars

501 580 639 685 ierant
673 619 684 686 3
722 574 918 679 Albanus
972 610 1120 674 autem
1156 615 1182 673 a
1216 575 1480 714 praetoria,
1516 610 1630 713 quae
1672 578 1728 672 esc
1767 574 1977 679 onerariis

408 715 412 722 ⁵
502 763 633 842 erat,
670 761 749 863 pro
786 760 865 819 suo
903 714 1060 817 officio·
1084 759 1186 819 non
1238 719 1522 838 discesserat,
1554 717 1634 858 qui
1682 712 1827 820 famae
1878 763 1976 822 ma-

500 870 579 1012 gis
605 907 742 1009 quam
797 861 941 963 salutis
994 900 1207 983 memor,
1243 865 1349 963 dum
1395 898 1520 1002 turpe
1571 862 1694 962 ducit
1747 904 1773 962 a
1809 868 1975 982 Carolo

503 1051 547 1113 er
584 1009 950 1152 oppugnatione,
991 1008 1027 1105 si
1063 1001 1178 1106 forte
1197 1006 1408 1107 'instituta
1442 1003 1635 1124 fuisset,
1670 1004 1853 1129 abesse,
1890 1051 1976 1111 na·-

498 1157 568 1258 ,vis
607 1158 803 1286 ejusdem
854 1151 1097 1293 magistro,
1134 1191 1239 1251 cum
1289 1151 1392 1250 alias
1444 1150 1500 1251 ab
1539 1149 1743 1292 Argeliae
1789 1154 1978 1296 regione

501 1298 686 1442 propelli
722 1296 1086 1397 animadverteret
1107 1371 1121 1414 ,
1143 1294 1380 1433 imperavit
1402 1373 1416 1415 ,
1441 1297 1817 1435 daret-operam,
1860 1339 1981 1438 qua-2

424 1536 428 1542 .
464 1523 468 1531 .
503 1481 698 1582 cumque
734 1439 805 1541 vel
839 1438 1031 1580 ancipite
1066 1439 1233 1539 ratione
1272 1475 1447 1578 posset,
1486 1479 1542 1541 ne
1575 1438 1754 1579 longius
1791 1438 1847 1540 ab
1885 1448 1981 1542 Ata.

504 1588 643 1730 geliae
678 1619 918 1724 conspectu
954 1582 1240 1714 dejiceretur.
1278 1594 1428 1724 ltaque
1464 1584 1672 1728 singulari
1706 1582 1979 1728 gubernato*

507 1735 565 1832 ris
602 1766 646 1829 et
682 1767 910 1830 nautarum
947 1727 1092 1829 studio
1130 1764 1227 1828 tum
1263 1728 1312 1829 in
1347 1762 1561 1847 ventum,
1598 1764 1694 1828 tum
1743 1727 1791 1826 in
1843 1730 1978 1829 maris

507 1874 731 1974 defluxum
765 1912 844 2013 per
879 1872 1082 1975 velorum
1103 1870 1349 2008 ⁸artificium
1403 1871 1626 1989 nitendo,
1661 1866 1830 1973 factum
1883 1907 1980 1992 est,

507 2052 557 2120 ut
593 2006 689 2116 diu'
708 2017 823 2117 circa
859 2053 1020 2118 terram
1057 2015 1371 2159 Argeliamque
1407 2055 1501 2118 non
1537 2016 1628 2115 sine
1681 2055 1848 2157 magno
1894 2053 1982 2155 pe*

505 2159 648 2262 riculo
699 2162 903 2294 jactando
941 2197 1199 2305 vagaretur,
1235 2162 1379 2261 donec
1429 2159 1642 2304 paulatim
1694 2161 1751 2260 ad
1786 2159 1981 2259 Caxinas

509 2306 739 2444 compulsa
780 2339 875 2424 est,
911 2308 1028 2407 unde
1063 2319 1166 2445 Dux
1215 2305 1337 2406 idem
1378 2348 1388 2405 τ
1435 2343 1478 2408 et
1514 2304 1645 2405 ceteri
1679 2301 1761 2444 qui
1795 2302 1983 2404 aderant

508 2488 739 2590 proceres,
761 2447 1008 2550 triremibus
1044 2489 1068 2546 e
1103 2449 1279 2591 regione
1315 2450 1504 2591 agminis
1539 2449 1725 2566 eodem,
1752 2486 1844 2586 quo
1873 2441 1982 2550 fue-

507 2630 580 2693 rat
616 2593 890 2734 expositum,
927 2593 999 2694 die
1037 2594 1234 2735 provecti
1269 2672 1284 2714 ,
1320 2596 1377 2693 ad
1413 2592 1624 2694 Carolum
1660 2626 1986 2731 pervenerunt.-

585 2747 709 2840 XVl.
784 2738 1038 2878 Insequenti
1090 2772 1217 2837 nocte
1266 2740 1531 2859 Nomades,
1568 2774 1786 2875 occupato
1839 2736 1988 2851 colle,

498 2883 569 2982 ”de
606 2923 700 3022 quo
738 2877 964 3005 diximus,
1001 2921 1090 3023 qua
1126 2917 1245 3022 parte
1282 2884 1426 2983 castris
1464 2876 1761 2996 imminebat,
1797 2879 1853 2977 de
1891 2916 1985 2980 ter-

512 3025 577 3124 tia
614 3024 766 3165 vigilia
803 3066 906 3128 cum
942 3027 1174 3149 maxim0‚
1210 3064 1260 3126 ut
1311 3068 1410 3127 mos
1454 3064 1611 3127 eorum
1652 3061 1754 3140 est,
1787 3024 1990 3124 clamore

515 3202 562 3266 et
598 3168 767 3269 ululatu
812 3171 906 3270 telis
957 3207 1127 3271 nostros
1178 3171 1388 3273 incessere
1441 3204 1715 3312 coeperunt,
1753 3208 1832 3268 nec
1883 3205 1997 3270 ante

515 3309 662 3411 lucem
697 3349 842 3413 castra
871 3313 1084 3416 solicitare
1127 3317 1415 3435 destiterunt,
1453 3353 1496 3417 et
1543 3311 1778 3415 nonnullos
1823 3311 1989 3441 vulne-

517 3492 702 3574 tarum,
739 3454 1005 3597 quibusdam
1039 3497 1326 3580 nostrorum,
1363 3460 1444 3600 qui
1495 3457 1557 3558 ob
1606 3495 1787 3598 magnas
1839 3456 1987 3555 noctis

517 3599 717 3701 tenebras
754 3604 874 3735 (erat
909 3603 1029 3702 enim
1064 3606 1190 3703 lunae
1219 3605 1397 3745 quintus
1433 3603 1555 3739 dies)
1591 3642 1678 3700 sese
1706 3597 1849 3715 castris
1879 3640 1987 3699 con-

518 3740 756 3863 tinebant,
792 3747 1023 3887 scloppetis
1081 3749 1241 3890 passim
1288 3790 1337 3848 ac
1389 3786 1554 3849 temere
1603 3741 1988 3885 repugnantibus.

517 3885 616 3985 Ubi
652 3923 799 3988 autem
835 3890 1010 4011 illuxit,
1035 3891 1230 3992 immissa
1265 3932 1370 3992 cum
1405 3893 1532 4034 signo
1568 3888 1746 3987 militari
1782 3889 1989 4029 scloppe-

519 4030 735 4131 tariorum
770 4031 960 4175 Hispani
982 4059 986 4067 '
995 4036 1166 4177 generis
1202 4034 1426 4153 cohorte,
1456 4037 1504 4134 in
1538 4026 1690 4172 fugam
1726 4024 1851 4131 facile
1890 4072 1990 4132 ver⁴

440 4205 441 4209 ‘
521 4207 707 4285 tunturr
743 4212 870 4296 tum,
901 4180 1046 4279 castris
1084 4219 1220 4321 prope
1254 4177 1482 4320 Argeliam
1517 4174 1695 4293 motis,
1732 4174 1792 4273 sie
1827 4216 1994 4317 agmen

526 4320 727 4426 consedit
763 4364 773 4422 ε
810 4323 1000 4463 Hispani
1036 4323 1345 4424 imminentem
1394 4320 1495 4424 urbi
1550 4320 1711 4418 collem
1745 4338 1996 4458 occupave-

526 4497 663 4571 runt3
700 4464 796 4562 Itali
831 4470 886 4565 ad
922 4506 1044 4566 mare
1080 4469 1198 4567 viam
1234 4468 1370 4567 latam
1419 4466 1683 4568 obsederunt
1726 4499 1738 4567 3
1773 4464 1993 4564 Germani

526 4606 663 4745 paulo
698 4606 808 4704 citra
842 4609 898 4707 ad
934 4608 1186 4718 sinistram3
1222 4650 1413 4750 cumque
1430 4608 1517 4745 „his
1569 4643 1762 4748 proceres
1799 4640 1842 4745 et
1859 4656 1861 4663 ’
1881 4608 1998 4707 auli-

530 4789 583 4851 ta
618 4788 770 4850 manus
805 4752 1121 4854 constiterunt.
1163 4759 1269 4890 Jam
1305 4793 1435 4858 naves
1461 4744 1548 4855 fere
1584 4791 1738 4855 omnes
1763 4749 1997 4890 utriusque

1885 4896 1999 4995 clas-
