4110 5888
472 353 598 434 XXIV.
941 349 1452 427 SUMMARIUM

450 474 615 585 ductus,
646 474 752 564 ad
720 506 797 591 erus
823 477 938 592 pedes
966 507 1053 562 cum
1091 476 1152 562 de·
1206 505 1257 560 na
1289 476 1498 567 deductis
1488 509 1566 596 rpse
1604 477 1806 570 bruxellas
1828 509 1926 571 con·

449 540 700 713 precatoribus
725 597 987 684 Brunzvicensi
1015 621 1054 681 et
1076 597 1150 681 Co
1207 591 1349 682 tendit.

446 718 602 804 loniensi
661 716 829 803 Ducibus
891 711 1147 831 provolvitur.
1280 719 1403 803 XXII.
1481 723 1627 805 Interea
1680 719 1919 807 Charadinus

443 836 724 927 Brunzviccnsis
736 833 850 919 Ducis
879 833 1003 920 oratio
1022 895 1034 939 ,
1056 835 1150 918 Cae·
1204 834 1419 925 Barbaroxa
1448 864 1536 923 cum
1566 837 1678 923 classe
1712 839 1917 927 adveniens

440 956 530 1041 saris
565 952 799 1041 clementiam
839 954 1016 1044 adversio
1054 955 1148 1038 Gui·
1203 951 1472 1041 Villaefrancae
1501 982 1655 1092 portum
1700 958 1848 1072 capit,
1881 983 1920 1045 et

425 1074 609 1162 lielmum
637 1072 890 1187 implorantis.
1135 1117 1139 1122 ·
1203 1073 1326 1208 copiis
1364 1104 1452 1159 cum
1493 1076 1689 1206 Angieno
1714 1020 1918 1163 Galloium

500 1197 621 1279 XVII.
682 1191 840 1277 Carolus
887 1192 937 1278 ad
986 1192 1149 1307 superio·
1202 1191 1315 1307 Regis
1361 1190 1551 1308 praefecto
1605 1191 1810 1304 conjunctis
1847 1195 1917 1278 Ni-

308 1404 309 1407 ,
438 1341 521 1400 rem
538 1311 751 1397 orationem
779 1311 1005 1425 respondet,
1022 1334 1060 1394 et
1086 1339 1152 1395 eos
1203 1337 1332 1396 caeam
1366 1336 1593 1448 oppugnat,
1622 1337 1661 1398 et
1697 1341 1763 1426 per
1808 1312 1916 1399 dedi·
1939 1412 1941 1415 ¹

440 1431 566 1517 adhuc
583 1429 738 1547 genibus
760 1426 861 1515 flexis
875 1451 1152 1545 perseverantes
1203 1428 1348 1514 tionem
1381 1431 1528 1547 recipit.

439 1562 617 1666 surgere,
645 1573 684 1633 et
704 1547 826 1661 capita
857 1548 1000 1664 operire
1023 1546 1142 1659 jubet.
1262 1551 1401 1635 XXIII.
1479 1556 1614 1637 Arcem
1652 1575 1810 1664 quoque
1849 1581 1917 1665 op

502 1671 640 1753 XVIII.
700 1667 879 1753 Postridie
927 1666 1151 1753 Guilielmus
1202 1696 1371 1784 pugnare
1387 1668 1576 1784 aggressi,
1591 1695 1629 1751 re
1658 1664 1794 1754 infecta
1807 1667 1916 1756 disce·

442 1784 683 1900 iureiurando
710 1815 749 1871 se
777 1786 815 1870 in
847 1785 975 1871 Caroli
1005 1786 1150 1872 cliente
1203 1787 1292 1873 dere
1322 1811 1551 1920 coguntur,
1583 1784 1691 1871 Vasti
1723 1787 1915 1872 Marchio

441 1903 518 1990 lam
549 1905 673 1992 dicat.
719 1904 880 1989 Carolus
911 1905 999 1991 data
1042 1904 1152 1993 venia
1203 1933 1252 1990 ne
1280 1934 1369 1989 cum
1401 1904 1564 1992 exercitu
1591 1902 1740 2018 jamjam
1780 1935 1917 2019 appro-

442 2022 688 2136 Juliacensem
735 2047 774 2108 et
803 2022 1026 2112 Clevensem
1073 2029 1152 2109 Du·
1206 2023 1437 2138 pinquante.

441 2167 569 2229 catum
598 2142 721 2228 eidem
750 2142 932 2252 restittit,
938 2142 1031 2228 ‘sibi
1060 2142 1147 2227 Gel·
1262 2145 1409 2228 XXIV.
1468 2147 1532 2247 Is,
1565 2140 1728 2226 Nicaeae
1755 2169 1838 2227 arce
1854 2170 1910 2228 re·

429 2265 614 2348 drentem
642 2260 796 2347 retinet.
1200 2258 1273 2344 bus
1288 2260 1492 2347 necessariis
1523 2260 1691 2364 munita,
1717 2261 1918 2346 exercitum

428 2445 437 2456 .
501 2383 609 2464 XIX.
670 2379 866 2465 Aniculari
905 2379 1050 2465 morbo
1074 2383 1153 2466 An
1203 2379 1376 2485 reducit,
1408 2404 1448 2465 et
1478 2377 1693 2464 Mondenio
1701 2379 1914 2511 Carigna-

431 2498 608 2615 tuerpiae
623 2496 821 2633 impeditus
838 2499 1149 2585 FernandoGon·
1202 2524 1335 2612 noque
1357 2496 1503 2613 oppidis
1539 2493 1728 2611 occupatis
1762 2497 1914 2584 Medio-

433 2641 557 2734 zagae
583 2614 708 2730 copias
744 2614 780 2702 in
812 2615 1018 2702 Galliam
1008 2618 1154 2703 rntetio·
1204 2614 1333 2701 lanum
1362 2615 1536 2706 revertit.

439 2763 521 2820 rem
561 2734 765 2822 inducendi
814 2736 1011 2853 negotium
1059 2736 1147 2822 dat.
1263 2736 1393 2823 XXV.
1452 2732 1645 2851 Angienus
1676 2762 1766 2819 cum
1813 2760 1916 2819 exer·

441 2858 634 2971 Gonzaga
663 2853 934 2940 landresinum
967 2854 1152 2990 oppidum
1203 2852 1280 2938 citu
1306 2884 1330 2938 a
1357 2854 1550 2939 Francisco
1579 2853 1724 2969 Rege
1714 2881 1753 2935 ιιι
1783 2852 1913 2939 Subal·

441 3001 664 3106 oppugnare
702 2971 903 3075 instituit,
928 2973 994 3058 sed
1017 2973 1173 3086 praesi·
1204 2972 1331 3086 pinam
1345 2971 1571 3058 Galliam
1523 3003 1650 3057 missus
1684 2994 1807 3056 cetera
1838 2966 1917 3055 fere

394 3160 396 3163 -
440 3090 508 3177 dio
538 3121 562 3176 a
597 3088 795 3175 Gallorum
841 3095 982 3206 Rege,
1018 3094 1150 3176 Caesa·
1204 3091 1336 3176 amissa
1370 3091 1511 3205 oppida
1552 3091 1629 3175 sine
1670 3088 1918 3174 contentione

431 3208 552 3295 rianis
578 3235 649 3294 nec
681 3208 948 3323 opinantibus,
971 3208 1150 3315 inducto,
1205 3208 1371 3324 recipit·
1404 3210 1662 3326 Carignanum
1692 3236 1786 3296 vero
1817 3207 1914 3296 obsi
1924 3264 1937 3282 2

443 3327 605 3416 Carolus
653 3356 702 3412 eo
740 3327 875 3414 nuntio
912 3352 1150 3435 commotus,
1207 3326 1321 3413 dione
1358 3329 1490 3447 cingit.

442 3468 484 3531 et
516 3445 690 3532 nondum
722 3446 806 3531 satis
835 3445 971 3531 morbo
1009 3445 1153 3560 explici·
1266 3448 1413 3532 XXVI.
1472 3446 1580 3537 Vasti
1609 3444 1787 3531 Marchio
1826 3473 1915 3532 coa·

429 3587 507 3649 tus
534 3565 572 3649 in
599 3587 716 3649 castra
746 3563 871 3652 venit.
1066 3610 1070 3620 ·
1205 3587 1270 3648 cto
1313 3565 1475 3651 exercitu
1517 3564 1774 3681 Carignanum
1823 3591 1918 3650 con-

432 3752 435 3757 .
457 3685 610 3767 XX.
686 3685 823 3768 Castris
872 3682 983 3799 igitur
1044 3680 1152 3767 colla·
1204 3682 1355 3789 tendit,
1385 3710 1424 3769 et
1447 3684 1587 3797 praelio
1617 3712 1705 3767 cum
1737 3681 1915 3798 Angieno

439 3796 513 3904 ιιι,
530 3801 781 3916 instructaque
808 3800 885 3886 acie
902 3863 914 3907 ,
932 3801 1048 3886 tribus
1061 3829 1153 3886 con·
1206 3800 1405 3888 commisso
1446 3802 1603 3938 IIispani
1655 3801 1916 3916 Germanique

444 3917 556 4005 tinuis
596 3918 727 4005 diebus
766 3919 959 4036 pugnandi
1003 3919 1151 4055 copiam
1206 3918 1245 4002 in
1296 3919 1373 4005 acie
1419 3921 1535 4035 prima
1587 3917 1758 4004 collocati
1803 3920 1916 4008 Italos

444 4032 552 4123 facit.
602 4038 810 4124 Franciscus
852 4037 995 4125 silentio
1032 4039 1150 4124 noctis
1206 4036 1257 4122 ad
1288 4063 1477 4124 tormenta
1516 4063 1653 4123 stantes
1697 4036 1736 4120 in
1783 4035 1915 4154 fugam

442 4183 471 4239 a
514 4156 638 4241 castris
665 4156 873 4272 digressus,
901 4159 1150 4293 subsequente
1205 4154 1427 4266 conjiciunt,
1443 4183 1483 4244 et
1512 4155 1660 4273 longius
1678 4158 1912 4290 procedunt.

445 4274 613 4359 Henrico
642 4272 719 4359 lilio
733 4303 822 4360 curn
849 4276 1037 4382 exercitu,
1059 4275 1201 4360 Gui-
1266 4276 1427 4360 XXVII.
1486 4276 1587 4381 Sed,
1603 4299 1648 4360 ut
1677 4274 1715 4358 in
1739 4275 1811 4359 hac
1836 4306 1916 4390 par·

443 4419 523 4475 sam
547 4420 585 4478 se
609 4393 756 4504 recipit.
1204 4417 1244 4477 te
1273 4418 1448 4498 strenue,
1484 4393 1533 4479 sic
1567 4393 1606 4477 in
1645 4394 1772 4478 ceteris
1818 4394 1943 4495 male¹

502 4513 607 4595 XXI.
667 4510 823 4597 Carolus
841 4511 1003 4599 hostes
993 4538 1145 4597 insecta·
1205 4513 1458 4627 pugnantibus
1502 4510 1769 4617 Caesarianis,
1787 4508 1916 4629 fuga

396 4658 398 4663 ·
440 4648 502 4711 tus
538 4628 576 4711 in
606 4653 724 4714 castra
764 4633 942 4765 revertit,
976 4633 1148 4714 Camera·
1205 4657 1282 4743 que
1311 4629 1478 4744 undique
1505 4626 1584 4713 fieri
1615 4653 1773 4764 coepta,
1809 4633 1916 4716 Mar-

440 4769 529 4832 cum
561 4772 749 4864 occupat,
766 4774 805 4834 et
830 4747 943 4864 copiis
960 4748 999 4834 in
1031 4748 1145 4836 hiber
1206 4745 1292 4833 chio
1313 4746 1473 4834 duobus
1510 4748 1667 4862 acceptis
1700 4747 1916 4954 vulneribpps
