4034 5858
504 431 591 525 530
696 454 698 458 -
872 415 965 502 'un
1013 415 1214 500 nanus
1263 415 1487 503 essars

465 575 690 692 Pontificis
726 570 916 677 Maximi
953 573 1190 715 permissu.
1242 581 1342 674 Nec
1377 577 1538 678 mirum
1573 610 1668 676 tam
1707 573 1925 684 infinitam

468 725 758 871 pecuniarum
781 719 877 820 vim
912 720 968 818 ad
1004 753 1171 819 sumtus
1205 716 1248 818 ei
1283 729 1376 820 non
1411 718 1650 839 suffecisse,
1674 722 1755 861 qui
1791 718 1920 844 bella,

472 911 525 972 ex
548 865 658 1011 quo
689 877 898 1007 Regnum
936 861 1154 1004 suscepit,
1194 881 1332 963 annos
1367 863 1532 967 circiter
1572 863 1753 1005 triginta
1791 866 1923 1008 quina

503 1053 556 1115 ue
576 1022 726 1154 'paene
760 1008 1036 1109 continenter
1072 1004 1248 1148 gessit,
1286 1009 1396 1135 dum
1415 1008 1516 1108 alia
1562 1008 1806 1110 necessario
1847 1012 1926 1111 de·-

470 1051 645 1276 lenuit,
680 1155 763 1256 alia
786 1152 919 1282 justis
938 1151 1141 1294 'quidem
1176 1190 1229 1251 ex
1264 1151 1396 1254 tausis
1412 1226 1435 1272 „
1471 1153 1675 1254 sednon
1729 1151 1796 1254 ita
1845 1192 1925 1254 ne-.

470 1300 688 1418 tessariis,
726 1290 879 1396 infert.
1358 1301 1364 1390 j
1632 1306 1633 1309 ‘

561 1451 748 1545 XXVII.
799 1441 928 1538 ·Erar
976 1436 1201 1580 religiosus
1238 1432 1473 1579 inprimis
1523 1473 1569 1540 tt
1616 1434 1829 1580 singulari
1878 1438 1925 1542 in

469 1594 619 1685 Deum
655 1585 816 1723 pietate
850 1658 862 1681 .
905 1583 1147 1681 Sacerdotia
1187 1617 1232 1680 et
1266 1583 1550 1722 Episcopatus
1586 1619 1687 1682 raro
1722 1583 1813 1684 nisi
1845 1584 1926 1683 do-

471 1727 550 1826 ctis
585 1725 822 1865 probisque
858 1721 963 1826 viris
998 1725 1203 1824 mandare
1220 1799 1236 1845 ,
1253 1732 1254 1735 ‘
1270 1761 1314 1825 et
1363 1722 1431 1825 his
1482 1763 1645 1865 magna
1698 1766 1753 1825 ex
1809 1761 1924 1865 parte

471 1866 556 1970 sibi
591 1869 774 2008 quidem
811 1902 985 2005 prorsus
1021 1865 1228 2006 ignotis,
1264 1868 1340 1967 sed
1374 1868 1429 1966 de
1463 1906 1655 2008 quorum
1691 1869 1923 1970 virtutibus

471 2012 697 2113 dumtaxat
732 2012 926 2112 audierat
958 2047 971 2116 3
1009 2009 1178 2148 quain
1214 2047 1259 2110 re
1306 2046 1400 2109 non
1435 2013 1567 2111 semel
1619 2007 1708 2110 fuit
1744 2012 1805 2113 ab
1846 2010 1918 2129 iis,

474 2193 667 2294 quorum
704 2152 838 2253 fidem
874 2150 1178 2291 sequebatur,
1212 2154 1442 2293 deceptus.
1496 2160 1620 2289 Nam
1664 2152 1753 2254 sibi
1804 2189 1924 2253 notos

473 2333 518 2397 et
552 2290 783 2398 familiares
818 2289 943 2395 facile
978 2294 1321 2415 contemnebat,
1355 2293 1522 2438 quippe
1557 2295 1607 2397 in
1642 2295 1808 2437 quibus
1843 2295 1925 2395 mi-

474 2462 582 2539 nora
617 2439 751 2537 etiam
777 2436 898 2567 ,vitia
932 2438 1003 2537 vel
1037 2436 1254 2576 cognita,
1288 2439 1359 2540 vel
1393 2439 1540 2539 audita
1576 2478 1757 2580 magnas
1792 2441 1927 2539 virtu·

474 2614 538 2682 tes
570 2580 798 2705 interdum
843 2579 975 2718 apuds
1013 2576 1161 2720 ipsum
1211 2577 1532 2700 obscurabant,
1571 2583 1659 2683 nisi
1694 2578 1837 2700 forte,
1875 2615 1925 2679 ut

474 2726 773 2864 quorumdam
815 2719 1012 2863 ‘suspicio
1060 2717 1148 2825 fuit
1180 2797 1196 2839 ,
1234 2723 1466 2826 ambitiose
1517 2723 1744 2844 cavebat,
1775 2764 1827 2824 ne
1874 2721 1923 2820 iu

474 2864 807 3008 Episcopatibus
833 2864 1090 2966 mandandis
1121 2864 1309 3005 gratiam
1345 2904 1387 2971 et
1421 2861 1572 2969 officia
1605 2867 1812 3007 praestita
1836 2902 1928 2965 rna-

370 3040 372 3045 ·
478 3010 544 3148 gis
564 3008 597 3126 ,s
615 3044 752 3146 quam
770 3045 961 3126 mores,
998 3008 1197 3106 doctrina
1233 3041 1277 3106 et
1310 3010 1571 3151 religionem
1614 3045 1829 3148 spectasse
1862 3006 1927 3106 vi·

477 3152 678 3250 deretur.
733 3154 976 3251 Pensiones«
996 3183 1146 3248 tamen
1180 3148 1361 3254 Clericis
1417 3146 1704 3253 familiaribus
1758 3152 1843 3252 suis
1890 3183 1930 3248 et

477 3287 747 3394 familiarum
782 3288 883 3392 filiis
913 3367 931 3412 ,
967 3330 1058 3392 non
1093 3325 1184 3391 tam
1198 3299 1204 3326 ”
1218 3300 1399 3396 morum
1432 3330 1478 3393 et
1511 3293 1772 3414 doctrinae,
1805 3328 1929 3433 quam

479 3434 759 3535 servitiorum
809 3428 1149 3577 officiorumque
1198 3432 1348 3536 habita
1389 3437 1566 3536 ratione
1624 3477 1675 3535 tx
1725 3431 1930 3535 fructibus

478 3577 783 3678 Ecclesiasticis
810 3574 1067 3678 distribuere
1106 3579 1361 3684 consut'vits
1383 3579 1438 3677 de
1456 3575 1793 3720 Episcopatibus
1822 3576 1932 3677 enim

348 3798 350 3802 J
481 3750 540 3819 et
559 3719 839 3837 sacerdotiis,
862 3759 975 3858 quae
1011 3725 1199 3820 Abbatiae
1233 3721 1516 3843 nominantur
1532 3797 1553 3840 ,
1566 3760 1815 3862 eorumque
1849 3713 1931 3818 fru·

480 3859 624 3989 ctibus
674 3859 884 3961 arbitratu
943 3861 1076 4000 ipsius
1112 3900 1195 4001 pro
1230 3870 1324 3993 jure
1367 3863 1527 3963 scilicet
1548 3875 1745 4004 'Regum
1778 3864 1931 4004 Hispa·

424 4109 428 4115 ,
480 4040 643 4104 norum
679 3998 880 4103 Pontifex
917 4004 1141 4102 Maximus
1179 4001 1419 4107 statuebat.
1449 4012 1452 4018 ’

552 4154 763 4248 XXVIII.
839 4158 1051 4246 Ceterum
1092 4183 1145 4277 ex
1198 4145 1408 4248 omnibus
1443 4143 1676 4248 virtutibus
1730 4146 1932 4281 justitiam

482 4291 671 4389 maxime
720 4285 930 4406 colebat,
967 4325 1060 4388 non
1110 4288 1253 4388 solum
1304 4287 1556 4411 instituto,
1591 4292 1666 4392 sed
1720 4290 1935 4433 ‘pronitate

483 4432 673 4565 quadam
719 4429 941 4538 naturali3
975 4431 1247 4569 quamquam
1295 4429 1344 4532 in
1394 4433 1526 4535 causis
1578 4433 1837 4573 capitalibus
1886 4428 1937 4526 ad

480 4572 757 4672 severitatem
792 4573 963 4711 magis,
999 4572 1135 4710 quam
1170 4574 1228 4670 ad
1264 4571 1540 4676 clementiam
1564 4576 1787 4677 ‘inclinare
1823 4573 1938 4674 videa

481 4707 640 4814 batur.
693 4723 844 4853 Itaque
879 4714 1104 4848 mortales¹
1127 4710 1212 4815 sibi
1247 4712 1465 4850 subjectos
1501 4753 1707 4860 potentes
1744 4756 1852 4820 cum
1885 4749 1941 4811 te·

1816 4895 1942 4961 nuru·
