4102 5864
943 280 958 443 l

395 486 399 494 s
526 464 770 549 eunom
810 463 864 544 v.
908 457 1025 624 ιιιιι.
1065 467 1238 548 xxm.
1464 445 1566 569 365⁴

138 627 266 730 batur
306 668 317 727 t
357 623 477 723 hunc
530 622 798 722 Almirantus
854 620 1065 719 Castellae
1106 634 1136 719 ε’
1165 620 1323 722 deinde
1374 638 1599 733 Suessanus

142 786 296 888 Dux,
331 764 612 866 Astoricensis
656 760 910 879 Marchio,
944 798 985 860 et
1021 761 1225 863 Marchio
1273 764 1519 893 Ριιιιιὶιι,
1555 808 1597 872 et

139 848 296 1015 Asculi
329 909 553 1049 Princeps
604 916 667 1004 Ex
698 906 828 1004 altera
863 938 983 1041 parte
1017 941 1165 1003 contra
1201 909 1435 1007 Ascanium
1468 846 1598 1017 Fian-

145 1054 280 1152 ciscus
318 1063 529 1188 Gonzaga
563 1061 665 1148 Dux
704 1056 985 1145 Mantuanus
1022 1082 1065 1144 et
1117 1047 1233 1147 idem
1270 1048 1599 1155 Monferraten
1688 1130 1689 1134 a

144 1195 200 1294 sis
228 1190 430 1289 Marchio
451 1228 564 1329 ,qur
550 1189 850 1328 Philippum
889 1188 1100 1286 salutandi
1133 1229 1256 1288 causa
1291 1195 1600 1298 Mediolanum

146 1370 358 1447 venerat,
401 1332 749 1431 discumbebat:
790 1364 885 1428 rum
924 1341 1027 1428 Dux
1059 1331 1281 1431 Albanus:
1302 1333 1459 1434 deinde
1487 1374 1599 1437 cete-

150 1477 192 1575 ti
229 1511 466 1613 proceres,
502 1474 798 1633 primoresque
833 1469 918 1568 viti
953 1512 1005 1568 ex
1045 1506 1245 1610 utroque
1274 1472 1404 1573 latere
1414 1519 1598 1637 seque-

151 1615 351 1732 bantur,
386 1617 493 1714 inter
546 1653 663 1712 varos
717 1613 927 1750 pnmariis
962 1609 1225 1711 foeminis
1213 1618 1475 1745 rnterjectis
1534 1633 1600 1720 Ut
1701 1741 1702 1745 ι

149 1794 299 1858 autem
336 1758 453 1856 erant
492 1755 644 1854 omnia
678 1753 913 1852 lautissime
954 1754 1387 1917 splendidissimaeque
1417 1800 1599 1900 appara-

146 1935 229 2016 ta,
267 1900 326 1996 sic
362 1899 478 2039 miro
519 1897 672 1996 ordine
705 1930 747 1993 et
789 1893 1106 2033 expeditissime
1142 1935 1167 1992 a
1202 1897 1410 1997 mmistris
1459 1943 1597 2042 appo-

148 2032 401 2141 nebantur.
445 2047 567 2137 Nam
602 2037 649 2138 id
689 2075 875 2197 quoque
910 2073 1079 2135 summa
1132 2036 1354 2178 diligentia
1391 2045 1599 2144 Femandi

146 2196 385 2322 Gonzagae
417 2178 549 2279 fiebat
587 2179 714 2317 ‚qui-
752 2215 905 2276 omma
959 2178 1049 2315 ipse
1089 2178 1309 2299 curabat,
1343 2221 1421 2280 nec
1462 2187 1600 2286 ullum

148 2324 204 2422 ad
225 2360 406 2423 coenam
426 2321 641 2481 pertinens
675 2320 936 2456 imperium,
956 2359 1009 2417 ne
1029 2319 1263 2418 minimum
1285 2323 1492 2461 quidem,
1524 2367 1597 2425 ne

147 2464 379 2605 gligebat,
398 2500 447 2563 ut
485 2502 605 2562 emm
633 2458 933 2578 accumberet,
962 2499 1016 2560 ne
1051 2458 1251 2562 hortante
1286 2465 1468 2604 quidem
1499 2465 1600 2569 Phi

149 2608 276 2745 lippo
311 2607 467 2707 adduci
506 2603 732 2745 potuit

226 2757 375 2847 XXX.
450 2759 654 2847 Ceterum
699 2781 868 2885 peracta
904 2786 1039 2847 coena
1074 2748 1315 2846 Pernandus
1351 2748 1442 2849 aliis
1477 2789 1600 2851 men-

151 2886 208 2988 sis
242 2890 374 2989 simili
412 2926 619 3049 apparatu
654 2889 869 2988 instructis
908 2928 1009 2988 curn
1043 2889 1270 2987 multis
1230 2888 1326 2987 vrtis
1378 2890 1600 3029 nobilibus

151 3029 403 3130 accubitum
453 3030 668 3132 discessit.
728 3028 954 3167 Philippus
1010 3029 1342 3169 principalisque
1395 3035 1605 3160 conviva

152 3211 253 3272 rum
290 3207 461 3272 caterva
500 3174 559 3271 in
599 3173 715 3271 aliud
764 3172 968 3270 conclave
1009 3205 1312 3289 secesserunt,
1347 3155 1601 3301 jucundissi-

152 3351 312 3452 maque
347 3316 570 3452 colloquia
606 3348 649 3411 et
684 3312 920 3413 saltationes
963 3313 1017 3410 ad
1056 3313 1240 3411 multam
1291 3350 1465 3414 noctem
1501 3355 1601 3454 pro-

154 3455 396 3575 duxerunt,
421 3492 463 3556 et
481 3454 759 3624 Philippus
748 3492 837 3593 rpse
874 3492 975 3552 cum
991 3455 1256 3614 ‘Hippolyta
1295 3492 1410 3552 nova
1442 3494 1602 3617 nupta,

152 3631 423 3737 matreque,
456 3636 644 3737 proceres
681 3633 781 3695 ιιιιιι
813 3594 1023 3694 matronis
1063 3632 1106 3693 et
1149 3593 1390 3734 virginibus
1442 3599 1602 3737 prmci-

153 3738 324 3880 palibus
355 3759 429 3878 per
468 3776 674 3878 magnam
709 3737 914 3836 laetitiam
950 3736 1324 3874 tripudiaverunt

211 3891 378 3980 XXXI.
418 3888 591 3996 Quarto
631 3914 728 4019 post
769 3878 839 3976 die
879 3877 1053 3976 militari
1100 3879 1288 4017 pedestri
1340 3878 1600 3998 certamine,

155 4021 283 4159 quod
319 4025 505 4120 Torneum
538 4022 674 4120 aulica
714 4019 1029 4118 consuetudine
1063 4018 1344 4135 nominatur,
1381 4022 1606 4122 martimo·

154 4200 283 4260 nrum
321 4159 542 4301 Philippus
597 4161 802 4262 celebrari
842 4161 983 4260 voluit
1020 4161 1134 4268 acui
1172 4202 1266 4262 non
1320 4163 1527 4262 solum
1514 4202 1606 4323 ipse

155 4297 396 4422 interfuit,
432 4304 668 4405 sedetiam
708 4302 1037 4469 depugnavit,
1086 4303 1166 4441 qui
1220 4304 1457 4403 contrariae
1495 4304 1609 4404 aciei

154 4455 279 4544 Duce
313 4458 516 4546 Suessano
551 4483 740 4585 praeesse
779 4452 894 4573 jusso
934 4481 1041 4582 rpse
1095 4445 1272 4543 alteram
1307 4445 1464 4546 duxit.
1517 4446 1603 4545 Ul-

154 4583 316 4683 timum
348 4622 565 4687 certarnen
603 4621 796 4724 equestre
837 4579 921 4683 fuit
954 4659 969 4701 ‚
1007 4585 1130 4723 quod
1162 4585 1295 4685 nostri
1330 4591 1456 4685 ludum
1490 4628 1608 4687 arun

153 4728 310 4830 diaeum
347 4728 510 4831 idcirco
544 4763 736 4848 uocant,
758 4726 974 4871 quoniam
1002 4726 1229 4829 arundines
1265 4766 1346 4869 pro
1383 4729 1480 4833 telis
1502 4727 1608 4829 mis

1548 4869 1609 4970 si⁴
