3998 5850
448 396 692 483 ennom
735 332 792 479 vi
830 393 1201 484 urnxxvnr.
1435 413 1521 503 455
1626 371 1630 382 ’

97 555 281 702 puberes
317 591 472 656 omnes
509 552 695 696 exempli
729 553 995 696 terrorisque⁴
1051 554 1190 656 causa
1214 555 1418 664 trucidati
1443 642 1457 684 ,
1487 605 1568 670 nec

97 704 197 807 satis
235 698 591 841 proficiebant,
628 697 877 799 nonenim
915 697 1138 800 cessabant
1190 702 1388 844 undique
1442 711 1603 811 rusti·

96 886 171 947 cos
198 844 403 949 homines
438 882 544 945 cum
579 881 833 944 commeatu
860 842 908 943 in
936 840 1092 945 urbem
1113 841 1419 968 submittere,
1454 894 1567 993 quos

97 985 185 1091 fere
235 988 372 1090 nostri
423 987 608 1088 diurnis
667 987 984 1129 nocturnisque
1039 987 1359 1091 incursionibus
1409 985 1566 1135 agrum

97 1132 373 1234 continenter
409 1126 664 1232 infestantes
715 1129 1089 1275 intercipiebant,
1125 1133 1392 1275 eosdemque
1427 1136 1567 1238 Chia·

94 1276 224 1419 pinus
274 1275 471 1378 Vitellus'
520 1270 759 1418 praefectus
795 1272 910 1376 binis
968 1310 1044 1374 aut
1081 1274 1213 1376 ternis
1250 1277 1388 1378 aureis
1436 1319 1566 1386 num·

95 1418 181 1521 mis
216 1460 242 1520 a
277 1419 487 1524 militibus
525 1455 666 1520 emtos
703 1417 751 1519 in
788 1417 1039 1560 patibulum
1075 1457 1202 1561 agere
1236 1417 1446 1550 jubebat.

167 1573 292 1664 XXI.
367 1574 415 1662 In
451 1598 573 1664 tanta
610 1599 760 1664 rerum
795 1562 1032 1706 iniquitate
1067 1573 1299 1682 Senenses,
1335 1602 1385 1665 ut
1420 1606 1564 1712 angu-

97 1705 181 1808 stiis
203 1707 281 1812 rei
316 1700 631 1810 frumentariae
666 1707 981 1826 mederentur,
1019 1705 1221 1847 quotidie
1257 1703 1459 1809 homines
1495 1738 1563 1813 se-'
1694 1803 1696 1807 ,

94 1889 155 1951 xu
197 1850 268 1950 vel
332 1884 471 1951 aetate
522 1846 637 1953 bello
710 1849 880 1951 inutiles
945 1845 1054 1948 urbe
1109 1850 1261 1950 cedere
1311 1850 1558 1993 cogebant.

93 2001 262 2095 Verum
299 1993 456 2095 nostris
494 2068 510 2112 ,
545 2028 596 2094 ut
631 1989 744 2093 nihil
780 1991 1045 2092 intentatum
1081 1985 1421 2133 relinquerent,
1463 1997 1560 2137 pla-

92 2135 224 2255 cuit,
261 2173 311 2238 ut
348 2133 521 2236 silentio
577 2134 719 2235 noctis
755 2132 920 2234 Christi
969 2133 1161 2234 natalem
1212 2134 1333 2238 diem
1382 2164 1559 2240 antece·'

92 2278 235 2378 dentis
270 2277 402 2379 urbis
425 2278 605 2378 moenia
647 2276 765 2379 scalis
818 2312 1087 2378 tentarentur
1139 2277 1193 2377 ad
1230 2317 1332 2377 eum
1385 2281 1559 2420 potissio

90 2458 219 2523 mum
254 2420 438 2542 locum,
475 2420 554 2523 ubi
590 2457 735 2521 arcem
770 2418 1023 2520 inchoatam
1058 2432 1259 2521 Senenses
1312 2421 1532 2526 diruerant
1542 2465 1560 2556 Ις

92 2565 168 2663 sed
217 2563 340 2665 scalis
373 2640 389 2683 ,
425 2603 539 2705 quae
595 2564 815 2664 admotae·
850 2560 1019 2664 fucrant
1056 2640 1072 2681 ,
1110 2562 1391 2664 altitudinem
1443 2569 1560 2668 muri

93 2743 188 2807 non
225 2706 562 2847 exaequantibus
575 2783 590 2826 ,
623 2740 805 2806 conatus
841 2700 999 2806 frustra
1034 2702 1148 2825 fuit,
1170 2744 1442 2846 quamquam
1480 2711 1560 2809 de-

96 2843 291 2952 fensores
326 2850 440 2950 nihil
475 2846 778 2991 impediebant
799 2846 825 2956 3¹
847 2847 930 2988 qui
965 2886 1012 2948 re
1049 2885 1181 2967 sero,
1214 2847 1251 2946 si
1286 2848 1420 2949 scalae
1456 2876 1560 2993 sup·

90 2992 333 3131 petissent,
361 2994 575 3132 cognita,
598 2990 749 3092 sumtis
785 2992 914 3092 armis
950 3031 1055 3091 cum
1092 2988 1392 3111 advolassent,
1418 2988 1557 3098 unum
1657 2990 1662 2999 ’

93 3135 321 3236 dumtaxat
357 3136 547 3236 militem
582 3134 838 3275 Hispanum
876 3131 1196 3251 offenderunt,
1235 3132 1315 3272 qui
1356 3135 1469 3235 solus
1505 3138 1554 3241 in

93 3315 320 3382 summum
357 3317 537 3380 murum
589 3312 807 3378 evaserat.
866 3289 904 3377 Is
939 3276 1067 3394 telo,
1099 3276 1225 3416 quod
1260 3280 1450 3377 Alabanda
1485 3280 1553 3380 di-

91 3421 235 3542 citur,
271 3417 507 3524 fortissime
541 3456 755 3562 tantoque
790 3417 941 3523 animo
976 3418 1083 3540 diu,
1104 3420 1214 3519 dum
1250 3456 1294 3516 se
1330 3453 1549 3545 tueretur,

90 3565 319 3667 dimicavit
356 3642 372 3686 ,
407 3602 457 3668 ut
507 3562 709 3666 hostibus
756 3561 1068 3667 demirantibus
1123 3597 1331 3662 terrorem
1380 3562 1548 3666 incute·

90 3744 191 3829 ret,
226 3749 309 3810 nec
345 3708 462 3851 prius
513 3706 826 3827 occumberet,
864 3744 1001 3848 quam
1037 3705 1181 3805 multis
1231 3703 1414 3804 concisis
1463 3749 1549 3844 sese

78 3851 267 3993 egregie
316 3853 592 3954 ulcisceretur
630 3889 643 3958 3
687 3851 835 3952 itaut
884 3891 941 3951 ne
977 3845 1122 3949 hostes
1158 3845 1341 3988 quidem
1384 3884 1549 3952 tantam

89 3993 299 4094 virtutem
337 4036 416 4097 suo
469 3995 669 4137 praemio
719 3988 1008 4094 fraudandam
1058 4027 1312 4131 putarent,
1353 3992 1431 4131 qui
1466 4029 1550 4131 po·

89 4136 239 4238 stridie
291 4138 460 4239 virtutis
515 4137 789 4279 honorisque
825 4175 951 4236 causa
1009 4173 1168 4276 corpus
1220 4143 1311 4266 ejus
1359 4135 1549 4273 sepultu-

86 4316 156 4380 rae
209 4278 454 4382 honorifice
492 4284 788 4384 tradiderunt.
842 4287 941 4379 Nec
977 4279 1120 4378 multo
1156 4311 1258 4418 post
1304 4275 1394 4415 ipsa
1432 4317 1549 4418 quo-

88 4462 176 4562 que
213 4421 332 4525 urbis
369 4424 545 4526 moenia
580 4468 632 4526 ex
669 4422 842 4561 consilii
878 4425 932 4529 ad
967 4421 1229 4523 Florentiam
1261 4419 1409 4558 coacti
1449 4460 1546 4520 sen-

88 4566 223 4666 tentia
260 4569 488 4670 tormentis
526 4609 732 4703 concussa
768 4601 901 4701 sunt,
937 4566 1010 4667 sed
1045 4565 1168 4697 irrito
1203 4597 1410 4686 conato,
1447 4598 1546 4666 rum

88 4744 271 4853 propter
319 4713 437 4816 muri
472 4711 845 4832 firmitudinem,
884 4746 982 4813 tum
1018 4707 1124 4851 quia
1173 4745 1283 4825 res,
1335 4740 1385 4806 ut
1420 4713 1546 4945 qlar-

1414 4886 1542 4947 cno-
