4110 5888
619 374 1126 452 SUMMARIIIM.
1477 380 1585 450 XXV.

128 501 267 585 Astam
299 501 489 613 pervenit.
536 500 731 617 Angienus
771 501 841 586 hu·
898 498 993 584 mice
1027 509 1229 615 receptus,
1262 499 1350 586 data
1382 500 1538 615 optione
1569 535 1608 589 a·

128 615 311 703 manitate
365 619 499 704 ductus
548 645 678 735 captos
715 618 849 705 hostes
898 617 978 732 pud
1008 648 1047 703 se
1086 617 1296 724 militandi,
1326 643 1392 704 aut
1425 620 1608 708 disceden-

127 758 164 820 et
202 734 423 843 dedititios,
447 737 514 852 qui
544 768 613 852 pro
641 737 841 823 victoribus
900 734 967 841 dl,
1003 736 1163 822 domum
1186 736 1303 823 redit.

128 878 384 968 processerant
399 916 411 959 ,
429 855 590 941 domum
622 855 754 941 llberos
778 857 839 943 ab
958 855 1138 939 XXXIII.
1198 854 1346 940 Eadem
1388 880 1607 972 tempestate
1774 896 1777 901 ·

128 971 181 1057 ite
214 972 414 1085 permittit.
898 969 1110 1058 Alcaudetis
1150 974 1290 1056 Comes
1331 977 1606 1062 Tremezenum

188 1091 370 1173 XXVIII.
430 1094 542 1176 Parta
584 1090 739 1176 victoria
770 1095 838 1177 Ca-
897 1088 1057 1204 recipere
1097 1090 1288 1176 constituit
1329 1089 1436 1205 pulso
1464 1095 1602 1179 Mahu

131 1205 278 1322 rignani
301 1207 537 1294 obsidionem
563 1210 678 1294 acrius
707 1238 837 1327 urget;
897 1231 1002 1294 meto
1025 1211 1131 1323 Rege
1158 1268 1171 1312 ,
1203 1208 1269 1323 qui
1296 1208 1393 1321 pacis
1429 1232 1468 1294 et
1498 1210 1603 1296 clien-

131 1326 196 1411 sed
237 1327 578 1443 propugnatoribus
619 1358 760 1445 magno
800 1356 839 1417 et
896 1323 993 1410 telae
1023 1325 1256 1410 conditiones
1292 1326 1523 1442 negligebat.

133 1445 320 1528 constanti
348 1445 476 1530 animo
509 1474 594 1530 eam
632 1447 839 1535 sustinenti·
955 1444 1141 1529 XXXIV.
1202 1447 1347 1528 Coacta
1377 1443 1489 1560 igitur
1517 1446 1607 1532 clas-

132 1556 201 1646 bus
234 1563 382 1648 Osuum
420 1559 647 1679 praefectum
683 1566 733 1650 ad
764 1569 838 1650 Ca·
895 1589 960 1666 se,
992 1589 1080 1646 cum
1121 1559 1199 1646 liliis
1242 1587 1281 1648 et
1310 1562 1527 1678 propinquis
1559 1593 1606 1652 ex

130 1678 275 1794 rignani
290 1682 525 1767 obsidionem
543 1681 734 1797 relinquit,
750 1712 839 1770 cum
895 1707 999 1765 nova
1027 1679 1257 1795 Carthagine
1284 1679 1413 1766 solvit.

130 1795 278 1911 reliquis
318 1800 432 1913 copiis
472 1803 650 1915 Angeum
698 1799 839 1915 praele-
954 1799 1123 1884 XXXV.
1198 1802 1293 1881 Non
1337 1796 1468 1910 procul
1510 1799 1604 1884 Car-

130 1937 234 2001 ctum
268 1916 308 1999 in
334 1913 676 2005 Monferratensem
704 1949 838 2036 agrum
895 1914 1048 2031 rhagine
1098 1941 1298 2031 tempestas
1356 1915 1603 2003 immoderata

131 2032 300 2118 vastandi
331 2036 449 2154 gratia
473 2036 605 2123 mittit.
896 2060 1012 2121 naves
1044 2034 1191 2146 disjicit.
1237 2037 1390 2130 Quarto
1435 2034 1495 2119 die
1523 2039 1603 2120 Co

189 2153 336 2236 XXIX.
395 2152 556 2239 Carolus
598 2153 728 2240 auxilia
753 2158 840 2242 'suis
895 2178 973 2235 mes
1025 2177 1177 2265 portum
1226 2156 1417 2268 Magnum
1473 2176 1603 2258 tenet,

132 2267 238 2354 victis
254 2271 507 2356 submittenda
518 2300 731 2386 comparat.
756 2279 840 2363 Rex
895 2296 976 2382 quo
1000 2299 1133 2354 omnes
1161 2299 1275 2356 naves
1302 2270 1505 2356 incolumes
1523 2300 1604 2384 per-

133 2386 342 2473 Franciscus
391 2389 530 2475 bellum
590 2390 629 2473 in
669 2393 839 2479 Insubres
895 2386 1080 2493 veniunt,
1098 2413 1242 2503 praeter
1269 2417 1415 2494 unam,
1434 2416 1511 2502 qua
1536 2387 1606 2473 cir·

133 2500 326 2591 transferre
355 2508 525 2624 cogitans
552 2512 665 2592 Petro
703 2515 838 2598 Strozo
894 2531 939 2588 ca
963 2508 1137 2592 Oranum
1164 2503 1399 2624 naufragium
1424 2504 1606 2613 faciente,

70 2715 72 2718 y
134 2622 313 2708 mandata
341 2624 442 2731 dat,
473 2652 517 2711 ut
547 2624 676 2712 milites
699 2628 739 2718 in
766 2635 839 2719 Ita·
897 2625 1080 2738 oppidum
1120 2624 1271 2740 ejusque
1321 2655 1385 2711 arx
1432 2624 1605 2709 militibus

132 2735 177 2823 lia
207 2742 422 2828 conducat.
604 2845 608 2852 ¹
897 2766 938 2826 et
964 2743 1186 2851 tormentis,
1210 2771 1308 2858 quae
1339 2745 1378 2827 in
1406 2742 1467 2826 illa
1496 2742 1603 2829 veho
1672 2789 1675 2794 ·

190 2860 322 2946 XXX.
380 2862 487 2947 Vasti
518 2863 696 2952 Marchio
738 2861 839 2953 dele·
896 2859 1063 2966 bamur,
1095 2861 1334 2946 muniuntur.

133 2998 238 3062 aum
260 2978 399 3085 habet,
427 3005 466 3066 et
497 2981 547 3065 ab
573 2981 672 3068 Italis
701 2981 839 3070 clienti·
957 2979 1142 3065 XXXVI.
1201 2976 1399 3064 Nomades
1428 2975 1518 3062 nihil
1543 3007 1602 3063 eo

135 3093 205 3180 bus
240 3124 281 3183 et
311 3098 442 3183 amicis>
477 3098 609 3186 arurilia
651 3101 856 3215 postulat..
898 3125 1009 3201 rum,
1026 3125 1126 3213 quae
1154 3096 1375 3182 Abaudillae
1404 3096 1603 3181 Mahume-

137 3213 264 3298 Cosmi
305 3216 465 3303 Medicis
512 3217 703 3334 singularis
747 3217 839 3307 fides
895 3210 1051 3300 tifratri
1073 3238 1112 3300 et
1128 3214 1340 3301 Alcaudetis
1357 3214 1497 3299 Comiti
1526 3209 1603 3299 fue·

138 3351 176 3412 et
198 3327 385 3419 officium.
636 3395 638 3401 s
895 3355 980 3415 rant
1010 3332 1157 3446 polliciti
1188 3332 1238 3418 ad
1254 3338 1530 3418 Tremezenum
1545 3361 1601 3417 re-

140 3524 146 3529 ,
193 3450 340 3535 ΧΧΧΙ.
398 3449 537 3538 Salerni
575 3453 747 3569 Princeps
789 3456 839 3540 acl
897 3449 1135 3563 cipiendum,
1161 3473 1368 3564 praestant.

139 3566 256 3674 Strozi
297 3568 366 3654 iter
410 3570 691 3685 impediendum
735 3601 839 3686 prae·
957 3569 1155 3652 XXXVII.
1214 3568 1284 3653 His
1327 3563 1603 3654 dillicultatibus

141 3682 318 3770 mittitur.
359 3689 541 3775 Stroziani
584 3720 607 3773 a
654 3690 841 3774 Caesaria·
898 3680 1051 3771 affectus
1082 3690 1221 3776 Comes
1249 3681 1517 3799 profectionem
1557 3714 1604 3772 ex

140 3797 216 3906 uis,
246 3803 382 3891 insidiis
404 3806 620 3913 collocatis,
646 3807 685 3890 in
709 3803 840 3924 bugam
898 3827 1013 3917 portu
1042 3807 1193 3920 Magno
1224 3827 1366 3916 parat,
1397 3828 1436 3888 et
1467 3801 1597 3887 milites

141 3944 355 4008 vertuntur.
658 3961 660 3964 ¹
699 4008 701 4012 ,
737 3968 741 3979 ·
898 3920 948 4005 ad
973 3922 1103 4007 turrim
1128 3927 1351 4007 Sanctorum
1377 3945 1528 4006 coactos
1552 3918 1603 4004 ad

192 4042 356 4125 XXXII.
413 4046 457 4128 ln
478 4041 554 4129 hoc
568 4042 706 4157 praelio
720 4047 842 4129 Geor·
899 4037 1033 4124 laboris
1058 4040 1272 4153 patientiam
1303 4041 1544 4129 cohortatur.

140 4155 217 4272 gius
235 4158 500 4278 Martinengus
512 4160 671 4276 capitur,
684 4186 724 4247 et
737 4165 849 4246 Som·‘
957 4159 1175 4244 XXXVIII.
1232 4159 1323 4272 Ejus
1374 4154 1495 4243 oratio
1553 4153 1603 4243 ad

141 4279 271 4364 mensis
300 4283 418 4384 Dux,
433 4280 500 4396 qui
524 4278 709 4365 beneficio
738 4279 842 4366 Prin·
898 4273 1050 4360 milites.
1545 4308 1548 4313 ·

141 4393 224 4508 cipis
271 4395 410 4484 Salerni
453 4394 618 4515 effiugere
664 4397 842 4511 permitti-
957 4397 1141 4482 XXXIX.
1200 4393 1287 4477 Hac
1318 4386 1423 4478 linita
1454 4416 1603 4478 saccum

141 4534 219 4599 tut.
256 4515 447 4602 Columna
487 4516 745 4634 Carignanum
792 4513 844 4601 ad
899 4511 1048 4597 biscocti
1092 4509 1196 4623 panis
1236 4538 1337 4625 pone
1382 4510 1421 4596 in
1461 4531 1604 4625 equum·
1740 4516 1741 4519 ‘

144 4655 349 4720 extremum
405 4633 511 4722 certis
567 4632 844 4722 conditionibus
897 4627 1048 4745 recipit:
1072 4627 1176 4742 cujus
1207 4626 1418 4743 exemplum
1444 4624 1506 4711 lilii
1538 4627 1604 4742 pri·

144 4750 275 4850 dedit,
300 4778 340 4839 et
380 4782 404 4840 a
431 4751 625 4842 Francisco
672 4759 778 4870 Rege
806 4780 847 4839 a·
898 4777 1007 4836 mun
1032 4771 1072 4837 et
1096 4747 1207 4838 ceteri
1237 4747 1305 4843 viri
1318 4745 1483 4852 nobiles,
1501 4746 1604 4832 dein·

199 4869 365 4958 Tom.II.
1008 4884 1010 4887 ’
1339 4865 1386 4948 D
1555 4861 1606 4947 de
