4124 5880
526 376 578 454 80
892 378 977 459 DE
1025 375 1224 455 REBUS
1273 371 1496 454 GESTIS

470 540 641 640 detetur
673 615 688 657 ,
723 530 1080 647 considerarent,
1116 564 1159 628 et
1196 568 1307 668 quae
1344 529 1645 649 censuissent,
1676 525 1732 632 ad
1768 567 1937 637 ceteros

471 677 728 802 referrent,
766 715 815 779 ut
851 678 1032 776 tandem
1069 710 1134 771 res
1185 674 1416 774 communi
1466 673 1650 772 consilio
1701 677 1939 782 deliberata

472 826 835 927 constitueretur.
876 832 1085 958 Datoque
1126 816 1183 919 ab
1224 816 1434 918 omnibus
1467 821 1750 948 jurejurando
1784 825 1839 923 de
1881 826 1936 926 iis

469 969 742 1111 deligendis,
780 963 861 1107 qui
899 961 1003 1063 huic
1049 962 1221 1062 muneri
1257 960 1473 1100 aptissimi
1514 962 1762 1065 viderentur
1804 969 1935 1087 ,de-

466 1112 569 1212 lecti
619 1149 719 1213 sunt
763 1120 913 1210 Petrus
967 1105 1171 1210 Velascus
1226 1101 1571 1223 Comcstabilis,
1611 1118 1716 1206 Dux
1766 1107 1938 1213 Albur-

466 1256 720 1396 querquii,
760 1251 1044 1354 Veleziorum
1100 1280 1142 1346 et
1192 1245 1334 1347 Elchii
1387 1247 1669 1349 Marchiones
1704 1327 1719 1370 ,
1770 1267 1937 1356 Comes

468 1412 727 1542 Oropesae,
767 1409 872 1498 Dux
914 1402 1104 1526 Najarae
1140 1467 1155 1508 ,
1194 1390 1452 1491 Comarium
1495 1390 1750 1520 Marchio,
1789 1399 1939 1509 Scalo-¹

467 1583 548 1646 nae
579 1557 715 1661 Dux,
745 1537 985 1640 Beneventi
1016 1547 1216 1674 Comes,
1252 1533 1457 1636 Castellae
1486 1535 1795 1660 Adelantatus,
1830 1553 1972 1645 Dux'

471 1684 647 1806 Albae,
680 1693 877 1823 Joannes
913 1692 1068 1823 cha.

541 1841 621 1929 XI.
698 1827 764 1926 Hi
800 1827 1039 1927 duodecim
1076 1820 1163 1927 viri
1199 1859 1341 1925 sancte
1376 1822 1505 1957 jurati
1540 1865 1583 1927 se
1619 1825 1850 1969 diligenter
1885 1872 1938 1932 ac

468 1970 587 2074 bona
623 1970 748 2090 fide,
787 2009 899 2111 quae
943 1968 1027 2071 sibi
1064 2008 1087 2068 e
1122 1980 1281 2112 Regno
1316 1969 1548 2112 Regiaque
1590 1971 1807 2113 dignitate
1844 1975 1938 2075 visa

469 2149 635 2235 essent,
671 2113 1014 2233 deliberaturos,
1045 2152 1126 2213 nec
1162 2151 1259 2213 acta
1293 2115 1363 2215 vel
1399 2112 1579 2214 consilia
1615 2116 1828 2256 cuiquam
1863 2159 1938 2218 ex-

469 2298 533 2360 tra
569 2296 765 2401 proceres
801 2254 1140 2379 entrntiaturos,
1176 2296 1280 2358 cum
1317 2258 1484 2400 saepius
1531 2259 1587 2357 de
1623 2254 1775 2360 officio
1823 2300 1939 2362 con·-

468 2404 720 2523 venissent,
755 2403 992 2542 petendum
1027 2443 1053 2501 a
1088 2404 1254 2502 Carolo
1290 2437 1578 2525 censuerunt,
1603 2403 1670 2502 uti
1705 2402 1939 2506 civitatum

470 2544 636 2688 legatos
671 2542 841 2679 juberet
876 2546 1058 2646 consilia
1095 2585 1198 2649 cum
1235 2545 1338 2686 ipsis
1375 2543 1735 2667 communicare,
1767 2547 1937 2688 idque,

471 2691 644 2831 quoties
682 2729 795 2831 opus
832 2731 919 2790 esse
956 2690 1217 2810 videretur,
1253 2688 1349 2788 fieri
1383 2688 1529 2790 liceret
1566 2689 1699 2831 ipsius
1736 2691 1939 2793 volunta-

471 2870 543 2954 te,
563 2869 611 2936 ut
646 2832 705 2935 ab
741 2834 801 2934 eis
838 2835 985 2936 edocti
1020 2872 1218 2976 proceres
1246 2873 1338 2975 quo
1373 2834 1420 2934 in
1457 2869 1573 2932 statu
1608 2871 1672 2933 res
1709 2870 1815 2933 esset
1828 2911 1845 2955 ,
1864 2877 1940 2936 eo-

413 3052 415 3055 *
471 3017 569 3119 rum
615 2978 809 3119 denique
853 2978 1040 3079 consiliis
1076 2978 1252 3110 adjuti,
1289 2977 1570 3078 commodius
1615 3014 1659 3077 et
1694 2979 1938 3119 expeditius
1976 3111 1980 3119 .

472 3157 672 3263 possent,
695 3123 807 3261 quid
843 3125 1069 3263 optimum
1101 3117 1220 3221 factu
1246 3121 1497 3242 videretur,
1516 3118 1806 3222 constituere.
1833 3131 1940 3222 Hoc

473 3264 529 3364 ad
565 3265 810 3386 Carolum,
850 3267 1008 3398 Bejaris
1023 3268 1050 3386 ',
1086 3264 1377 3401 Methymnae
1420 3266 1659 3385 Sidoniae,
1703 3261 1945 3385 Infantati,

474 3443 518 3508 ct
551 3410 800 3551 Maqucdae
835 3423 980 3510 Duces
1000 3484 1016 3532 ,
1035 3446 1079 3509 et
1106 3419 1269 3509 Comes
1296 3420 1499 3552 Uregnae
1534 3450 1560 3507 a
1582 3408 1792 3508 Concilio
1827 3409 1937 3508 mis-

475 3553 510 3651 si
546 3554 842 3693 pertulerunt,
869 3553 1085 3692 simulque
1121 3592 1352 3693 procerum
1389 3554 1594 3654 omnium
1634 3553 1858 3672 studium,
1895 3590 1943 3654 et

474 3736 589 3836 quae
625 3699 681 3797 ad
717 3698 888 3800 bonum
923 3696 1071 3839 Regni
1107 3733 1151 3797 er
1185 3697 1319 3838 ipsius
1355 3699 1504 3799 Caroli
1540 3697 1805 3837 dignitatem
1842 3733 1943 3797 ma-

474 3840 593 3940 xime
632 3841 928 3982 pertinerent,
960 3841 1213 3943 invenicndi
1250 3877 1293 3941 et
1329 3842 1626 3943 constituendi
1661 3840 1945 3943 voluntatem

472 4019 823 4123 proposuerunt.
862 3986 1071 4106 Carolus,
1110 4021 1291 4107 sumt0,
1325 4021 1376 4086 ut
1410 3979 1498 4085 fere
1534 3978 1731 4102 solebat,
1768 3987 1825 4085 ad
1862 3987 1945 4084 de·

473 4124 751 4230 liberandum
792 4129 976 4270 spatio,
1012 4168 1086 4270 per
1131 4140 1359 4267 Joannem
1394 4136 1616 4227 Taveram
1660 4127 1946 4230 Cardinalem

471 4308 703 4411 procerum
738 4272 943 4374 Concilio
981 4276 1248 4414 respondit:
1288 4352 1319 4394 „
1334 4284 1514 4374 Gratam
1551 4269 1636 4373 sibi
1671 4266 1798 4370 fuisse
1834 4269 1947 4370 illo-

473 4491 503 4534 „
524 4453 621 4515 rum
658 4419 707 4516 in
744 4457 786 4514 se
823 4454 864 4516 cr
900 4414 1128 4558 publicum
1155 4419 1304 4562 Regni
1339 4417 1511 4518 bonum
1547 4450 1746 4517 testatam
1781 4410 1948 4514 volun-

474 4631 506 4682 „
526 4594 662 4659 tatem
709 4595 750 4661 et
786 4561 1018 4683 studium,
1057 4602 1137 4661 nec
1173 4603 1216 4660 se
1260 4601 1477 4701 umquam
1523 4563 1579 4661 de
1620 4557 1706 4656 hoc
1742 4557 1948 4699 ipsorum

474 4703 674 4823 „animo
711 4703 963 4828 dubitasse,
1007 4746 1152 4848 eoque
1189 4703 1480 4807 confidentius
1529 4747 1571 4808 se
1607 4703 1844 4846 negotium
1882 4705 1945 4805 eis

1769 4926 1800 4971 „
1815 4887 1949 4950 com-
