4042 5864
487 521 554 592 sive
577 517 710 588 militari
734 517 875 614 pedestri
894 517 1073 590 certamine
1089 517 1150 589 de·

489 639 630 721 pugnat.
655 621 700 687 11.
720 623 798 711 3⁶5·
816 621 931 689 ludum
949 621 1155 699 arundinum„

489 746 548 793 seu
595 736 745 811 equestre
795 738 963 788 certamen
1007 738 1160 814 spectat..

491 825 537 891 ΙΙ.
554 823 631 914 366.
654 821 797 890 Munera
813 842 919 889 nouae
940 839 1063 912 nuptae
1079 843 1153 888 ma·

490 924 600 1013 trique
619 918 747 988 mittit.
771 921 817 989 11.
839 922 917 1012 366.
937 918 1067 1014 Viginti
1082 917 1179 989 duo!

492 1042 710 1091 nummorum
733 1037 942 1088 scutatorum
959 1019 1061 1088 millia
1078 1040 1160 1087 mu·-

492 1143 569 1189 nete
605 1117 719 1214 recipit
748 1119 922 1187 aSenatu
958 1120 1158 1213 populoque.

491 1216 752 1293 Mediolanensi.
777 1222 823 1287 ΙΙ.
856 1220 933 1311 366.
972 1216 1157 1288 Alfonsum

491 1318 703 1417 Aguilarium
730 1316 842 1413 recipit
875 1340 917 1387 ex
946 1317 1155 1387 Bruxellisa

493 1424 632 1490 Caesare
651 1417 816 1499 missum,
844 1416 902 1510 qui
931 1415 992 1485 sibi
1014 1419 1157 1487 salutem

492 1517 559 1590 suis
585 1517 693 1588 verbis
716 1515 827 1587 dicat.
853 1518 898 1586 11.
932 1518 1010 1607 366.
1047 1513 1156 1587 Marir

494 1640 644 1714 gnanum
662 1615 775 1685 venit.
804 1620 850 1684 11.
877 1619 957 1708 367.
985 1621 1045 1686 Per
1066 1619 1157 1685 Lau-

496 1717 575 1787 dem
591 1715 781 1809 Pompeiam
799 1732 832 1781 et
858 1718 1061 1784 Cremonam
1085 1717 1157 1787 Cas

495 1838 572 1887 uem
595 1814 757 1910 oppidum
777 1811 1060 1911 progrediturll.
1078 1815 1155 1905 367.

497 1915 651 1985 Obvium
675 1913 774 1983 habet
801 1913 982 1982 Herculem
1014 1911 1157 1982 Gonza-.

496 2039 575 2113 gam
599 2011 828 2083 Cardinalem.
852 2013 915 2079 11.
932 2014 1010 2105 367.
1044 2012 1157 2081 Ferra-

496 2116 632 2185 rienscm
659 2116 790 2182 Ducem
814 2108 933 2181 frustra
949 2108 1158 2190 dehortatur,

497 2237 539 2283 ne
554 2211 599 2282 ad
624 2210 720 2308 pedes
741 2211 848 2305 ipsum
881 2210 1079 2278 salutaturus
1102 2205 1158 2276 de·

497 2310 651 2381 scendat.
669 2316 713 2380 11.
735 2314 810 2400 367.
840 2310 1016 2378 Mantuam
1033 2329 1158 2402 magno

498 2411 616 2505 plausu
643 2426 676 2475 et
695 2425 853 2502 apparatu
878 2404 1077 2502 ingreditur.
1110 2406 1156 2472 11.

504 2507 585 2603 368.
608 2508 751 2577 Mantua
784 2502 970 2600 profectus,
990 2526 1049 2598 per
1065 2502 1158 2573 silvas

499 2607 608 2678 obiter
630 2625 777 2687 venatus,
797 2604 830 2672 in
856 2605 1056 2699 praetorium
1069 2601 1157 2672 venit

498 2704 636 2802 superbe
663 2728 702 2774 ac
724 2701 863 2773 mirabili
888 2702 1013 2772 rarione
1041 2699 1157 2770 aedifr-

380 2834 384 2841 ’
497 2824 635 2887 catum,
657 2801 715 2873 ubi
746 2804 883 2898 epulum
909 2820 978 2871 erat
1007 2800 1158 2896 regaliter

497 2920 716 3000 apparatum.
763 2906 810 2972 ll.
853 2902 930 2994 368.
981 2898 1157 2994 Separatim

498 3001 639 3099 prandet
659 2999 871 3083 ‚Proceribus
889 2999 922 3068 in
939 3000 1042 3067 altero
1074 3020 1157 3066 con-

498 3100 584 3170 clavi
598 3098 901 3169 discumbentibus.
924 3098 968 3164 11.
985 3099 1064 3188 369.
1087 3096 1158 3163 Ve-

500 3219 595 3270 netos
632 3196 713 3268 fines
741 3197 865 3266 intrans
894 3220 912 3266 6
949 3197 1155 3264 Venetorum

499 3295 630 3394 legatis
664 3292 931 3366 villamfrancam
957 3292 1156 3364 deducitur.

491 3397 545 3465 ’11.
567 3401 643 3489 369.
679 3395 862 3465 Octavium
885 3393 1070 3463 Famesium
1088 3415 1160 3487 per·

498 3494 688 3567 humaniter
744 3518 782 3563 ro
821 3491 980 3564 affinitate
1013 3510 1155 3561 tractat.

498 3595 654 3686 11.-369.
689 3516 843 3662 8116661666
874 3595 1010 3662 Sanctae
1043 3591 1158 3681 Florae

499 3694 670 3764 Comitem
690 3690 828 3759 obvium
855 3689 979 3761 habet.
1005 3691 1049 3760 ΙΙ.
1078 3693 1156 3781 369.

499 3792 658 3863 Doltium
679 3791 847 3859 castellum
877 3789 913 3858 in
945 3813 1024 3887 agro
1048 3789 1158 3857 Vero-

498 3891 589 3963 nensi
624 3887 852 3986 progreditur.
881 3888 1158 3979 1136911666-

498 4008 553 4060 tos
575 3995 715 4086 Legatos
726 3985 917 4058 muneribus
938 3987 1079 4058 donatos
1104 3985 1159 4056 di-

499 4089 621 4161 mittit.
651 4090 696 4154 11.
719 4093 795 4180 369.
829 4085 886 4156 Ad
904 4090 1086 4184 Borgetum
1103 4110 1160 4155 ca·

498 4190 630 4259 stellum
664 4186 832 4282 pervenit.
860 4188 905 4252 11.
940 4208 1015 4278 376.
1051 4188 1160 4253 Oens-

499 4287 694 4382 pruchenses
719 4292 859 4382 Legatos
885 4284 1002 4355 obvios
1036 4282 1157 4353 habet.

499 4391 546 4457 Il.
568 4409 643 4478 376.
668 4384 724 4455 Ad
752 4386 874 4455 Halam
898 4382 1068 4464 considet,
1097 4381 1159 4452 de-

497 4482 577 4555 inde
592 4483 760 4558 Roberam
784 4482 897 4554 venit.
925 4486 971 4551 11.
992 4507 1068 4576 37ο.
1084 4480 1159 4550 Tri·

498 4582 637 4656 dentum
661 4608 784 4682 magno
816 4582 978 4653 comitatu
1013 4581 1158 4679 ingredi-

496 4701 592 4765 tur,
625 4701 657 4752 et
684 4708 703 4752 a
740 4681 946 4752 Tridentinis
983 4681 1158 4778 magnifice

496 4780 681 4879 excipitur.
711 4786 756 4849 11.
778 4804 856 4874 376.
891 4784 1077 4851 Bolzanttm
1098 4803 1157 4850 ve·

496 4884 567 4953 nir.
592 4884 637 4952 Π.
671 4903 747 4978 376.
776 4883 893 4980 Magni
921 4879 1075 4978 ponderis
1102 4903 1157 4953 ar·

1524 421 1604 491 PHI

1257 537 1416 620 genteum
1451 542 1630 591 nummum
1665 538 1814 592 munere
1842 508 1930 591 'acci-

1258 621 1328 717 pit,
1360 621 1405 691 sic
1421 640 1460 690 ut
1483 643 1578 717 aegre
1605 622 1721 691 mulus
1744 619 1844 690 oneri
1872 619 1929 692 6613

1258 720 1395 795 ficeret.
1431 714 1477 788 11.
1511 743 1591 813 376.
1630 721 1715 811 Ejus
1757 719 1926 816 imagoin

1259 843 1402 892 nummo
1428 838 1586 915 argenteo
1604 817 1721 919 magni
1762 820 1928 916 ponderis.

1258 922 1304 991 11.
1344 942 1424 1013 376.
1466 920 1728 1015 Oenspruchum
1765 918 1931 1014 procedit,

1259 1019 1318 1089 ubi
1353 1041 1480 1088 sorores
1521 1022 1684 1113 patrueles
1715 1017 1931 1088 libentissime

1260 1116 1374 1200 videt,
1402 1138 1435 1185 et
1457 1114 1612 1187 Bavariae
1638 1121 1804 1200 Ducem,
1831 1138 1929 1211 atque

1258 1218 1536 1313 Salseburgensem
1545 1216 1849 1313 Archiepiscopum
1862 1241 1929 1314 per·

1258 1315 1447 1387 humaniter
1480 1315 1624 1411 excipit.
1661 1319 1707 1386 11.
1738 1340 1820 1410 376.
1854 1323 1928 1391 Ro-

1260 1415 1467 1514 tembergam
1481 1415 1651 1512 pervenit,
1666 1415 1818 1510 indeque
1829 1420 1927 1487 Oeno

1262 1514 1409 1590 secundo
1430 1514 1571 1586 biduum
1583 1514 1733 1614 navigat,
1747 1537 1783 1586 et
1799 1516 1833 1586 in
1851 1539 1927 1587 coe·

1261 1613 1403 1687 nobium
1437 1614 1619 1685 Abbatiam
1655 1615 1700 1685 ad
1743 1616 1927 1713 Abersper·

1260 1737 1337 1810 gam
1359 1712 1516 1783 divertit.
1542 1717 1588 1782 ΙΙ.
1612 1737 1690 1807 376.
1730 1716 1926 1789 Municham

1260 1810 1416 1882 accedens
1425 1811 1645 1882 Guilielmum
1657 1816 1798 1886 Ducem
1813 1818 1927 1887 Alber·

1261 1911 1288 1980 ti
1307 1930 1434 2006 patrem
1456 1909 1597 1981 obvium
1618 1912 1745 1997 habet,
1775 1939 1793 1984 6
1811 1916 1925 2010 quoin

1262 2011 1422 2106 palatium
1443 2008 1639 2080 deducitur.
1660 2017 1710 2081 11.
1733 2035 1814 2107 372.
1840 2020 1926 2086 Cum

1260 2109 1384 2204 Jacoba
1404 2107 1536 2179 Radena
1549 2159 1560 2194 ,
1572 2110 1758 2206 interprete
1768 2114 1925 2185 Madruc·

1262 2208 1316 2279 cio
1341 2206 1524 2290 Cardineli,
1541 2209 1772 2302 colloquitur.
1785 2215 1831 2281 11.
1869 2237 1924 2307 73.

1262 2313 1353 2377 Cum
1368 2305 1508 2388 eadem,
1535 2311 1635 2376 Anna
1655 2332 1769 2393 nuru,
1800 2332 1832 2380 et
1851 2238 1924 2386 lla-

1261 2403 1474 2487 thildefilia,
1499 2405 1741 2476 Cardinalibus
1765 2418 1922 2482 etProoe-

1261 2503 1350 2573 ribus
1374 2522 1651 2585 coenat,etcum
1681 2510 1780 2577 Anna
1797 2528 1828 2576 et
1845 2513 1917 2580 Ma-

1261 2600 1366 2672 tbilde
1398 2604 1493 2672 saltat
1524 2651 1534 2682 ,
1568 2626 1697 2697 easque
1737 2608 1914 2678 muneribus

1261 2699 1374 2798 magni
1397 2701 1492 2795 pretii
1514 2700 1636 2770 donat.
1667 2706 1717 2771 ΙΙ.
1745 2729 1818 2799 373.
1843 2714 1913 2777 Au·

1262 2821 1378 2897 gustae
1408 2798 1662 2872 Vindelicorum
1702 2804 1745 2874 ad
1784 2807 1916 2876 Antonii

1260 2900 1389 2968 Pucaris
1422 2898 1612 2995 magnificas
1639 2903 1739 2972 aedes
1773 2904 1917 2975 divertit.

1261 2999 1308 3068 ΙΙ.
1337 3018 1415 3090 373.
1445 2996 1503 3067 Ad
1525 3000 1664 3092 epulum
1695 3004 1847 3099 regaliter
1865 3027 1918 3098 ap-

1263 3115 1415 3190 paratum
1446 3119 1465 3166 a
1507 3095 1683 3168 Cardinali
1724 3107 1914 3201 Augustam

1261 3194 1444 3265 invitatur.
1484 3198 1531 3262 ΙΙ.
1563 3218 1640 3287 374.
1678 3200 1765 3269 Duo
1807 3201 1914 3297 pocula

1262 3317 1340 3368 cum
1368 3292 1457 3362 mille
1489 3295 1632 3364 nummis
1662 3301 1770 3368 aureis
1798 3300 1917 3370 donor

1262 3392 1395 3463 civitate
1418 3390 1559 3486 accipit.
1575 3395 1620 3462 11.
1643 3418 1726 3487 374.
1756 3401 1837 3469 Non
1850 3420 1916 3492 pro·

1263 3493 1319 3561 cul
1340 3489 1382 3559 ab
1411 3490 1512 3560 Ulma
1533 3491 1702 3581 Jacobum
1732 3500 1826 3567 Arre
1847 3519 1915 3565 cum

1261 3588 1393 3660 duabus
1412 3589 1565 3681 equitum
1587 3591 1721 3662 levioris
1742 3615 1916 3666 armaturae

1261 3687 1380 3758 turmis
1416 3687 1554 3758 obvium
1593 3689 1715 3760 habet.
1765 3696 1812 3762 Il.
1847 3715 1917 3786 374.

1262 3785 1398 3857 Ulmam
1428 3809 1506 3858 cum
1538 3789 1769 3883 gratulatione
1807 3792 1918 3888 accipi-

1260 3904 1336 3957 tur.
1361 3887 1407 3954 11.
1423 3907 1500 3977 374.
1528 3887 1918 3988 SimiliAugustanorum

1262 4007 1399 4056 munere
1413 3985 1455 4054 ab
1483 3985 1695 4057 Ulmensibus
1723 3989 1865 4061 donatus
1883 3990 1917 4059 il-

1261 4085 1329 4154 linc
1347 4081 1502 4154 discedit.
1526 4091 1572 4153 11.
1589 4108 1669 4177 377.
1694 4090 1758 4159 Ab
1770 4089 1918 4159 Ulderico

1262 4182 1525 4280 vitembergensi
1554 4186 1655 4254 Duce
1682 4193 1803 4258 missos
1837 4189 1915 4284 lega·

1261 4302 1314 4352 tos
1359 4283 1500 4377 accipit.
1540 4283 1586 4349 ll.
1622 4307 1703 4376 373.
1749 4286 1910 4382 Silinglusn

1263 4403 1449 4479 progressus
1492 4383 1612 4476 poculo
1651 4408 1737 4454 cum
1786 4380 1914 4454 nummis

1262 4482 1365 4553 aurcis
1397 4500 1611 4550 muneratur.
1644 4485 1693 4550 11.
1724 4508 1801 4578 373.
1832 4481 1920 4554 Rbe-

1262 4604 1343 4651 num
1368 4578 1505 4668 trajicit.
1542 4581 1587 4647 11.
1617 4603 1698 4672 377.
1733 4587 1858 4681 Spiram
1873 4581 1920 4650 in·

1261 4699 1350 4749 rrat.
1373 4680 1417 4747 11.
1442 4700 1517 4771 377.
1552 4678 1611 4750 Ab
1640 4684 1800 4755 Arescoti
1832 4685 1919 4752 Duos

1261 4803 1339 4850 cum
1376 4777 1533 4872 praesidio
1570 4781 1748 4853 Bruxellas
1787 4778 1918 4853 deduci·

1260 4896 1337 4950 tur.
1363 4882 1408 4948 11.
1436 4900 1511 4972 377.
1550 4881 1585 4950 A
1615 4878 1915 5054 616366616οὲ6-

1872 5001 1908 5048 ·e·
