4042 5864
125 493 243 568 divites
275 488 450 588 pristinum
488 485 628 559 civitatis
671 502 798 562 statum
848 482 1046 559 Geldrenses
1065 486 1342 561 olimSieambri.
1370 487 1512 566 11.201.

123 595 191 689 jam
235 591 333 665 rebus
373 588 469 662 novis
507 585 719 663 anteferunt.
747 592 795 661 Η.
849 586 1040 660 Geldrensis
1083 591 1137 660 vel
1185 588 1342 660 Geldriae
1378 592 1485 664 Dux.
1526 602 1561 669 ν.

130 697 213 765 106.
897 687 1112 760 Guillielmus
1135 687 1327 761 Geldrensis
1346 692 1441 762 Dux.

73 792 286 866 Gandavum
314 788 411 862 urbs.
439 792 488 859 ΙΙ.
516 790 593 858 106.
847 787 987 858 Geloira
1010 788 1132 861 Sanctii
1155 790 1318 862 castellae
1341 789 1485 866 Comitis
1516 789 1562 868 fi·

76 891 232 968 Gandiae
263 894 348 962 Dux
388 887 601 976 (Franciscus
648 885 803 984 Borgia)
896 886 957 957 lia.
983 888 1012 956 1.
1042 910 1097 981 32.

125 991 354 1087 Principatum
366 987 438 1060 filio
448 985 579 1057 tradens
592 1009 625 1058 se
642 985 676 1056 in
689 985 790 1080 Jesui·
847 987 1005 1058 Geneva.
1029 990 1059 1056 1.
1083 1009 1170 1079 425.

125 1110 239 1161 tarum
273 1109 417 1160 coetum
440 1086 596 1176 conjicit.
631 1090 679 1156 ΙΙ.
714 1107 801 1176 ςιι.
847 1088 990 1158 Gmizari
1016 1087 1146 1159 circiter
1172 1085 1307 1178 ducenti
1341 1086 1375 1158 in
1415 1087 1561 1164 Goletae

123 1190 292 1286 Exemplo
330 1185 548 1260 sanctissimae
582 1185 671 1256 vitae
698 1184 796 1260 Reli·
894 1187 1141 1285 expugnatione
1170 1187 1374 1259 concidunt.
1409 1186 1438 1256 1.
1476 1191 1555 1286 387.

124 1289 299 1387 gionisque
325 1285 545 1360 concionibus
566 1308 626 1381 per
657 1307 793 1357 omnem
891 1289 1002 1357 Naves
1027 1289 1146 1360 acriter
1169 1286 1375 1359 defendunt.
1398 1287 1445 1359 11.
1471 1290 1526 1362 18.

124 1389 319 1484 Hispaniam
338 1385 490 1459 homines
506 1383 550 1455 ad
572 1384 731 1456 virtutem
759 1403 794 1455 et
846 1385 1063 1457 Gensericus.
1090 1401 1124 1459 V.
1152 1386 1328 1459 Gisericus.

125 1489 340 1587 Religionem
374 1485 592 1557 adhortatur.
630 1488 677 1555 11.
712 1506 793 1576 511.
845 1488 968 1559 Genua
1004 1485 1038 1557 in
1077 1485 1158 1558 duas
1194 1485 1353 1558 factiones
1385 1483 1497 1562 scissa·
1529 1489 1560 1559 1.

124 1589 323 1682 Jesuitarum
366 1583 557 1682 Collegium
586 1600 687 1676 atque
715 1606 795 1655 coe·
898 1607 980 1679 ¹34·
1010 1584 1068 1656 Ab
1083 1585 1244 1683 Hispanis
1254 1584 1400 1681 direpta.
1425 1587 1453 1653 1.
1479 1610 1558 1680 135·

125 1688 271 1760 nubium
306 1681 495 1759 Cordubae.
527 1683 720 1755 constituit.
744 1687 800 1754 11..
894 1689 928 1756 A
953 1683 1060 1755 Gallis
1089 1703 1240 1781 recepta,
1260 1705 1294 1754 et
1331 1686 1365 1756 in
1396 1686 1560 1780 Fregoso-

131 1806 223 1876 5¹11..
893 1807 968 1857 rum
1009 1802 1205 1880 potestatem
1239 1781 1390 1856 redacta.
1416 1784 1444 1851 Ι.
1476 1808 1556 1878 247·

73 1885 215 1959 Garoias
245 1883 408 1954 Castellae
437 1883 561 1954 Comes
583 1904 603 1952 a
628 1878 704 1954 filiis
734 1881 825 1955 Via
894 1885 935 1953 In
950 1881 1180 1953 Adomorum
1196 1900 1382 1979 potestate,
1399 1899 1432 1950 et
1449 1886 1559 1955 Caro-

124 1984 208 2083 gilae
230 1982 418 2056 occiditur.
449 1985 477 2050 Ι.
507 2004 562 2074 33.
892 1982 916 2052 li
948 1982 1094 2053 Caesaris
1127 1982 1288 2053 clientela.
1316 1984 1352 2050 Ι.
1377 2002 1458 2072 247.
1498 1981 1558 2054 Ad

78 2083 219 2156 Garoias
249 2082 376 2153 Enechi
414 2082 516 2177 Regis
549 2080 716 2150 Navarrae
750 2078 802 2154 fi--
894 2080 1060 2176 Hispanos
1094 2077 1207 2152 deficit
1245 2098 1381 2151 auctore
1419 2080 1559 2153 Andrea

124 2183 203 2252 lius.
229 2186 259 2251 Ι.
288 2203 343 2277 33.
893 2181 1018 2251 Doria.
1042 2182 1071 2247 Ι.
1097 2180 1179 2274 283.
1206 2178 1332 2249 Civitas
1350 2178 1385 2248 in
1409 2178 1491 2251 duas
1506 2179 1558 2252 fa-

76 2281 216 2352 Garcias
238 2285 316 2353 Rex
343 2280 518 2348 Navarrae.
532 2296 571 2350 et
591 2274 802 2349 Cantabriae
894 2279 1019 2350 ctiones
1038 2281 1149 2349 scissa.
1172 2279 1200 2347 1.
1228 2298 1314 2369 444.
1347 2276 1405 2349 Ab
1435 2280 1559 2377 Hispa·

127 2382 236 2453 Dux.
264 2384 293 2449 1.
326 2400 383 2473 33.
893 2379 943 2448 nis
966 2395 1179 2476 expugnata,
1195 2395 1287 2449 etex
1300 2394 1391 2475 parte
1413 2377 1561 2478 direpta.

80 2476 229 2551 Garcias.
255 2482 408 2551 Tremulus,
435 2476 611 2556 Navarrae.
632 2477 729 2549 Rex.
761 2479 800 2547 Ι..
894 2479 922 2547 Ι.
948 2497 1035 2569 445.

132 2600 171 2672 33
844 2578 1037 2651 Genuenses
1059 2597 1092 2644 se
1119 2574 1153 2643 in
1179 2572 1364 2646 libertatem
1393 2599 1413 2646 a
1439 2597 1558 2673 tyran-

82 2676 292 2748 Garcillanus
326 2674 548 2747 vicusmedio
579 2672 647 2745 fere
676 2673 801 2743 itinere·
893 2677 974 2748 nidc
994 2672 1166 2744 vindicant
1179 2720 1197 2740 ..
1213 2675 1241 2740 Ι.
1260 2696 1355 2764 443..
1368 2679 1457 2772 Lege
1474 2701 1553 2747 eon·

130 2777 218 2845 inter
239 2776 414 2873 Segouiam
449 2792 481 2842 ct
509 2772 661 2844 Niviam.
681 2777 710 2840 Ι.
730 2777 800 2864 63..
893 2774 1049 2857 firmant,
1073 2790 1111 2841 ut
1132 2769 1274 2843 familiae
1301 2773 1466 2867 quaedam
1495 2798 1559 2870 po-

8 2963 13 2972 ·
78 2878 199 2945 Gardae.
224 2874 321 2944 lacus.
341 2871 532 2965 antiquitus,
552 2873 709 2949 Benacus.
727 2892 802 2943 vo·-
893 2876 1019 2973 pulares
1050 2870 1292 2967 singularesque
1325 2871 1385 2940 viri
1432 2874 1559 2946 nobiles

130 2992 246 3043 catus.
277 2976 324 3042 Π.
359 2989 445 3060 194·¹
892 2971 1105 3047 efficiantur..
1127 2971 1155 3037 Ι.
1183 2974 1276 3061 446.Δ
1304 2970 1419 3041 Caroli
1458 2974 1559 3043 rebus

81 3070 261 3168 Garganus
283 3093 398 3140 mons.
427 3072 456 3139 Ι.
481 3089 574 3160 254..
623 3093 625 3095 ·
891 3070 1052 3152 student,
1067 3067 1165 3161 eique
1182 3091 1410 3163 quascumque
1424 3089 1576 3166 possunt

74 3169 238 3268 Gargoris
262 3168 443 3265 Hispaniae
455 3171 548 3243 Rex.
570 3171 599 3236 Ι.
624 3186 668 3254 9.7
892 3167 1151 3258 commoditates
1171 3166 1214 3238 ad
1237 3167 1370 3240 bellum
1386 3171 1558 3244 Gallicum

75 3269 275 3340 Garlascum
317 3267 497 3340 castellum
535 3286 799 3365 expugnatum..
894 3285 1100 3369 suggerunt.
1124 3269 1152 3335 Ι.
1167 3272 1261 3361 446..
1281 3274 1318 3338 ΙΙἸ
1338 3274 1475 3341 Caesare
1486 3275 1562 3340 Fre·

122 3371 160 3438 Ι..
184 3369 270 3461 ι48.
894 3393 979 3470 goso
1009 3387 1042 3438 et
1069 3367 1177 3436 Gallis
1202 3369 1388 3465 oppugnati
1419 3369 1556 3440 nuntios

78 3465 194 3536 Garris
224 3465 413 3565 oppidum.
440 3470 496 3536 ΙΙ.
515 3488 594 3560 310.
895 3487 1053 3568 rogatum
1069 3465 1228 3538 auxilium
1249 3465 1471 3537 adCarolum
1485 3468 1561 3538 mit·

79 3564 270 3643 Gastaldus,
287 3570 450 3660 (Joannes
474 3562 642 3662 Baptista)
669 3569 798 3637 Caesa*
893 3586 996 3639 tunt.
1020 3568 1049 3636 1.
1064 3585 1146 3658 447.
1171 3564 1296 3636 Gallici
1317 3567 1480 3637 exercitus
1498 3590 1563 3647 ea·

122 3666 165 3738 ris
187 3668 334 3765 legum
359 3663 402 3735 ad
432 3664 671 3737 Britannorum
690 3698 702 3725 z
715 3670 795 3741 Re·-
896 3666 1112 3739 duceatorem
1136 3665 1169 3735 in
1198 3663 1315 3736 urbem
1339 3688 1409 3734 non
1430 3664 1560 3735 admit-

123 3789 222 3862 gem.
250 3770 297 3836 11.
314 3786 416 3855 444..
450 3850 454 3858 Ι
892 3785 994 3837 tunt.
1020 3765 1049 3833 Ι.
1072 3765 1158 3856 448.
1182 3764 1302 3835 Gallos
1319 3764 1389 3855 rjam
1416 3763 1561 3837 admotis

73 3877 188 3939 Gattus
216 3866 406 3955 (Ioannes),
423 3861 606 3957 praetoriae
627 3860 790 3935 'cohortis
891 3864 984 3937 scalis
1009 3885 1123 3934 muros
1147 3861 1403 3934 conscendentes
1429 3862 1561 3936 fortiter

118 3961 304 4061 praefectus
345 3962 668 4034 Nortumberlanum
705 3963 787 4031 Du·
894 3963 1233 4061 repellunt.1'.2448.
1272 3964 1558 4049 Tumultuantes‚

120 4085 194 4134 cem
218 4062 338 4157 capite.
353 4064 399 4131 ΙΙ.
418 4061 502 4151 481.
526 4061 584 4133 Ab
608 4058 790 4132 Arundelli
892 4063 1032 4160 cognito
1043 4061 1134 4133 Elisci
1155 4060 1414 4145 Comitiscasu,
1432 4079 1559 4133 conatu

123 4161 260 4233 Comite
280 4159 536 4256 comprehensus
553 4159 586 4230 in
604 4183 712 4231 arcem
728 4181 786 4229 eu·
894 4161 1074 4233 desistunt.
1103 4164 1149 4230 ΙΙ.
1178 4183 1258 4254 334.
1300 4159 1416 4258 Legati
1452 4163 1560 4230 Savo-

120 4259 242 4332 stodiri
275 4260 432 4350 jubetur.
462 4261 508 4327 11.
544 4261 631 4351 482.
666 4257 786 4355 Capite
892 4286 970 4333 nam
990 4261 1035 4332 ad
1059 4260 1248 4357 Philippum
1276 4265 1442 4331 Asturum
1464 4258 1556 4330 Prin-

119 4359 318 4432 damnatur.
338 4361 383 4427 Π.
412 4360 495 4452 483.
520 4360 618 4429 Suam
638 4359 786 4430 morien·
891 4363 1000 4457 cipem
1018 4403 1021 4411 ·
1038 4357 1143 4431 officii
1182 4358 1294 4456 gratiax
1328 4358 1482 4429 veniunt.
1510 4360 1557 4429 11.

121 4460 163 4528 tis
185 4461 219 4530 in
244 4458 454 4532 catholicam
470 4459 655 4528 Ecclesiam
681 4457 784 4531 fidem
895 4465 974 4555 35⁶·
1003 4459 1157 4529 Mulieres
1182 4459 1298 4530 forma
1327 4477 1361 4528 et
1409 4459 1558 4554 corporis
1594 4460 1596 4464 ’

120 4557 164 4628 ad
192 4561 360 4655 populum,
374 4576 531 4628 testatur.
564 4560 609 4626 ΙΙ.
633 4559 717 4649 486.
892 4556 1102 4657 proceritate·
1118 4558 1231 4630 ceteris
1266 4556 1424 4630 omnibus
1462 4560 1558 4632 Itali-

70 4655 284 4730 Gaudentius
297 4659 479 4750 (Ioannes)
501 4656 687 4729 Madruccii
703 4661 797 4730 Can·
893 4659 940 4730 cis
965 4657 1093 4729 feminis
1119 4676 1304 4753 praestant.
1333 4659 1378 4726 ΙΙ.
1406 4660 1482 4750 360.

118 4755 235 4827 dinalis
255 4773 365 4851 pater.
391 4760 438 4826 ΙΙ.
465 4780 544 4850 371.
844 4756 1031 4832 Genuensis
1050 4760 1135 4829 Dux
1165 4756 1200 4827 in
1227 4757 1353 4829 Doriae
1390 4753 1557 4851 praetorio

69 4868 207 4931 Geram
234 4854 375 4952 cymbae
402 4859 538 4955 species.
565 4855 596 4933 Ι.
623 4859 704 4957 296.
891 4855 1088 4957 Philippum·
1109 4861 1274 4932 Asturum
1292 4857 1475 4954 Principem
1494 4877 1556 4967 erf-

1505 4977 1556 5025 ΕΙ·
