4170 5866
553 387 633 494 178
941 381 1025 462 oa
1073 376 1276 458 nunus
1324 371 1541 456 uastis

514 585 582 678 tus
618 537 884 642 vocabulum
920 575 1013 635 non
1049 575 1218 675 prorsus
1254 535 1444 653 amisit,
1451 532 1621 689 quique
1657 541 1776 635 ortus
1815 533 1865 637 in
1894 535 1980 675 Py

518 728 675 791 renaeo
711 684 818 781 saltu
854 717 970 781 mare
1022 713 1220 778 nostrum
1244 678 1462 777 duobus
1466 716 1669 846 passuum
1717 718 1782 797 mr
1766 678 1983 783 llibusa

521 831 759 932 Barcinone
795 824 851 921 ad
901 821 1002 921 solis
1053 857 1256 919 occasum
1307 819 1480 935 inlluit,
1517 829 1734 979 trajecto,
1769 824 1982 931 Barcino·
2019 876 2021 878 ·

526 1010 698 1075 nensem
748 1004 901 1107 agrum
950 963 1235 1062 intravimus.
1286 974 1403 1061 Cum
1456 959 1554 1059 urbi
1602 964 1982 1103 appropinquaret

526 1112 785 1249 Philippus,
822 1109 978 1205 eodem
1005 1097 1101 1201 fere
1137 1103 1316 1218 mod0,
1352 1142 1457 1263 quo
1480 1104 1535 1200 ad
1571 1116 1983 1275 Caesaraugustam,

529 1287 730 1390 exceptus
767 1283 827 1345 est
843 1243 1128 1382 ,eademque
1159 1244 1425 1343 caerimonia
1424 1245 1710 1404 postridie
1695 1283 1889 1376 juratus,
1913 1249 1984 1349 ci-

532 1396 716 1538 vitatem
752 1391 799 1488 in
829 1325 974 1534 lidem
1002 1388 1198 1524 recepit,
1223 1421 1273 1482 ut
1299 1385 1457 1523 paucis
1496 1421 1594 1525 post
1629 1385 1778 1486 diebus
1811 1392 1984 1491 Valen

531 1529 673 1651 tiam,
696 1533 750 1630 de
789 1528 977 1671 quarum
1020 1530 1217 1668 gentium
1257 1526 1461 1627 institutis
1498 1567 1591 1628 non
1626 1528 1706 1628 erit
1742 1527 1845 1629 huie
1873 1532 1983 1632 loco

531 1679 722 1776 alienum
764 1712 900 1812 pauca
929 1672 1053 1772 brevi
1091 1708 1462 1770 commemorare.
1967 1688 1974 1719 ²

603 1825 770 1917 XXVI.
855 1826 1031 1912 Harum
1081 1813 1214 1959 trium
1267 1813 1478 1954 gentium
1515 1816 1647 1913 status
1707 1812 1845 1916 civilis
1897 1855 1985 1917 nec

531 1997 703 2099 prorsus
754 1992 816 2053 est
865 1967 1068 2094 Regnum
1105 2031 1118 2070 ,
1152 1955 1230 2062 nec
1267 1957 1405 2093 plane
1435 1953 1761 2095 Respublica,
1801 1960 1873 2056 sed
1927 1996 1986 2057 ex

497 2205 500 2217 k
531 2137 735 2239 utroque
756 2132 1044 2256 temperatus.
1083 2106 1158 2194 Est
1193 2094 1340 2215 enim,
1362 2133 1425 2194 ut
1446 2094 1699 2256 philosophi
1735 2097 1983 2220 definiunt,

532 2255 775 2382 Regnum,
811 2236 962 2408 quod
986 2238 1161 2378 proprie
1210 2238 1507 2379 intelligatur,
1541 2277 1589 2338 ιιι
1625 2279 1717 2377 quo
1752 2241 1819 2338 vir
1865 2280 1984 2340 unus

533 2383 716 2481 consilio
753 2416 794 2480 et
829 2381 992 2521 justitia
1027 2415 1269 2518 praestans,
1296 2380 1465 2481 Βοιιιιιιι
1501 2382 1727 2518 publicum
1763 2418 1985 2519 spectans,

533 2561 687 2622 cuncta
722 2522 835 2664 gerit
872 2562 950 2622 suo
985 2521 1196 2620 arbitratu
1226 2560 1269 2621 et
1305 2524 1567 2621 voluntate:
1595 2521 1864 2685 Respublica
1900 2565 1983 2624 ve-

532 2704 614 2781 ro,
610 2660 712 2762 ιιΒι
747 2664 1035 2763 multitudinis
1070 2661 1240 2762 honum
1270 2663 1542 2827 publicum
1530 2667 1735 2764 rntuen‘tis
1737 2666 1985 2769 voluntate

531 2845 595 2906 res
631 2806 873 2906 communis
908 2805 1254 2950 administratur
1290 2819 1430 2906 Status
1467 2804 1601 2946 igitur
1637 2804 1865 2907 hatum
1826 2810 1982 2908 crvita-

533 2984 630 3046 tum
645 2949 814 3049 similis
853 2985 915 3047 est
951 2949 992 3047 ei
1005 2988 1136 3086 ,quo
1172 2950 1505 3048 Lacedaemonii
1540 2951 1762 3087 quondam
1797 2950 1982 3050 uteban-

386 3199 389 3207 ,
534 3123 637 3208 tur,
671 3126 904 3229 postquam
956 3090 1319 3236 aTheopompo
1354 3103 1477 3230 Rege
1529 3091 1881 3208 moderatissimo
1917 3105 1984 3193 Ε

532 3165 699 3390 phoii,
733 3234 787 3329 ad
841 3271 952 3370 quos
1003 3269 1092 3329 erat
1124 3230 1399 3393 aRegibus
1450 3234 1746 3372 provocatio,
1781 3233 1981 3334 licentiae

532 3373 696 3511 Regiae
731 3368 906 3472 fuerunt
903 3371 1173 3534 'oppositi,
1208 3374 1363 3473 dum
1352 3412 1414 3473 ιιι
1464 3416 1506 3472 se
1556 3411 1721 3514 putaret
1770 3415 1862 3476 non
1902 3417 1981 3476 so-

531 3512 627 3614 lum
663 3513 911 3655 publico
876 3515 1058 3612 crvitatis
1088 3512 1218 3612 Βοιιο
1271 3554 1320 3614 ac
1370 3511 1563 3616 felicitati
1615 3520 1870 3637 consulere,
1905 3521 1984 3620 sed

534 3656 666 3754 etiam
702 3657 870 3802 Regni
901 3655 1211 3773 diuturnitati,
1248 3657 1413 3797 quippe
1461 3659 1727 3797 imperium,
1764 3699 1856 3798 quo
1908 3671 1981 3792 ju

531 3796 644 3895 stius
685 3834 728 3897 et
778 3799 1085 3960 temperatius,
1125 3795 1212 3896 hoc
1254 3797 1418 3899 firmius
1453 3836 1497 3897 et
1533 3803 1671 3940 magis
1721 3837 1983 3940 perpetuum

530 3932 668 4057 fore,
704 3939 1014 4079 sapientissime
1048 3935 1368 4100 Theopompus
1414 3940 1662 4068 judicabat.
1720 3951 1845 4042 Νιιιι
1893 3983 1988 4083 pro

526 4016 710 4227 Ephoiis
745 4089 1039 4221 Aragonenses
1063 4082 1370 4220 Magistratum
1407 4078 1569 4180 hahent
1589 4090 1838 4217 ,justitiam
1873 4097 1982 4185 Ara-

527 4261 763 4359 gonensem
798 4224 1096 4363 appellatum,
1132 4263 1222 4382 quo
1258 4222 1429 4324 vindice
1464 4161 1622 4362 leguni
1649 4263 1865 4325 utuntur:
1905 4227 1987 4328 has

526 4365 646 4463 enim
681 4365 939 4483 dominari,
976 4407 1056 4464 nee
1092 4364 1227 4504 Regis
1279 4361 1458 4465 arbitrio
1494 4364 1744 4468 inferiores
1769 4373 1854 4467 esse
1894 4376 1985 4469 'vo-

524 4498 667 4622 lunt,
695 4511 902 4665 magnis
924 4443 1114 4623 icilicet,
1155 4544 1204 4604 ut
1249 4506 1335 4643 ipsi
1384 4544 1662 4628 memorant,
1699 4507 1979 4670 philosophis

516 4582 797 4776 auctoiihus,
827 4646 940 4789 qui,
976 4686 1250 4787 quamquam
1286 4686 1379 4746 non
1415 4686 1585 4790 semper
1621 4652 1801 4789 optrmis
1833 4688 1877 4749 et
1910 4694 1983 4751 sa

1702 4881 1732 4899 ..
1780 4878 1785 4889 .
1839 4828 1982 4934 Plen-
