4124 5880
554 389 609 478 88
879 442 882 446 -
936 388 1019 469 DE
1067 384 1270 466 REBUS
1318 384 1539 467 GESTIS

499 632 530 678 ,‚
552 550 663 650 lium
700 540 937 661 vitorum,
976 540 1056 681 qui
1104 578 1187 680 pro
1222 577 1296 639 sua
1339 537 1426 641 fide
1469 576 1513 640 et
1553 533 1701 641 studio
1741 539 1891 686 ipsum
1926 584 1972 652 et

501 693 693 826 „secuti
730 722 909 811 essent,
946 694 990 785 et
1032 683 1323 785 discedentem
1359 686 1575 786 secuturi.
1619 693 1744 787 Nam
1779 686 1970 794 difficul-

507 875 700 965 „tatum
735 872 779 936 et
806 829 1115 974 'angustiarum
1144 867 1306 969 ,aquae
1342 867 1460 930 nunc
1495 868 1722 972 urgeant,
1758 871 1889 975 caput
1923 877 1969 940 et

504 1065 535 1107 „
555 983 778 1124 originem
814 976 931 1078 haud
967 971 1103 1074 dubie
1137 965 1264 1072 fuisse
1299 970 1444 1100 bella,
1465 1015 1579 1115 quae
1614 986 1706 1107 jam
1743 978 1967 1087 decimum

502 1208 534 1251 „
550 1165 719 1227 annum
756 1159 865 1225 terta
905 1117 1106 1258 marique
1150 1117 1424 1220 continenter
1459 1154 1606 1261 gerat.
1650 1121 1737 1221 His
1773 1162 1877 1225 nam
1913 1168 1970 1228 ue

503 1269 746 1413 „publicas
794 1302 837 1369 et
883 1263 1128 1368 multotum
1166 1260 1356 1400 privatas
1398 1259 1590 1364 fortunas
1627 1263 1688 1365 sic
1725 1308 1811 1368 esse
1855 1165 1971 1373 alffi-

500 1450 634 1540 „ctas
663 1493 680 1535 ,
715 1449 766 1515 ut
799 1407 949 1553 Regni
993 1445 1098 1546 opes
1134 1403 1218 1503 sint
1253 1443 1350 1506 non
1384 1407 1528 1509 solum
1564 1409 1612 1509 in
1657 1411 1969 1553 praeteritum,

502 1638 534 1683 „
553 1562 627 1661 sed
666 1559 802 1660 etiam
845 1550 1128 1656 infuturum
1164 1545 1433 1672 exhaustae,
1469 1550 1644 1654 infinita
1680 1556 1970 1698 pecuniarum

506 1705 603 1824 „vi
638 1738 755 1804 extra
790 1697 1034 1842 Hispaniae
1071 1690 1177 1794 fines
1214 1730 1467 1838 exportata,
1502 1699 1745 1841 Regiisque
1781 1704 1970 1847 vectiga-

502 1847 660 1968 „libus
712 1885 876 1988 magna
912 1885 964 1943 ex
1016 1875 1136 1981 parte
1181 1839 1414 1965 venditis,
1456 1875 1588 1984 atque
1624 1845 1885 1970 distractis,
1922 1887 1968 1950 et

500 1991 809 2134 „gravissimo
852 2028 950 2091 aere
985 1984 1129 2085 alieno
1179 2022 1283 2084 cum
1318 1977 1500 2087 foenore
1535 1986 1762 2089 conflato:
1802 1987 1969 2094 horum

498 2212 530 2256 „
544 2136 764 2238 malorum
804 2132 1075 2239 medicinam
1128 2126 1340 2230 inrebus
1390 2132 1618 2232 contrariis
1665 2132 1794 2234 sitam
1846 2177 1969 2260 esse,

498 2316 594 2398 „ut
630 2281 722 2422 ipse
758 2322 784 2381 a
826 2277 950 2380 bellis
986 2315 1080 2376 non
1115 2271 1307 2373 maxime
1342 2275 1584 2376 necessariis
1621 2315 1790 2417 prorsus
1826 2277 1970 2383 absti-

498 2498 531 2542 „
548 2459 679 2533 neat;
715 2459 802 2544 et,
845 2421 993 2564 siquid
1029 2452 1149 2519 extra
1184 2418 1449 2559 Hispaniam
1484 2413 1613 2521 fuerit
1649 2420 1847 2542 illatum,
1885 2425 1970 2545 id,

501 2606 644 2706 „quo
689 2567 765 2669 fiat
800 2606 901 2668 cum
945 2565 1120 2666 minore
1155 2567 1321 2689 jactura
1363 2597 1407 2662 et
1440 2562 1682 2701 periculo,
1718 2568 1965 2705 perduces

497 2784 529 2829 ,‚
543 2711 799 2851 propulset,
829 2751 909 2810 nee
945 2748 1017 2827 se,
1038 2708 1241 2835 incujus
1277 2706 1371 2807 vita
1406 2707 1515 2808 salus
1550 2705 1730 2847 publica
1766 2746 1835 2811 tot
1872 2725 1965 2814 Re-

498 2929 530 2973 „
547 2860 739 2996 gnorum
774 2891 818 2955 et
854 2853 978 2997 quies
1014 2850 1096 2951 sita
1132 2847 1221 2970 sit,
1257 2847 1481 2951 laboribus
1517 2846 1807 2959 multifariam
1844 2856 1964 2997 peri-

501 3074 532 3115 „
547 2999 716 3131 colosis,
741 2997 968 3132 objectet,
1007 2998 1081 3097 sed
1116 3035 1191 3096 sua
1226 2994 1470 3133 praesentia
1505 3032 1550 3096 et
1585 3034 1761 3137 aspectu
1797 2999 1966 3140 Hispa-

503 3217 536 3260 „
553 3142 651 3243 niae
687 3155 888 3287 Regna,
928 3177 970 3243 et
1005 3143 1053 3240 in
1088 3137 1156 3238 his
1199 3136 1418 3271 subjectos
1467 3137 1552 3239 sibi
1593 3143 1797 3242 mortales
1832 3143 1967 3244 laetos

504 3284 601 3404 „in
635 3326 741 3427 pace
778 3321 822 3386 et
856 3287 1025 3418 justitia
1061 3279 1307 3424 officioque
1344 3283 1600 3405 contineat,
1620 3319 1663 3385 et
1698 3286 1839 3430 Regia
1872 3325 1970 3429 gra·

505 3430 689 3547 „vitate
725 3465 933 3550 tueatur,
970 3426 1146 3529 sublatis
1183 3427 1443 3560 injuriarum
1489 3427 1829 3551 occasionibus,
1866 3432 1970 3571 qui-

504 3570 631 3691 „bus
672 3572 869 3676 absentia
913 3586 1095 3717 Regum
1135 3570 1287 3671 locum
1331 3568 1468 3674 facere
1502 3575 1814 3675 consueverit:
1851 3614 1971 3716 quae

505 3716 591 3836 „si
624 3714 765 3821 facere
815 3719 1015 3822 animum
1052 3716 1320 3837 induxerit,
1356 3753 1398 3820 et
1449 3753 1614 3821 ceteros
1664 3756 1828 3819 sumtus
1872 3758 1972 3821 non

499 3863 808 3979 „necessarios
846 3943 861 3984 ,
899 3898 1115 4004 quantum
1154 3897 1217 3960 res
1259 3860 1448 4003 patiatur
1478 3941 1495 3983 ,
1541 3862 1889 4000 temperaverit,
1926 3863 1971 3966 i·

501 4043 680 4147 „psum
711 4042 754 4107 et
781 4015 872 4142 ejus
902 4006 1007 4107 fidei
1049 4005 1306 4107 commissos
1341 4007 1545 4108 mortales
1579 4005 1839 4108 adiutumo
1876 4047 1971 4150 gra-

502 4226 534 4271 „
550 4150 822 4293 vissimoque
864 4189 995 4252 onere
1041 4187 1084 4250 et
1125 4148 1402 4251 solicitudine
1441 4150 1719 4289 respiratutos
1748 4231 1763 4272 ,
1795 4185 1838 4251 tt
1878 4164 1973 4254 Re-

501 4369 533 4414 „
578 4335 634 4395 na
670 4294 877 4397 exhausta
921 4296 1034 4396 vires
1071 4331 1335 4437 receptura,
1370 4329 1422 4394 ut
1467 4294 1836 4397 consentientibus
1881 4297 1972 4395 tri-

501 4512 532 4557 „
546 4335 626 4538 ius
663 4440 934 4562 ordinibus,
970 4436 1149 4541 facultas
1186 4441 1380 4541 siccum
1416 4440 1559 4567 multo
1596 4440 1764 4538 minore
1799 4446 1973 4569 jactura

502 4616 589 4703 „et
626 4584 823 4684 molestia
864 4624 933 4684 aes
982 4585 1173 4685 alienum
1210 4580 1517 4704 dissolvendi,
1556 4619 1598 4684 et
1636 4582 1692 4682 ad
1735 4621 1832 4682 usus
1870 4584 1969 4684 non

501 4726 693 4847 „solum
740 4727 1048 4849 necessarios,
1084 4727 1159 4832 sed
1195 4725 1329 4829 etiam
1370 4724 1566 4831 liberales
1601 4727 1688 4868 ipsi
1739 4767 1788 4828 ac
1823 4721 1969 4828 liberis

1662 4951 1664 4954 ·
1745 4912 1748 4921 ’
1801 4949 1833 4993 2>
1847 4913 1973 4975 sum·
