4110 5888
535 371 558 449 8
753 434 756 445 ,
909 377 996 457 DE
1044 373 1250 453 REBUS
1298 368 1524 452 GESTIS

483 535 739 680 bellumque
788 532 1028 677 parabant,
1065 532 1177 629 duce
1226 566 1268 631 et
1304 565 1484 631 auctore
1520 520 1725 669 Philippo
1760 521 1950 651 Stron,

481 684 561 825 qui
595 682 854 784 auctoritate
891 678 934 776 et
971 678 1131 817 opibus
1173 674 1284 774 inter
1330 675 1448 814 ipsos
1496 671 1753 798 eminebat,
1788 672 1824 773 si
1867 714 1952 817 pa-

480 827 612 929 triam
670 860 842 967 possent
898 823 945 921 in
997 819 1243 920 libertatem
1294 859 1496 932 asserere=
1530 857 1606 959 per
1670 819 1951 925 occasionem

321 1030 352 1099 g
480 970 637 1071 sublati
674 971 727 1069 de
766 965 916 1070 medio
943 964 1178 1065 Alexandri
1213 962 1402 1063 Medicis
1433 1041 1448 1080 ,
1483 965 1564 1105 qui
1600 965 1812 1105 oppressis
1850 964 1950 1065 Flo-

480 1115 658 1214 rentinis
694 1108 997 1252 imperitabat.
1052 1119 1177 1207 Haec
1224 1104 1344 1204 enim
1383 1107 1571 1225 civitas,
1607 1145 1710 1206 cum
1747 1109 1826 1209 diu
1861 1121 1950 1209 Im-

480 1296 735 1399 peratorum
771 1266 1084 1355 Romanorum
1120 1246 1336 1350 beneficio
1372 1329 1386 1370 ,
1422 1288 1616 1391 quorum
1653 1285 1741 1349 erat
1775 1253 1824 1352 in
1860 1252 1950 1354 fide

482 1437 526 1500 et
562 1399 791 1517 clientela,
827 1398 959 1500 libera
994 1391 1179 1518 fuisset3
1213 1428 1360 1492 tamen
1394 1395 1443 1494 in
1480 1396 1586 1493 duas
1622 1430 1760 1533 partes
1796 1398 1952 1498 Medi-

480 1587 585 1649 cum
638 1583 681 1645 et
716 1544 1023 1646 Soderinorum
1061 1539 1237 1657 divisa,
1274 1536 1485 1679 paulatim
1523 1550 1614 1671 ejus
1637 1538 1823 1641 libertas
1866 1581 1973 1684 op-

429 1794 434 1803 ,
482 1692 617 1831 primi
653 1722 809 1830 coepta
845 1690 949 1806 est,
983 1685 1215 1785 Medicum
1252 1681 1411 1823 opibus
1447 1679 1806 1825 augescentibus,
1826 1725 1949 1826 prae-

482 1835 630 1934 sertim
667 1832 856 1953 Leonis,
902 1833 976 1930 sed
1013 1830 1154 1929 multo
1192 1827 1336 1970 magis
1368 1829 1601 1930 Clementis
1642 1828 1944 1953 Pontificatu,

481 1978 562 2119 qui
597 1976 830 2078 Florentini
876 1975 1193 2114 Mediceacque
1242 1968 1433 2075 familiae
1483 1969 1704 2093 fuerunt,
1742 1983 1944 2112 Joanncs

480 2159 578 2226 ante
632 2157 762 2261 atque
807 2120 953 2259 Julius
1003 2117 1269 2259 nuncupati.
1334 2130 1545 2221 Ceterum
1595 2109 1764 2218 afflictis
1814 2117 1947 2222 rebus

479 2264 752 2383 Clementis,
790 2305 883 2405 quo
934 2300 1134 2403 tempore
1168 2274 1317 2362 Roma
1369 2299 1493 2404 capta
1529 2294 1572 2363 et
1617 2262 1816 2403 direpta,
1851 2265 1947 2405 ipse

342 2471 345 2476 -
480 2447 664 2550 quoque
699 2448 803 2507 cum
838 2447 935 2507 arce
969 2406 1111 2508 Sancti
1147 2403 1344 2548 Angeli,
1382 2447 1470 2549 qua
1505 2404 1842 2526 continebatur,
1875 2405 1944 2512 fa,

413 2544 417 2555 ’
481 2589 560 2677 cta
587 2553 850 2673 deditione,
886 2554 932 2654 in
983 2551 1189 2653 exercitus
1225 2551 1477 2655 Caesariani
1526 2587 1787 2694 potestatem
1841 2591 1944 2704 per-

481 2697 649 2817 venit,
686 2695 924 2799 Florentini
975 2737 1073 2798 eam
1111 2698 1386 2798 occasionem
1438 2698 1800 2838 praetereundam
1850 2737 1947 2799 non

482 2878 773 2981 putaverunt.
812 2854 965 2985 Itaque
1002 2844 1160 2942 exactis
1196 2841 1446 2943 Medicibus
1468 2843 1544 2962 ,in
1578 2841 1810 2946 caretum
1847 2883 1942 2984 pet-

482 2984 733 3086 turbatione
775 3027 861 3086 sese
915 2989 963 3087 in
1004 2986 1249 3086 libertatem
1293 2987 1611 3112 vindicarunt,
1646 3025 1783 3130 quarn
1828 2987 1944 3087 tueri

480 3129 653 3254 etiam,
688 3131 916 3231 Clemente
952 3131 1000 3230 in
1036 3130 1265 3272 pristinum
1314 3168 1474 3232 statum
1525 3132 1764 3252 restituto,
1799 3170 1947 3273 perse-

483 3311 717 3395 vetarunt,
762 3269 861 3374 freti
897 3275 1122 3376 Gallorum
1158 3274 1351 3376 amicitia
1370 3355 1405 3415 ,Ι
1423 3317 1526 3386 cum
1562 3275 1724 3420 quibus
1773 3314 1849 3415 per
1894 3275 1945 3375 id

485 3453 653 3561 tempus
687 3419 735 3518 in
770 3418 937 3519 malum
971 3420 1121 3520 Caroli
1156 3420 1381 3541 Caesaris,
1415 3432 1537 3556 cujus
1574 3455 1696 3521 erant
1730 3419 1942 3540 clientes,

485 3564 736 3664 societatem
770 3562 984 3667 inierant.
1041 3577 1149 3686 Quo
1185 3560 1346 3686 facto,
1378 3606 1480 3667 cum
1527 3575 1596 3701 jus
1622 3564 1855 3666 libertatis
1889 3605 1943 3663 a·

485 3702 746 3827 misissent,
782 3707 1029 3827 Clemens,
1066 3708 1217 3810 Caroli
1257 3711 1506 3842 voluntate
1546 3747 1743 3851 suscepto
1794 3706 1946 3828 bello,

394 3917 396 3922 ,
482 3887 615 3991 atque
649 3862 739 3986 ejus
775 3853 903 3952 armis
939 3855 1153 3984 adjutus,
1187 3891 1287 3993 post
1323 3855 1503 3995 longam
1541 3889 1583 3954 et
1625 3858 1781 3951 duram
1818 3851 1945 3979 obsi-

483 3996 665 4095 dionem
702 3994 814 4096 villis
849 3997 1072 4117 incensis,
1107 3999 1310 4140 agrisque
1346 3998 1554 4120 vastatis,
1588 3995 1860 4097 Florentinos
1886 3997 1944 4097 ad

483 4140 755 4256 deditionem
791 4143 1008 4282 compulit
1043 4175 1135 4242 non
1169 4144 1411 4242 admodum
1449 4139 1653 4281 iniquis,
1691 4141 1726 4241 si
1761 4136 1944 4287 fuissent

409 4409 414 4419 Ι
486 4321 710 4405 servatae,
749 4283 1114 4396 conditionibus3
1150 4285 1224 4385 sed
1268 4282 1376 4385 urbe
1418 4284 1465 4384 in
1511 4320 1774 4425 potestatem
1816 4286 1945 4387 reda-

483 4461 595 4540 cta,
632 4429 851 4570 firmoque
904 4431 1116 4574 imposito
1170 4430 1432 4570 praesidio,
1484 4431 1686 4533 Clemens
1741 4428 1943 4545 civium,

474 4611 597 4712 ,quos
635 4564 723 4673 suis
748 4574 981 4675 ¹conatibus
1017 4572 1225 4675 obsistere
1272 4609 1397 4714 posse
1435 4573 1686 4706 judicabat,
1724 4572 1943 4712 quosdam

482 4716 727 4859 relegavit,
758 4718 865 4819 alios
901 4722 955 4820 de
992 4719 1142 4819 medio
1179 4719 1374 4841 sustulit,
1407 4756 1600 4855 ceteros,
1634 4753 1805 4818 mutata
1829 4716 1940 4819 Rei-

1861 4900 1941 5001 PU·
