4170 5866
496 288 579 399 138
870 277 959 360 nu
1006 271 1214 358 nunus
1262 272 1491 357 eusrrs

458 448 662 554 Corsicae
700 471 984 581 conspectum
1016 432 1288 577 processisset
1308 512 1323 555 ,
1342 472 1504 577 magna
1528 427 1790 577 'tempestate
1820 441 1923 547 cum·

458 593 628 738 ingenti
667 585 840 729 fragore
879 582 991 683 coeli
1031 616 1149 722 post
1169 581 1268 680 solis
1308 620 1511 681 occasum
1550 579 1745 697 oborta,
1771 592 1925 730 gravi-

461 780 524 844 ter
560 771 602 836 et
641 731 880 878 periculose
919 726 1054 828 classis
1091 726 1145 825 ad
1198 725 1390 826 mediam
1431 766 1569 866 usque
1620 766 1800 830 noctem
1857 745 1922 867 ja.

462 921 577 985 ctata
616 916 750 1020 atque
793 874 972 1004 disjecta
1008 905 1103 986 est,
1139 906 1182 968 et
1221 909 1348 971 naves
1401 871 1557 1010 partim
1596 872 1643 971 in
1694 881 1922 1019 Gorgonis

462 1024 681 1141 insulam,
719 1019 881 1161 partim
917 1017 965 1115 in
1010 1013 1215 1114 Corsicae
1254 1014 1422 1112 diversa
1462 1015 1558 1114 loca
1594 1017 1783 1121 delatae.
1832 1037 1924 1125 Ca..

460 1172 577 1275 rolus
613 1167 703 1308 ipse
740 1202 840 1262 cum
876 1159 1041 1302 paucis
1060 1157 1205 1299 longis
1241 1154 1427 1258 navibus
1472 1160 1529 1259 ad
1577 1174 1755 1265 Sacrum
1801 1173 1921 1297 ejus-

461 1317 564 1415 dem
603 1308 761 1410 insulae
791 1302 1186 1419 Promontorium,
1227 1306 1381 1400 Cursum
1417 1303 1555 1444 vulgo
1592 1306 1790 1426 dictum,
1815 1349 1920 1413 cum

459 1468 548 1592 jam
587 1453 829 1569 illuxisset,
862 1448 1012 1549 locum
1048 1487 1073 1545 a
1109 1441 1396 1547 saevientibus
1433 1448 1572 1548 ventis
1607 1449 1813 1581 nonnihil
1849 1490 1921 1558 te-

460 1638 637 1745 gentem
675 1633 826 1736 tapete
894 1594 1034 1693 otuit.

530 1755 606 1846 IX.
682 1751 816 1857 Huc,
842 1632 953 1837 dicta
988 1778 1039 1838 ex
1074 1733 1241 1834 montis
1277 1736 1504 1838 cacumine
1540 1738 1766 1841 nocturnis
1804 1742 1920 1883 igni·

458 1888 539 1990 bus
587 1883 947 2028 significatione,
984 1920 1085 1980 cum
1136 1880 1350 2020 dispersae
1401 1922 1529 1983 naves
1579 1886 1916 2006 convenissent,

458 2067 500 2133 et
536 2064 726 2174 quatuor
762 2027 872 2128 Divi
909 2027 1095 2164 Joannis
1132 2024 1332 2164 equitum
1380 2027 1610 2147 triremes,
1647 2070 1760 2172 quae
1807 2031 1916 2129 clas-

457 2214 548 2276 sem
586 2169 995 2312 subsequebantur,
1030 2169 1357 2310 pervenissent,
1392 2166 1532 2270 biduo
1569 2172 1636 2272 ibi
1681 2210 1919 2275 consumto

455 2319 768 2462 progreditur,
805 2353 855 2414 ac
906 2314 1053 2413 littora
1101 2313 1289 2454 legendo
1343 2313 1391 2411 in
1448 2323 1631 2418 Portum
1667 2313 1918 2439 Bonifacii,

454 2465 580 2603 quod
617 2460 835 2602 oppidum
873 2498 898 2556 a
934 2471 1059 2558 Sacro
1096 2457 1407 2557 Promontorio
1450 2461 1691 2603 nonaginta
1741 2459 1919 2560 circiter

453 2645 659 2748 passuum
713 2601 905 2703 millibus
956 2602 1107 2722 abest,
1145 2602 1244 2700 satis
1295 2602 1581 2703 incommoda
1634 2604 1919 2746 navigatione

452 2789 551 2852 usus
604 2747 838 2890 pervenit3
877 2786 927 2846 ac
965 2744 1099 2847 tribus
1152 2743 1305 2845 diebus
1357 2746 1499 2886 quieti
1550 2749 1697 2861 datis,
1731 2751 1919 2890 naviga-

452 2894 574 2997 tione
611 2933 723 2994 crrca
759 2890 994 2991 meridiem
1043 2889 1255 3031 repetita,
1292 2930 1481 3031 ususque
1531 2893 1690 2992 idonea
1744 2929 1918 3033 tempe·

452 3070 594 3153 state,
632 3072 788 3180 quarta
825 3032 979 3175 vigilia
1022 3035 1164 3135 noctis
1215 3034 1482 3173 insequentis
1518 3038 1761 3138 Sardiniam
1814 3037 1920 3139 atti-

452 3181 556 3321 git,
591 3218 635 3281 et
669 3185 835 3282 Portum
871 3182 1028 3279 Comitis
1081 3178 1448 3322 cognominatum
1484 3180 1661 3281 intravit
1697 3260 1712 3300 ‚
1767 3181 1937 3282 classe-t

451 3362 537 3464 que
574 3325 741 3465 reliqua
792 3356 958 3463 praeter
1008 3359 1140 3425 naves
1177 3323 1377 3465 quinque
1415 3324 1670 3466 Algueriam
1706 3325 1925 3424 Barcino«

449 3470 649 3570 nentium
686 3473 769 3603 (ut
807 3467 1027 3585 traditur,
1064 3502 1105 3567 et
1157 3466 1308 3607 lingua
1344 3469 1633 3611 institutaque
1686 3463 1920 3619 indicantl

451 3613 671 3712 coloniam
717 3649 915 3751 passuum
952 3609 1123 3710 circiter
1171 3612 1325 3711 decem
1378 3612 1518 3714 millia
1570 3615 1908 3752 praemissa,ir

449 3787 606 3856 terram
644 3756 736 3897 ipse
774 3755 1032 3872 descendit,
1069 3791 1111 3853 et
1147 3754 1312 3855 bonam
1350 3756 1436 3857 diei
1472 3790 1639 3896 partem
1679 3749 1898 3860 venatiotl

447 3900 734 4010 consumsitr
776 3936 872 4000 tum
926 3899 1185 4040 Alguetiam
1234 3899 1482 4039 progressus
1520 3977 1536 4020 ‚
1588 3938 1666 4039 pet
1715 3870 1890 4044 ligncul

446 4082 634 4183 pontem
669 4089 695 4148 a
730 4043 985 4144 continente
1022 4044 1078 4142 ad
1115 4082 1244 4144 naves
1281 4042 1461 4143 honoris
1498 4082 1623 4148 causa
1675 4046 1731 4147 ab
1783 4017 1879 4209 oppl

446 4188 568 4289 danis
605 4191 868 4333 productum
906 4187 954 4287 in
992 4223 1152 4289 tetram
1189 4187 1445 4330 egreditur,
1481 4227 1531 4288 ac
1582 4189 1793 4330 popu10‚
1834 4215 1865 4359 p

443 4327 646 4472 frequens
685 4333 890 4434 obviam
918 4368 1218 4474 processerat,
1257 4334 1532 4451 deducente,
1568 4332 1789 4473 oppidum
1843 4362 1854 4436 r

442 4478 606 4596 travit,
641 4474 757 4578 cum·
798 4512 961 4617 magna
1000 4479 1212 4617 ipsorum⁴²
1249 4476 1580 4618 gratulatione,
1615 4475 1694 4614 qui
1747 4471 1846 4599 ciba

439 4621 630 4721 recentia
662 4614 833 4763 magno
869 4658 1093 4748 numero,
1130 4618 1347 4762 gallinas,
1368 4618 1710 4743 borcs,:arictes
1731 4694 1747 4764 ,
1781 4615 1835 4783 al*
