<?xml version="1.0" encoding="UTF-8"?>
<!DOCTYPE html PUBLIC "-//W3C//DTD XHTML 1.0 Transitional//EN"
    "http://www.w3.org/TR/xhtml1/DTD/xhtml1-transitional.dtd">
<html xmlns="http://www.w3.org/1999/xhtml" xml:lang="en" lang="en">
 <head>
  <title>
</title>
<meta http-equiv="Content-Type" content="text/html;charset=utf-8" />
  <meta name='ocr-system' content='tesseract 3.04.00' />
  <meta name='ocr-capabilities' content='ocr_page ocr_carea ocr_par ocr_line ocrx_word'/>
</head>
<body>
  <div class='ocr_page' id='page_1' title='image "./joannisgenesiis00sepgoog_0313.png"; bbox 0 0 4192 5858; ppageno 0'>
   <div class='ocr_carea' id='block_1_1' title="bbox 459 433 1495 522">
    <p class='ocr_par' dir='ltr' id='par_1_1' title="bbox 459 433 1495 522">
     <span class='ocr_line' id='line_1_1' title="bbox 459 433 1495 522; baseline -0.005 0"><span class='ocrx_word' id='word_1_1' title='bbox 459 439 704 522; x_wconf 83' lang='lat' dir='ltr'>CAROLI</span> <span class='ocrx_word' id='word_1_2' title='bbox 749 441 802 519; x_wconf 81' lang='lat' dir='ltr'>V.</span> <span class='ocrx_word' id='word_1_3' title='bbox 844 440 962 520; x_wconf 77' lang='lat' dir='ltr'>utu.</span> <span class='ocrx_word' id='word_1_4' title='bbox 997 442 1165 522; x_wconf 80' lang='lat' dir='ltr'><strong>XXIV.</strong></span> <span class='ocrx_word' id='word_1_5' title='bbox 1412 433 1495 517; x_wconf 82' lang='lat'>281</span> 
     </span>
    </p>
   </div>
   <div class='ocr_carea' id='block_1_2' title="bbox 99 594 1624 4778">
    <p class='ocr_par' dir='ltr' id='par_1_2' title="bbox 99 594 1538 2719">
     <span class='ocr_line' id='line_1_2' title="bbox 99 594 1538 757; baseline 0.004 -57"><span class='ocrx_word' id='word_1_6' title='bbox 99 634 165 700; x_wconf 88' lang='lat' dir='ltr'>tra</span> <span class='ocrx_word' id='word_1_7' title='bbox 200 594 248 699; x_wconf 90' lang='lat' dir='ltr'>in</span> <span class='ocrx_word' id='word_1_8' title='bbox 283 595 402 697; x_wconf 90' lang='lat' dir='ltr'>hunc</span> <span class='ocrx_word' id='word_1_9' title='bbox 446 596 637 698; x_wconf 92' lang='lat' dir='ltr'>modum</span> <span class='ocrx_word' id='word_1_10' title='bbox 645 627 1080 757; x_wconf 81' lang='lat' dir='ltr'>oppugnarentur,</span> <span class='ocrx_word' id='word_1_11' title='bbox 1115 597 1355 705; x_wconf 91' lang='lat' dir='ltr'>minimum</span> <span class='ocrx_word' id='word_1_12' title='bbox 1392 638 1538 706; x_wconf 88' lang='lat' dir='ltr'>tamen</span> 
     </span>
     <span class='ocr_line' id='line_1_3' title="bbox 99 739 1532 904; baseline 0.002 -60"><span class='ocrx_word' id='word_1_13' title='bbox 99 744 397 844; x_wconf 90' lang='lat' dir='ltr'>letrimentum</span> <span class='ocrx_word' id='word_1_14' title='bbox 445 779 470 837; x_wconf 86' lang='lat' dir='ltr'>a</span> <span class='ocrx_word' id='word_1_15' title='bbox 520 739 678 839; x_wconf 92' lang='lat' dir='ltr'>nostris</span> <span class='ocrx_word' id='word_1_16' title='bbox 729 741 1017 904; x_wconf 84' lang='lat' dir='ltr'>acciperetur</span> <span class='ocrx_word' id='word_1_17' title='bbox 1071 754 1255 844; x_wconf 83' lang='lat' dir='ltr'>Constat</span> <span class='ocrx_word' id='word_1_18' title='bbox 1306 745 1427 846; x_wconf 91' lang='lat' dir='ltr'>enim</span> <span class='ocrx_word' id='word_1_19' title='bbox 1477 788 1532 847; x_wconf 89' lang='lat' dir='ltr'>eo</span> 
     </span>
     <span class='ocr_line' id='line_1_4' title="bbox 99 880 1535 1045; baseline 0.003 -59"><span class='ocrx_word' id='word_1_20' title='bbox 99 880 420 1045; x_wconf 85' lang='lat' dir='ltr'>lie,qu1fuit</span> <span class='ocrx_word' id='word_1_21' title='bbox 456 885 664 985; x_wconf 91' lang='lat' dir='ltr'>omnium</span> <span class='ocrx_word' id='word_1_22' title='bbox 700 885 1011 1024; x_wconf 85' lang='lat' dir='ltr'>gravissimus,</span> <span class='ocrx_word' id='word_1_23' title='bbox 1046 884 1120 985; x_wconf 88' lang='lat' dir='ltr'>vix</span> <span class='ocrx_word' id='word_1_24' title='bbox 1157 887 1430 990; x_wconf 92' lang='lat' dir='ltr'>homines</span> <span class='ocrx_word' id='word_1_25' title='bbox 1388 890 1535 1030; x_wconf 81' lang='lat' dir='ltr'>vrgin-</span> 
     </span>
     <span class='ocr_line' id='line_1_5' title="bbox 99 1026 1528 1173; baseline 0.001 -41.07"><span class='ocrx_word' id='word_1_26' title='bbox 99 1069 199 1133; x_wconf 84' lang='lat' dir='ltr'>tex</span> <span class='ocrx_word' id='word_1_27' title='bbox 233 1027 372 1169; x_wconf 88' lang='lat' dir='ltr'>copiis</span> <span class='ocrx_word' id='word_1_28' title='bbox 422 1026 629 1129; x_wconf 90' lang='lat' dir='ltr'>omnibus</span> <span class='ocrx_word' id='word_1_29' title='bbox 670 1068 723 1126; x_wconf 89' lang='lat' dir='ltr'>eo</span> <span class='ocrx_word' id='word_1_30' title='bbox 771 1027 847 1127; x_wconf 90' lang='lat' dir='ltr'>teli</span> <span class='ocrx_word' id='word_1_31' title='bbox 883 1068 1044 1168; x_wconf 84' lang='lat' dir='ltr'>genere</span> <span class='ocrx_word' id='word_1_32' title='bbox 1092 1032 1323 1133; x_wconf 89' lang='lat' dir='ltr'>cecidisse</span> <span class='ocrx_word' id='word_1_33' title='bbox 1375 1043 1528 1173; x_wconf 90' lang='lat' dir='ltr'>Itaque</span> 
     </span>
     <span class='ocr_line' id='line_1_6' title="bbox 99 1167 1534 1305; baseline 0.004 -34"><span class='ocrx_word' id='word_1_34' title='bbox 99 1210 222 1272; x_wconf 81' lang='lat' dir='ltr'>tostes</span> <span class='ocrx_word' id='word_1_35' title='bbox 264 1170 497 1305; x_wconf 88' lang='lat' dir='ltr'>jaculando</span> <span class='ocrx_word' id='word_1_36' title='bbox 533 1167 716 1290; x_wconf 87' lang='lat' dir='ltr'>defessi,</span> <span class='ocrx_word' id='word_1_37' title='bbox 751 1206 795 1270; x_wconf 94' lang='lat' dir='ltr'>et</span> <span class='ocrx_word' id='word_1_38' title='bbox 845 1209 1093 1274; x_wconf 92' lang='lat' dir='ltr'>nostrorum</span> <span class='ocrx_word' id='word_1_39' title='bbox 1145 1176 1377 1276; x_wconf 79' lang='lat' dir='ltr'>tolerantia</span> <span class='ocrx_word' id='word_1_40' title='bbox 1427 1217 1534 1276; x_wconf 90' lang='lat' dir='ltr'>con-</span> 
     </span>
     <span class='ocr_line' id='line_1_7' title="bbox 99 1314 1534 1478; baseline 0.006 -64"><span class='ocrx_word' id='word_1_41' title='bbox 99 1317 321 1478; x_wconf 74' lang='lat' dir='ltr'>tantisque</span> <span class='ocrx_word' id='word_1_42' title='bbox 357 1314 585 1436; x_wconf 88' lang='lat' dir='ltr'>deterriti,</span> <span class='ocrx_word' id='word_1_43' title='bbox 623 1352 668 1415; x_wconf 95' lang='lat' dir='ltr'>et</span> <span class='ocrx_word' id='word_1_44' title='bbox 703 1353 839 1455; x_wconf 88' lang='lat' dir='ltr'>quarn</span> <span class='ocrx_word' id='word_1_45' title='bbox 889 1356 1045 1459; x_wconf 89' lang='lat' dir='ltr'>parum</span> <span class='ocrx_word' id='word_1_46' title='bbox 1080 1317 1339 1458; x_wconf 88' lang='lat' dir='ltr'>proficerent</span> <span class='ocrx_word' id='word_1_47' title='bbox 1389 1322 1534 1422; x_wconf 82' lang='lat' dir='ltr'>demi-</span> 
     </span>
     <span class='ocr_line' id='line_1_8' title="bbox 99 1458 1534 1602; baseline 0.005 -44"><span class='ocrx_word' id='word_1_48' title='bbox 99 1460 161 1559; x_wconf 87' lang='lat' dir='ltr'>ati</span> <span class='ocrx_word' id='word_1_49' title='bbox 180 1458 569 1602; x_wconf 85' lang='lat' dir='ltr'>,oppugnatione</span> <span class='ocrx_word' id='word_1_50' title='bbox 625 1460 909 1580; x_wconf 87' lang='lat' dir='ltr'>destiterunt,</span> <span class='ocrx_word' id='word_1_51' title='bbox 946 1500 1027 1561; x_wconf 91' lang='lat' dir='ltr'>nec</span> <span class='ocrx_word' id='word_1_52' title='bbox 1080 1500 1248 1584; x_wconf 90' lang='lat' dir='ltr'>castra,</span> <span class='ocrx_word' id='word_1_53' title='bbox 1284 1499 1332 1564; x_wconf 91' lang='lat' dir='ltr'>ut</span> <span class='ocrx_word' id='word_1_54' title='bbox 1374 1458 1534 1565; x_wconf 86' lang='lat' dir='ltr'>facturi</span> 
     </span>
     <span class='ocr_line' id='line_1_9' title="bbox 99 1539 1532 1746; baseline 0.004 -43"><span class='ocrx_word' id='word_1_55' title='bbox 99 1539 377 1723; x_wconf 70' lang='lat' dir='ltr'>nubantur,</span> <span class='ocrx_word' id='word_1_56' title='bbox 415 1603 699 1713; x_wconf 79' lang='lat' dir='ltr'>invaserunt3</span> <span class='ocrx_word' id='word_1_57' title='bbox 733 1606 804 1703; x_wconf 92' lang='lat' dir='ltr'>sed</span> <span class='ocrx_word' id='word_1_58' title='bbox 840 1606 971 1704; x_wconf 91' lang='lat' dir='ltr'>ducta</span> <span class='ocrx_word' id='word_1_59' title='bbox 1007 1600 1152 1725; x_wconf 83' lang='lat' dir='ltr'>fossa,</span> <span class='ocrx_word' id='word_1_60' title='bbox 1188 1643 1302 1746; x_wconf 85' lang='lat' dir='ltr'>quae</span> <span class='ocrx_word' id='word_1_61' title='bbox 1337 1643 1532 1708; x_wconf 92' lang='lat' dir='ltr'>tormen</span> 
     </span>
     <span class='ocr_line' id='line_1_10' title="bbox 99 1749 1532 1867; baseline 0.005 -21"><span class='ocrx_word' id='word_1_62' title='bbox 99 1789 117 1846; x_wconf 83' lang='lat' dir='ltr'>a</span> <span class='ocrx_word' id='word_1_63' title='bbox 158 1785 385 1867; x_wconf 90' lang='lat' dir='ltr'>tueretur,</span> <span class='ocrx_word' id='word_1_64' title='bbox 420 1786 526 1847; x_wconf 91' lang='lat' dir='ltr'>cum</span> <span class='ocrx_word' id='word_1_65' title='bbox 575 1749 631 1847; x_wconf 87' lang='lat' dir='ltr'>ad</span> <span class='ocrx_word' id='word_1_66' title='bbox 681 1782 873 1847; x_wconf 86' lang='lat' dir='ltr'>noctem</span> <span class='ocrx_word' id='word_1_67' title='bbox 909 1749 998 1848; x_wconf 88' lang='lat' dir='ltr'>acie</span> <span class='ocrx_word' id='word_1_68' title='bbox 1048 1749 1256 1851; x_wconf 85' lang='lat' dir='ltr'>instructa</span> <span class='ocrx_word' id='word_1_69' title='bbox 1303 1754 1354 1852; x_wconf 94' lang='lat' dir='ltr'>in</span> <span class='ocrx_word' id='word_1_70' title='bbox 1403 1753 1532 1853; x_wconf 90' lang='lat' dir='ltr'>armis</span> 
     </span>
     <span class='ocr_line' id='line_1_11' title="bbox 99 1890 1534 2054; baseline 0.003 -62"><span class='ocrx_word' id='word_1_71' title='bbox 99 1893 404 2010; x_wconf 90' lang='lat' dir='ltr'>onstitissent,</span> <span class='ocrx_word' id='word_1_72' title='bbox 440 1890 489 1989; x_wconf 91' lang='lat' dir='ltr'>in</span> <span class='ocrx_word' id='word_1_73' title='bbox 522 1927 654 1990; x_wconf 85' lang='lat' dir='ltr'>castra</span> <span class='ocrx_word' id='word_1_74' title='bbox 689 1932 776 1991; x_wconf 92' lang='lat' dir='ltr'>sese</span> <span class='ocrx_word' id='word_1_75' title='bbox 810 1930 1099 2054; x_wconf 82' lang='lat' dir='ltr'>receperunt,</span> <span class='ocrx_word' id='word_1_76' title='bbox 1136 1933 1248 2034; x_wconf 88' lang='lat' dir='ltr'>quae</span> <span class='ocrx_word' id='word_1_77' title='bbox 1283 1896 1422 1995; x_wconf 90' lang='lat' dir='ltr'>ad</span> <span class='ocrx_word' id='word_1_78' title='bbox 1388 1934 1534 2035; x_wconf 80' lang='lat' dir='ltr'>ripam</span> 
     </span>
     <span class='ocr_line' id='line_1_12' title="bbox 99 2034 1534 2176; baseline 0.003 -39"><span class='ocrx_word' id='word_1_79' title='bbox 99 2035 207 2137; x_wconf 88' lang='lat' dir='ltr'>arvi</span> <span class='ocrx_word' id='word_1_80' title='bbox 242 2035 467 2155; x_wconf 85' lang='lat' dir='ltr'>fluminis,</span> <span class='ocrx_word' id='word_1_81' title='bbox 503 2036 557 2135; x_wconf 90' lang='lat' dir='ltr'>de</span> <span class='ocrx_word' id='word_1_82' title='bbox 593 2075 686 2176; x_wconf 90' lang='lat' dir='ltr'>quo</span> <span class='ocrx_word' id='word_1_83' title='bbox 722 2034 951 2155; x_wconf 85' lang='lat' dir='ltr'>diximus,</span> <span class='ocrx_word' id='word_1_84' title='bbox 987 2037 1049 2136; x_wconf 85' lang='lat' dir='ltr'>ita</span> <span class='ocrx_word' id='word_1_85' title='bbox 1084 2040 1362 2158; x_wconf 88' lang='lat' dir='ltr'>munierant,</span> <span class='ocrx_word' id='word_1_86' title='bbox 1390 2075 1441 2137; x_wconf 90' lang='lat' dir='ltr'>ut</span> <span class='ocrx_word' id='word_1_87' title='bbox 1477 2040 1534 2141; x_wconf 87' lang='lat' dir='ltr'>ab</span> 
     </span>
     <span class='ocr_line' id='line_1_13' title="bbox 99 2179 1534 2340; baseline 0.002 -60.15"><span class='ocrx_word' id='word_1_88' title='bbox 99 2220 321 2322; x_wconf 84' lang='lat' dir='ltr'>aparte,</span> <span class='ocrx_word' id='word_1_89' title='bbox 358 2220 470 2323; x_wconf 89' lang='lat' dir='ltr'>quae</span> <span class='ocrx_word' id='word_1_90' title='bbox 506 2179 656 2279; x_wconf 82' lang='lat' dir='ltr'>villam</span> <span class='ocrx_word' id='word_1_91' title='bbox 707 2213 995 2281; x_wconf 86' lang='lat' dir='ltr'>memoratam</span> <span class='ocrx_word' id='word_1_92' title='bbox 1047 2180 1322 2340; x_wconf 85' lang='lat' dir='ltr'>attingebat,</span> <span class='ocrx_word' id='word_1_93' title='bbox 1359 2216 1534 2283; x_wconf 88' lang='lat' dir='ltr'>nostro-</span> 
     </span>
     <span class='ocr_line' id='line_1_14' title="bbox 99 2324 1535 2468; baseline -0.001 -40"><span class='ocrx_word' id='word_1_94' title='bbox 99 2364 178 2428; x_wconf 81' lang='lat' dir='ltr'>am</span> <span class='ocrx_word' id='word_1_95' title='bbox 216 2328 359 2428; x_wconf 89' lang='lat' dir='ltr'>castris</span> <span class='ocrx_word' id='word_1_96' title='bbox 409 2324 549 2466; x_wconf 82' lang='lat' dir='ltr'>magis</span> <span class='ocrx_word' id='word_1_97' title='bbox 585 2324 1019 2466; x_wconf 85' lang='lat' dir='ltr'>appropinquarent,</span> <span class='ocrx_word' id='word_1_98' title='bbox 1054 2361 1129 2425; x_wconf 79' lang='grc' dir='ltr'>ιιι</span> <span class='ocrx_word' id='word_1_99' title='bbox 1179 2361 1230 2424; x_wconf 89' lang='lat' dir='ltr'>ut</span> <span class='ocrx_word' id='word_1_100' title='bbox 1266 2327 1535 2468; x_wconf 87' lang='lat' dir='ltr'>quingento-</span> 
     </span>
     <span class='ocr_line' id='line_1_15' title="bbox 99 2467 1535 2614; baseline -0.002 -41"><span class='ocrx_word' id='word_1_101' title='bbox 99 2510 178 2573; x_wconf 87' lang='grc' dir='ltr'>ιιιι</span> <span class='ocrx_word' id='word_1_102' title='bbox 215 2510 420 2612; x_wconf 91' lang='lat' dir='ltr'>passuum</span> <span class='ocrx_word' id='word_1_103' title='bbox 455 2469 737 2570; x_wconf 88' lang='lat' dir='ltr'>intervallum</span> <span class='ocrx_word' id='word_1_104' title='bbox 786 2467 1135 2611; x_wconf 89' lang='lat' dir='ltr'>relinqueretur,</span> <span class='ocrx_word' id='word_1_105' title='bbox 1170 2509 1271 2574; x_wconf 86' lang='lat' dir='ltr'>cum</span> <span class='ocrx_word' id='word_1_106' title='bbox 1314 2513 1366 2571; x_wconf 87' lang='lat' dir='ltr'>ex</span> <span class='ocrx_word' id='word_1_107' title='bbox 1402 2471 1535 2614; x_wconf 88' lang='lat' dir='ltr'>altera</span> 
     </span>
     <span class='ocr_line' id='line_1_16' title="bbox 99 2611 727 2719; baseline -0.003 -3"><span class='ocrx_word' id='word_1_108' title='bbox 99 2611 256 2716; x_wconf 87' lang='lat' dir='ltr'>uobus</span> <span class='ocrx_word' id='word_1_109' title='bbox 292 2616 486 2719; x_wconf 88' lang='lat' dir='ltr'>millibus</span> <span class='ocrx_word' id='word_1_110' title='bbox 522 2613 727 2715; x_wconf 90' lang='lat' dir='ltr'>distaret.</span> 
     </span>
    </p>

    <p class='ocr_par' dir='ltr' id='par_1_3' title="bbox 99 2755 1624 4778">
     <span class='ocr_line' id='line_1_17' title="bbox 150 2755 1533 2922; baseline -0.002 -61"><span class='ocrx_word' id='word_1_111' title='bbox 150 2770 278 2861; x_wconf 91' lang='lat' dir='ltr'><strong>XXI.</strong></span> <span class='ocrx_word' id='word_1_112' title='bbox 352 2771 415 2864; x_wconf 84' lang='lat' dir='ltr'>Ea</span> <span class='ocrx_word' id='word_1_113' title='bbox 451 2795 580 2859; x_wconf 91' lang='lat' dir='ltr'>nocte</span> <span class='ocrx_word' id='word_1_114' title='bbox 616 2757 799 2861; x_wconf 88' lang='lat' dir='ltr'>Carolus</span> <span class='ocrx_word' id='word_1_115' title='bbox 849 2793 985 2859; x_wconf 89' lang='lat' dir='ltr'>castra</span> <span class='ocrx_word' id='word_1_116' title='bbox 1035 2755 1285 2922; x_wconf 84' lang='lat' dir='ltr'>diligentius</span> <span class='ocrx_word' id='word_1_117' title='bbox 1340 2755 1504 2860; x_wconf 91' lang='lat' dir='ltr'>muniri</span> <span class='ocrx_word' id='word_1_118' title='bbox 1517 2833 1533 2877; x_wconf 91' lang='lat'>,</span> 
     </span>
     <span class='ocr_line' id='line_1_18' title="bbox 99 2902 1536 3043; baseline -0.002 -39.86"><span class='ocrx_word' id='word_1_119' title='bbox 99 2905 343 3004; x_wconf 75' lang='lat' dir='ltr'>:materia</span> <span class='ocrx_word' id='word_1_120' title='bbox 378 2902 696 3042; x_wconf 87' lang='lat' dir='ltr'>fruticibusque</span> <span class='ocrx_word' id='word_1_121' title='bbox 732 2945 784 3004; x_wconf 88' lang='lat' dir='ltr'>ex</span> <span class='ocrx_word' id='word_1_122' title='bbox 820 2903 1021 3043; x_wconf 86' lang='lat' dir='ltr'>proximo</span> <span class='ocrx_word' id='word_1_123' title='bbox 1057 2905 1234 3043; x_wconf 80' lang='lat' dir='ltr'>petitis,</span> <span class='ocrx_word' id='word_1_124' title='bbox 1261 2903 1427 3004; x_wconf 88' lang='lat' dir='ltr'>vallum</span> <span class='ocrx_word' id='word_1_125' title='bbox 1463 2943 1536 3000; x_wconf 81' lang='lat' dir='ltr'>ex-</span> 
     </span>
     <span class='ocr_line' id='line_1_19' title="bbox 99 3046 1534 3210; baseline -0.001 -64.994"><span class='ocrx_word' id='word_1_126' title='bbox 99 3081 240 3169; x_wconf 88' lang='lat' dir='ltr'>tare,</span> <span class='ocrx_word' id='word_1_127' title='bbox 281 3046 441 3150; x_wconf 90' lang='lat' dir='ltr'>fossam</span> <span class='ocrx_word' id='word_1_128' title='bbox 476 3048 748 3210; x_wconf 89' lang='lat' dir='ltr'>producere,</span> <span class='ocrx_word' id='word_1_129' title='bbox 783 3050 892 3147; x_wconf 90' lang='lat' dir='ltr'>duos</span> <span class='ocrx_word' id='word_1_130' title='bbox 943 3086 1121 3189; x_wconf 84' lang='lat' dir='ltr'>aggeres</span> <span class='ocrx_word' id='word_1_131' title='bbox 1157 3047 1263 3148; x_wconf 92' lang='lat' dir='ltr'>locis</span> <span class='ocrx_word' id='word_1_132' title='bbox 1315 3080 1534 3208; x_wconf 89' lang='lat' dir='ltr'>opportu-</span> 
     </span>
     <span class='ocr_line' id='line_1_20' title="bbox 99 3188 1532 3335; baseline 0.001 -47.002"><span class='ocrx_word' id='word_1_133' title='bbox 99 3190 144 3289; x_wconf 86' lang='lat' dir='ltr'>is</span> <span class='ocrx_word' id='word_1_134' title='bbox 181 3194 381 3335; x_wconf 86' lang='lat' dir='ltr'>erigere,</span> <span class='ocrx_word' id='word_1_135' title='bbox 419 3228 462 3294; x_wconf 92' lang='lat' dir='ltr'>et</span> <span class='ocrx_word' id='word_1_136' title='bbox 498 3230 651 3295; x_wconf 88' lang='lat' dir='ltr'>omma</span> <span class='ocrx_word' id='word_1_137' title='bbox 686 3188 826 3293; x_wconf 88' lang='lat' dir='ltr'>facere</span> <span class='ocrx_word' id='word_1_138' title='bbox 860 3189 1022 3323; x_wconf 85' lang='lat' dir='ltr'>jubet,</span> <span class='ocrx_word' id='word_1_139' title='bbox 1054 3231 1169 3332; x_wconf 87' lang='lat' dir='ltr'>quae</span> <span class='ocrx_word' id='word_1_140' title='bbox 1211 3193 1267 3293; x_wconf 91' lang='lat' dir='ltr'>ad</span> <span class='ocrx_word' id='word_1_141' title='bbox 1320 3191 1483 3291; x_wconf 90' lang='lat' dir='ltr'>tutiore</span> <span class='ocrx_word' id='word_1_142' title='bbox 1486 3228 1532 3289; x_wconf 92' lang='lat' dir='ltr'>m</span> 
     </span>
     <span class='ocr_line' id='line_1_21' title="bbox 103 3330 1533 3478; baseline -0.001 -47"><span class='ocrx_word' id='word_1_143' title='bbox 103 3370 323 3438; x_wconf 89' lang='lat' dir='ltr'>astrorum</span> <span class='ocrx_word' id='word_1_144' title='bbox 372 3334 673 3439; x_wconf 87' lang='lat' dir='ltr'>defensionem</span> <span class='ocrx_word' id='word_1_145' title='bbox 720 3335 937 3478; x_wconf 90' lang='lat' dir='ltr'>pertinere</span> <span class='ocrx_word' id='word_1_146' title='bbox 987 3333 1285 3454; x_wconf 90' lang='lat' dir='ltr'>videbantur,</span> <span class='ocrx_word' id='word_1_147' title='bbox 1321 3330 1533 3433; x_wconf 89' lang='lat' dir='ltr'>militibus</span> 
     </span>
     <span class='ocr_line' id='line_1_22' title="bbox 99 3413 1535 3636; baseline -0.005 -55.945"><span class='ocrx_word' id='word_1_148' title='bbox 99 3480 288 3636; x_wconf 80' lang='lat' dir='ltr'>mnibus</span> <span class='ocrx_word' id='word_1_149' title='bbox 324 3485 381 3583; x_wconf 85' lang='lat' dir='ltr'>ad</span> <span class='ocrx_word' id='word_1_150' title='bbox 416 3481 659 3585; x_wconf 88' lang='lat' dir='ltr'>laborem</span> <span class='ocrx_word' id='word_1_151' title='bbox 647 3479 824 3584; x_wconf 89' lang='lat' dir='ltr'>rntentis</span> <span class='ocrx_word' id='word_1_152' title='bbox 860 3517 904 3580; x_wconf 88' lang='lat' dir='ltr'>et</span> <span class='ocrx_word' id='word_1_153' title='bbox 940 3479 1193 3621; x_wconf 90' lang='lat' dir='ltr'>occupatis,</span> <span class='ocrx_word' id='word_1_154' title='bbox 1212 3413 1415 3617; x_wconf 83' lang='lat' dir='ltr'>nullaque</span> <span class='ocrx_word' id='word_1_155' title='bbox 1451 3515 1535 3574; x_wconf 94' lang='lat' dir='ltr'>no</span> 
     </span>
     <span class='ocr_line' id='line_1_23' title="bbox 99 3617 1531 3765; baseline -0.003 -42.949"><span class='ocrx_word' id='word_1_156' title='bbox 99 3617 178 3722; x_wconf 86' lang='lat' dir='ltr'>:is</span> <span class='ocrx_word' id='word_1_157' title='bbox 195 3664 317 3765; x_wconf 90' lang='lat' dir='ltr'>parte</span> <span class='ocrx_word' id='word_1_158' title='bbox 352 3627 597 3728; x_wconf 90' lang='lat' dir='ltr'>intermissa</span> <span class='ocrx_word' id='word_1_159' title='bbox 622 3664 759 3734; x_wconf 86' lang='lat' dir='ltr'>‚nam</span> <span class='ocrx_word' id='word_1_160' title='bbox 793 3662 939 3724; x_wconf 91' lang='lat' dir='ltr'>recens</span> <span class='ocrx_word' id='word_1_161' title='bbox 974 3658 1017 3723; x_wconf 89' lang='lat' dir='ltr'>et</span> <span class='ocrx_word' id='word_1_162' title='bbox 1051 3663 1249 3765; x_wconf 88' lang='lat' dir='ltr'>praesens</span> <span class='ocrx_word' id='word_1_163' title='bbox 1285 3659 1414 3721; x_wconf 91' lang='lat' dir='ltr'>suum</span> <span class='ocrx_word' id='word_1_164' title='bbox 1440 3659 1531 3718; x_wconf 92' lang='lat' dir='ltr'>suo</span> 
     </span>
     <span class='ocr_line' id='line_1_24' title="bbox 99 3762 1535 3912; baseline -0.006 -44"><span class='ocrx_word' id='word_1_165' title='bbox 99 3797 268 3909; x_wconf 75' lang='lat' dir='ltr'>unque</span> <span class='ocrx_word' id='word_1_166' title='bbox 312 3771 585 3912; x_wconf 90' lang='lat' dir='ltr'>periculum,</span> <span class='ocrx_word' id='word_1_167' title='bbox 624 3770 733 3912; x_wconf 93' lang='lat' dir='ltr'>quid</span> <span class='ocrx_word' id='word_1_168' title='bbox 784 3769 895 3867; x_wconf 89' lang='lat' dir='ltr'>ratio</span> <span class='ocrx_word' id='word_1_169' title='bbox 946 3802 1142 3907; x_wconf 87' lang='lat' dir='ltr'>posceret</span> <span class='ocrx_word' id='word_1_170' title='bbox 1194 3804 1258 3868; x_wconf 86' lang='lat' dir='ltr'>rer</span> <span class='ocrx_word' id='word_1_171' title='bbox 1307 3762 1535 3881; x_wconf 88' lang='lat' dir='ltr'>militaris,</span> 
     </span>
     <span class='ocr_line' id='line_1_25' title="bbox 99 3905 1535 4076; baseline -0.003 -70"><span class='ocrx_word' id='word_1_172' title='bbox 99 3913 293 4014; x_wconf 76' lang='lat' dir='ltr'>nolum</span> <span class='ocrx_word' id='word_1_173' title='bbox 328 3914 610 4016; x_wconf 88' lang='lat' dir='ltr'>admonuit</span> <span class='ocrx_word' id='word_1_174' title='bbox 598 3954 648 4015; x_wconf 95' lang='lat' dir='ltr'>m</span> <span class='ocrx_word' id='word_1_175' title='bbox 684 3952 850 4055; x_wconf 85' lang='lat' dir='ltr'>magno</span> <span class='ocrx_word' id='word_1_176' title='bbox 886 3946 929 4011; x_wconf 91' lang='lat' dir='ltr'>et</span> <span class='ocrx_word' id='word_1_177' title='bbox 964 3910 1144 4076; x_wconf 81' lang='lat' dir='ltr'>publico</span> <span class='ocrx_word' id='word_1_178' title='bbox 1187 3913 1350 4012; x_wconf 89' lang='lat' dir='ltr'>ducum</span> <span class='ocrx_word' id='word_1_179' title='bbox 1406 3905 1535 4035; x_wconf 84' lang='lat' dir='ltr'>hujus</span> 
     </span>
     <span class='ocr_line' id='line_1_26' title="bbox 99 4055 1537 4161; baseline 0.001 -15"><span class='ocrx_word' id='word_1_180' title='bbox 99 4055 230 4154; x_wconf 71' lang='lat' dir='ltr'>tatis</span> <span class='ocrx_word' id='word_1_181' title='bbox 282 4096 449 4159; x_wconf 89' lang='lat' dir='ltr'>errore.</span> <span class='ocrx_word' id='word_1_182' title='bbox 502 4068 627 4161; x_wconf 88' lang='lat' dir='ltr'>Nam</span> <span class='ocrx_word' id='word_1_183' title='bbox 676 4058 788 4158; x_wconf 92' lang='lat' dir='ltr'>olim</span> <span class='ocrx_word' id='word_1_184' title='bbox 823 4057 1018 4159; x_wconf 87' lang='lat' dir='ltr'>Romani</span> <span class='ocrx_word' id='word_1_185' title='bbox 1069 4056 1235 4157; x_wconf 92' lang='lat' dir='ltr'>strenui</span> <span class='ocrx_word' id='word_1_186' title='bbox 1286 4093 1336 4154; x_wconf 88' lang='lat' dir='ltr'>ac</span> <span class='ocrx_word' id='word_1_187' title='bbox 1391 4086 1537 4149; x_wconf 88' lang='lat' dir='ltr'>rerum</span> 
     </span>
     <span class='ocr_line' id='line_1_27' title="bbox 99 4192 1608 4364; baseline -0.004 -69"><span class='ocrx_word' id='word_1_188' title='bbox 99 4192 334 4302; x_wconf 82' lang='lat' dir='ltr'>[licarurn</span> <span class='ocrx_word' id='word_1_189' title='bbox 341 4203 615 4364; x_wconf 87' lang='lat' dir='ltr'>peritissimi</span> <span class='ocrx_word' id='word_1_190' title='bbox 651 4202 817 4321; x_wconf 89' lang='lat' dir='ltr'>duces,</span> <span class='ocrx_word' id='word_1_191' title='bbox 852 4202 987 4301; x_wconf 89' lang='lat' dir='ltr'>etiam</span> <span class='ocrx_word' id='word_1_192' title='bbox 1022 4239 1125 4300; x_wconf 89' lang='lat' dir='ltr'>cum</span> <span class='ocrx_word' id='word_1_193' title='bbox 1162 4199 1279 4299; x_wconf 88' lang='lat' dir='ltr'>nulla</span> <span class='ocrx_word' id='word_1_194' title='bbox 1315 4230 1421 4293; x_wconf 90' lang='lat' dir='ltr'>esset</span> <span class='ocrx_word' id='word_1_195' title='bbox 1459 4231 1539 4334; x_wconf 80' lang='lat' dir='ltr'>pe·</span> <span class='ocrx_word' id='word_1_196' title='bbox 1599 4244 1608 4259; x_wconf 36' lang='lat' dir='ltr'>x</span> 
     </span>
     <span class='ocr_line' id='line_1_28' title="bbox 99 4336 1541 4503; baseline -0.004 -61"><span class='ocrx_word' id='word_1_197' title='bbox 99 4344 200 4444; x_wconf 78' lang='lat' dir='ltr'>uli</span> <span class='ocrx_word' id='word_1_198' title='bbox 237 4346 462 4487; x_wconf 80' lang='lat' dir='ltr'>suspicio,</span> <span class='ocrx_word' id='word_1_199' title='bbox 499 4348 816 4448; x_wconf 88' lang='lat' dir='ltr'>consuetudine</span> <span class='ocrx_word' id='word_1_200' title='bbox 851 4377 997 4444; x_wconf 89' lang='lat' dir='ltr'>tamen</span> <span class='ocrx_word' id='word_1_201' title='bbox 1035 4378 1078 4442; x_wconf 92' lang='lat' dir='ltr'>et</span> <span class='ocrx_word' id='word_1_202' title='bbox 1114 4342 1242 4503; x_wconf 78' lang='lat' dir='ltr'>quasi</span> <span class='ocrx_word' id='word_1_203' title='bbox 1273 4340 1404 4481; x_wconf 90' lang='lat' dir='ltr'>lege,</span> <span class='ocrx_word' id='word_1_204' title='bbox 1441 4336 1541 4438; x_wconf 91' lang='lat' dir='ltr'>ubi-</span> 
     </span>
     <span class='ocr_line' id='line_1_29' title="bbox 99 4487 1624 4628; baseline -0.004 -44"><span class='ocrx_word' id='word_1_205' title='bbox 99 4518 273 4627; x_wconf 80' lang='lat' dir='ltr'>tnque</span> <span class='ocrx_word' id='word_1_206' title='bbox 310 4492 601 4593; x_wconf 86' lang='lat' dir='ltr'>consedissent</span> <span class='ocrx_word' id='word_1_207' title='bbox 618 4523 885 4628; x_wconf 85' lang='lat' dir='ltr'>,tamquam</span> <span class='ocrx_word' id='word_1_208' title='bbox 920 4487 1047 4588; x_wconf 91' lang='lat' dir='ltr'>hoste</span> <span class='ocrx_word' id='word_1_209' title='bbox 1084 4524 1375 4628; x_wconf 79' lang='lat' dir='ltr'>propinqu0,</span> <span class='ocrx_word' id='word_1_210' title='bbox 1409 4517 1543 4582; x_wconf 88' lang='lat' dir='ltr'>castra</span> <span class='ocrx_word' id='word_1_211' title='bbox 1615 4514 1624 4521; x_wconf 85' lang='grc'><strong><em>·</em></strong></span> 
     </span>
     <span class='ocr_line' id='line_1_30' title="bbox 99 4621 1546 4778; baseline -0.004 -50"><span class='ocrx_word' id='word_1_212' title='bbox 99 4621 198 4728; x_wconf 80' lang='lat' dir='ltr'>Uo</span> <span class='ocrx_word' id='word_1_213' title='bbox 143 4626 437 4776; x_wconf 84' lang='lat' dir='ltr'>lfossaque</span> <span class='ocrx_word' id='word_1_214' title='bbox 474 4635 682 4778; x_wconf 89' lang='lat' dir='ltr'>opinione</span> <span class='ocrx_word' id='word_1_215' title='bbox 717 4633 842 4735; x_wconf 91' lang='lat' dir='ltr'>citius</span> <span class='ocrx_word' id='word_1_216' title='bbox 879 4629 1161 4751; x_wconf 89' lang='lat' dir='ltr'>muniebant,</span> <span class='ocrx_word' id='word_1_217' title='bbox 1185 4639 1306 4762; x_wconf 86' lang='lat' dir='ltr'>cujus</span> <span class='ocrx_word' id='word_1_218' title='bbox 1343 4625 1407 4726; x_wconf 90' lang='lat' dir='ltr'>rei</span> <span class='ocrx_word' id='word_1_219' title='bbox 1442 4662 1546 4723; x_wconf 88' lang='lat' dir='ltr'>cau</span> 
     </span>
    </p>
   </div>
   <div class='ocr_carea' id='block_1_3' title="bbox 161 4771 1676 5052">
    <p class='ocr_par' dir='ltr' id='par_1_4' title="bbox 161 4771 1676 5022">
     <span class='ocr_line' id='line_1_31' title="bbox 165 4771 1676 4926; baseline -0.015 -46"><span class='ocrx_word' id='word_1_220' title='bbox 165 4780 354 4916; x_wconf 86' lang='lat' dir='ltr'>gregarii</span> <span class='ocrx_word' id='word_1_221' title='bbox 407 4779 567 4882; x_wconf 89' lang='lat' dir='ltr'>milites</span> <span class='ocrx_word' id='word_1_222' title='bbox 611 4815 827 4926; x_wconf 84' lang='lat' dir='ltr'>,praeter</span> <span class='ocrx_word' id='word_1_223' title='bbox 885 4816 1004 4881; x_wconf 89' lang='lat' dir='ltr'>arma</span> <span class='ocrx_word' id='word_1_224' title='bbox 1057 4811 1101 4876; x_wconf 93' lang='lat' dir='ltr'>et</span> <span class='ocrx_word' id='word_1_225' title='bbox 1152 4773 1325 4917; x_wconf 90' lang='lat' dir='ltr'>aliquot</span> <span class='ocrx_word' id='word_1_226' title='bbox 1376 4771 1550 4872; x_wconf 90' lang='lat' dir='ltr'>dierum</span> <span class='ocrx_word' id='word_1_227' title='bbox 1673 4829 1676 4834; x_wconf 80' lang='lat'>.</span> 
     </span>
     <span class='ocr_line' id='line_1_32' title="bbox 161 4911 1553 5052; baseline -0.035 5"><span class='ocrx_word' id='word_1_228' title='bbox 161 4919 354 5052; x_wconf 61' lang='grc' dir='ltr'><em>ΤΟΜῙῙ·</em></span> <span class='ocrx_word' id='word_1_229' title='bbox 1089 4927 1168 5022; x_wconf 88' lang='lat' dir='ltr'>Nn</span> <span class='ocrx_word' id='word_1_230' title='bbox 1455 4911 1553 5014; x_wconf 82' lang='lat' dir='ltr'>via-</span> 
     </span>
    </p>
   </div>
   <div class='ocr_carea' id='block_1_4' title="bbox 0 0 2102 5858">
    <p class='ocr_par' dir='ltr' id='par_1_5' title="bbox 0 0 2102 5858">
     <span class='ocr_line' id='line_1_33' title="bbox 0 0 2102 5858; baseline 0 0"><span class='ocrx_word' id='word_1_231' title='bbox 0 0 2102 5858; x_wconf 95' lang='lat' dir='ltr'> </span> 
     </span>
    </p>
   </div>
  </div>
 </body>
</html>
