4110 5888
627 362 1126 437 SUMMARIUM.
1518 366 1579 436 lx.

189 474 322 582 XLIIl.
384 487 470 569 Hac
509 484 620 601 igitur
652 488 840 600 Hispano
949 488 1030 568 VII.
1091 483 1271 569 Postridie
1312 513 1398 570 curn
1445 485 1596 599 Episco-

131 630 214 687 rum
266 632 385 688 manu
428 604 477 688 ad
525 603 713 690 castellum
760 608 841 690 No·
887 603 976 715 pis,
1013 602 1149 718 dieque
1181 603 1290 688 tertio
1330 635 1419 690 cum
1462 609 1594 693 Proce

129 750 218 804 vum
260 722 413 824 relicta,
457 723 574 806 Doria
623 726 839 810 Messanam
888 722 987 806 ribus
1028 723 1165 807 eodem
1222 719 1298 807 fere
1340 725 1458 810 modo
1496 726 1593 841 agit.

130 839 346 926 revertitur
387 840 562 925 Veneti
552 869 590 923 ιιι
623 871 710 928 suos
755 873 838 956 por
887 840 1094 924 Toletanus
1143 840 1305 927 Antiates
1345 875 1415 957 pro
1468 846 1597 930 ceteris

130 983 188 1044 tus
221 959 433 1045 discedunt
461 957 723 1066 Charadinus,
753 962 834 1095 plus
887 957 1077 1071 Episcopis
1112 959 1342 1074 respondet,
1371 989 1409 1048 et
1443 962 1596 1048 liberali·

132 1077 260 1210 viginti
296 1077 453 1162 navibus
483 1103 701 1192 tempestate
733 1081 839 1164 amis·
887 1099 943 1160 ter
973 1076 1186 1190 pollicetur.
1220 1077 1364 1184 Albae,
1395 1077 1593 1187 InfantatI,

132 1195 204 1299 sis,
227 1193 265 1278 in
295 1196 417 1279 sinum
444 1196 683 1281 Ambracium
714 1226 837 1284 neces-
887 1218 926 1278 et
950 1196 1128 1279 Scalonae
1155 1196 1350 1301 Ducibus,
1379 1200 1596 1313 Comitique

134 1314 226 1400 sario
258 1343 296 1399 se
325 1313 474 1427 recipit.
887 1315 1141 1416 Beneventi,
1192 1316 1480 1401 Comestabilem
1524 1318 1594 1432 pri-

888 1461 994 1516 mum
1037 1372 1143 1547 loqui
1190 1462 1317 1517 orsum
1361 1434 1595 1550 interpellan-

294 1562 412 1654 Llss
465 1562 656 1656 XVIII
749 1553 752 1558 ’
889 1549 1015 1655 tibus,
1033 1575 1154 1636 tacere
1171 1552 1391 1636 Caesarim
1340 1580 1525 1668 tm,perat
1556 1578 1596 1640 et

888 1696 928 1753 re
964 1669 1163 1756 deliberata
1178 1669 1245 1753 sibi
1269 1700 1488 1806 responsum
1512 1672 1595 1757 red·

174 1788 354 1874 -1.1V.
401 1753 598 1873 CArolus
613 1791 749 1875 Caesar
767 1792 837 1875 Ca
889 1786 946 1872 di.
987 1788 1235 1905 Congregatis
1270 1791 1464 1876 civitatum
1499 1789 1594 1907 lega

134 1883 254 1992 stellae
295 1906 510 1992 Concilium
546 1907 737 1994 habiturus
782 1910 839 1993 lit·
889 1904 933 1989 tis
979 1908 1102 1993 variae
1146 1909 1350 1992 sententiae
1398 1909 1594 2015 dicuntur,

133 2049 225 2109 11111
258 2024 308 2110 ad
341 2055 479 2110 omnes
513 2025 677 2113 civitates
717 2027 838 2113 dimit-
890 2052 1049 2137 quarum
1084 2023 1224 2110 nullam
1249 2024 1407 2109 Carolus
1436 2029 1595 2138 probat,

132 2143 197 2248 tit,
220 2141 404 2259 simulque
431 2142 627 2230 Pontifices
660 2168 698 2229 et
712 2147 834 2279 Regni
890 2167 929 2227 11
959 2144 1126 2250 Sisam,
1155 2142 1358 2229 universale
1393 2143 1597 2261 tributum,

133 2261 311 2375 principes
356 2263 631 2378 optimatesque
673 2265 841 2347 nomina·
891 2258 930 2343 in
961 2260 1105 2379 aliquot
1136 2291 1257 2346 annos
1284 2262 1483 2377 proponit.

134 2379 202 2463 tim
242 2379 422 2466 Toletum
461 2406 620 2466 evocat.
667 2387 840 2488 Eorum,
947 2382 1045 2465 VIII.
1103 2380 1310 2466 Civitatum
1338 2381 1450 2498 legati
1465 2409 1598 2466 omnes

135 2498 200 2632 qui
227 2526 466 2601 convenere,
506 2499 648 2614 quique
678 2527 837 2584 necessa
891 2498 967 2582 hoc
1013 2499 1170 2615 vectigal
1211 2500 1456 2612 repudiant,
1490 2501 1597 2585 nobi

134 2615 188 2701 ris
209 2617 322 2701 rebus
351 2613 518 2734 impediti
548 2615 759 2702 Concilio
750 2643 839 2704 mte
892 2616 982 2701 lium
1016 2641 1056 2703 et
1100 2618 1339 2703 sacerdotum
1387 2619 1598 2703 immunita-

133 2762 225 2820 resse
262 2764 344 2821 non
384 2760 624 2852 potuerunt,
663 2735 844 2854 sigillatim
891 2759 970 2822 tem
1017 2762 1057 2821 et
1102 2735 1307 2822 libertatem
1349 2733 1603 2844 labefactans,

135 2881 393 2940 recensentur
870 2879 931 2940 et
956 2854 1138 2939 Carolum
1161 2856 1365 2940 certiorem
1387 2852 1548 2939 faciunt.

194 2975 247 3056 V.
305 2978 453 3059 Coacto
500 2974 611 3092 igitur
650 2970 844 3062 clvitatum
951 2977 1020 3056 IX.
1080 2976 1217 3057 Caesar
1262 2973 1404 3106 legatos
1438 2975 1600 3087 quiesce-

137 3086 346 3206 legatorum
365 3091 551 3197 Concilio,
567 3094 841 3204 JoannesVaz-
894 3119 961 3194 re,
977 3119 1046 3175 nec
1075 3091 1271 3202 amplius
1261 3120 1398 3203 rmussu
1424 3122 1494 3177 suo
1510 3121 1602 3175 con

139 3237 235 3320 quez
267 3210 385 3294 scriba
399 3212 547 3326 regius,
569 3215 727 3295 Caesare
742 3241 845 3324 prae·
893 3208 1020 3294 venire
1054 3206 1180 3316 jubet.
1217 3208 1281 3293 Ad
1306 3215 1479 3294 Proceres
1508 3238 1602 3294 vero

140 3349 240 3411 sente
279 3329 605 3442 atquejubente,
634 3329 846 3443 descripto
894 3327 1113 3411 Antistitum
1141 3327 1311 3411 omnium
1343 3326 1414 3411 sibi
1459 3326 1596 3412 benefi-

140 3445 253 3530 verba
291 3442 413 3548 facit,
442 3446 625 3531 bellorum
655 3475 678 3529 a
702 3448 846 3532 Carolo
894 3445 955 3529 ciis
982 3444 1281 3548 devinctorum,
1315 3444 1489 3558 adeoque
1530 3447 1599 3528 ob·

139 3559 396 3649 confectorum
422 3592 576 3669 causas,
609 3564 780 3650 utilitates
806 3590 844 3651 et
894 3562 1163 3679 sequentium,
1194 3563 1242 3649 de
1273 3563 1369 3646 Sisa
1409 3564 1602 3648 decretum

143 3706 280 3766 sumnus
314 3707 528 3787 memorat,
562 3708 600 3768 et
634 3682 847 3770 Concilium
896 3681 1034 3767 mittit.

142 3801 411 3903 monet,etiam
428 3826 566 3936 atque„
559 3801 845 3886 etiamconside
955 3803 1005 3883 X
1066 3799 1214 3884 Deinde
1252 3798 1440 3911 Joannem
1484 3805 1603 3886 Tave

140 3941 194 4002 ret
208 3917 343 4030 publici
359 3918 571 4033 patrimonii
593 3943 632 4002 et
660 3918 849 4035 regiorum
897 3944 978 4002 ram
1022 3917 1262 4002 Cardinalem
1306 3916 1471 4032 aliosque
1511 3945 1604 4030 qua-

140 4034 375 4152 vectigalium
401 4037 615 4172 angustiaS,
662 4036 846 4123 rovideat
899 4058 987 4118 tuor
1014 4035 1249 4119 Consiliarios
1274 4039 1476 4120 Procerum
1501 4038 1606 4118 Con-

137 4182 249 4269 que,
284 4184 362 4267 qua
401 4158 546 4241 tatione
582 4182 642 4238 aes
689 4154 850 4239 alienum
899 4152 1022 4236 cilium
1054 4154 1155 4247 adire
1184 4153 1405 4268 praecipit,
1434 4176 1479 4236 ut
1517 4152 1602 4236 deli·

135 4272 400 4387 persolvatur,
435 4297 473 4358 et
512 4274 589 4376 111,
617 4272 720 4357 unde
760 4271 853 4358 fiant
902 4271 1057 4377 berandi
1080 4269 1195 4356 ftnem
1220 4213 1422 4383 aliquandi>
1447 4267 1604 4372 faciant,

136 4390 329 4477 necessarii
353 4417 496 4475 sumtus
521 4392 558 4475 in
582 4414 793 4506 posterum.
903 4391 969 4502 qui
994 4374 1166 4474 Proceres
1190 4387 1392 4472 duodecim
1418 4417 1464 4472 cx
1490 4388 1607 4473 omni

217 4513 285 4593 VI.
358 4509 549 4595 Caesar
541 4539 618 4623 rpse
658 4535 776 4624 pauca
813 4508 855 4592 in
904 4507 975 4590 bus
1006 4508 1105 4592 viros
1122 4534 1253 4622 graves
1268 4568 1280 4609 ,
1298 4505 1391 4620 quid
1421 4508 1609 4620 optimum

136 4627 322 4713 eamdem
372 4629 598 4716 sententiam
642 4625 856 4714 summatim
907 4621 1010 4710 factu
1033 4649 1150 4728 esset,
1166 4623 1492 4730 consideraturos,
1517 4625 1612 4712 dato

139 4742 289 4858 adjicit
911 4744 988 4857 11111
1019 4742 1209 4855 jurando,
1226 4742 1465 4862 delegerant.

209 4861 320 4949 Tum.
333 4864 381 4950 Π.
1349 4861 1387 4946 Β
1565 4858 1618 4944 Hi
