4192 5858
490 438 745 521 cauom
776 436 828 518 v,
867 438 991 519 stu.
1033 444 1220 522 xxrrr.
1442 460 1528 544 >251

100 592 263 699 circum
298 631 393 699 non
431 596 644 736 perdere,
682 629 759 696 aut
793 604 957 737 Regno
993 597 1214 737 spoliate,
1240 600 1313 704 sed
1348 603 1405 704 ad
1439 609 1565 736 justi·

103 740 214 842 tiam
247 742 546 880 compellere,
580 749 762 881 ejusque
798 738 1045 881 superbiam
1083 743 1314 882 reprimere
1350 747 1554 872 volebat,

99 921 197 988 non
230 886 393 1027 respuit
427 886 633 1025 prostrati
668 884 845 1026 Regis,
882 922 927 985 et
961 886 1017 986 de
1053 923 1223 988 summa
1259 926 1406 991 rerum
1443 897 1561 1035 peti-

98 1029 286 1133 clitantis
320 1029 499 1170 supplex
535 1030 835 1173 postulatum.
872 1040 1025 1170 Itaque
1059 1031 1177 1173 Regi
1212 1035 1450 1137 renuntiati
1487 1051 1559 1168 ju·

99 1167 212 1294 bet,
240 1209 327 1292 ut,
365 1173 595 1315 quoniam
614 1173 699 1277 suis
731 1171 824 1312 ipse
859 1166 985 1275 malis
1019 1173 1272 1287 admonitus
1307 1181 1362 1280 ad
1397 1183 1559 1284 melio-

97 1353 193 1418 rem
229 1347 426 1421 mentem
461 1319 654 1441 rediret,
688 1352 733 1419 tt
769 1352 940 1459 quanto
990 1358 1094 1421 cum
1141 1359 1220 1420 suo
1268 1323 1466 1461 periculo
1511 1369 1557 1429 se

97 1498 238 1601 nuper
271 1464 330 1563 ad
366 1460 534 1567 bellum
568 1502 647 1606 per
681 1462 888 1594 injuriam
937 1501 1248 1606 provocasset,
1283 1505 1375 1567 non
1425 1469 1555 1612 igna-

97 1643 202 1727 rus,
239 1643 395 1747 pacem
431 1605 488 1708 ab
523 1606 622 1747 ipso
657 1641 854 1746 peteret,
869 1645 911 1706 se
944 1647 1089 1739 rerum
1125 1606 1416 1712 humanarum
1454 1655 1553 1718 me-

97 1787 271 1852 morem
306 1790 400 1853 non
434 1788 668 1870 recusare,
702 1749 814 1892 quin
849 1752 904 1851 de
939 1752 1056 1894 pacis
1091 1754 1425 1856 conditionibus
1459 1761 1554 1901 agi·

97 1930 255 1995 :aretur
279 1894 506 2035 :sproinde
538 1905 730 2038 Legatos
763 1895 913 2033 primo
966 1932 1148 2039 quoque
1196 1933 1400 2039 tempore
1436 1903 1551 2006 viros

97 2075 247 2180 graves
281 2078 389 2140 tum
423 2038 568 2141 liberis
604 2039 820 2142 mandatis
849 2114 863 2154 ,
896 2076 946 2141 ut
980 2042 1036 2144 de
1069 2040 1375 2182 pacificatione
1410 2079 1550 2147 trans-

97 2218 271 2325 gatus,
307 2185 488 2285 mittat.
547 2193 671 2286 Nam
705 2225 785 2305 se,
820 2222 876 2284 ne
924 2185 1047 2286 locus
1087 2186 1195 2285 dolo
1232 2184 1344 2308 fiat,
1381 2186 1549 2294 bellum

97 2366 186 2429 ron
222 2327 601 2449 intermissurum,
637 2368 719 2432 nec
753 2324 812 2429 ab
847 2327 1014 2451 armis,
1048 2365 1288 2474 antequam
1321 2368 1388 2434 res
1424 2373 1549 2436 com-

97 2471 234 2573 >osita
270 2468 555 2614 confectaque
589 2472 675 2592 sit,
712 2472 1024 2575 discessurum.

159 2626 334 2719 XXIX.
425 2618 707 2737 Franciscus,
742 2616 810 2718 his
858 2616 1147 2737 renuntiatis,
1178 2657 1260 2719 nec
1309 2618 1409 2722 satis
1458 2615 1547 2721 lide

96 2757 245 2862 itteris
281 2762 500 2864 Guzmani
534 2758 751 2882 Monachi
784 2757 964 2898 habita,
992 2801 1133 2863 unum
1169 2804 1221 2864 ex
1255 2763 1426 2863 intimis
1461 2763 1548 2866 suis

97 2942 137 3004 n
173 2905 326 3007 Caroli
359 2907 549 3008 Caesaris
585 2941 720 3009 castra
754 2904 905 3028 misit,
943 2906 1023 3050 qui
1059 2908 1114 3008 de
1150 2906 1283 3050 ipsius
1318 2910 1546 3008 voluntate
1610 2956 1612 2961 ·

97 3048 277 3152 tertiora
313 3087 625 3194 cognoscerem
661 3089 750 3192 qua
783 3051 1001 3194 cognita,
1035 3050 1107 3152 ille
1140 3052 1197 3152 ad
1231 3063 1405 3194 Regem
1440 3089 1546 3153 cum

97 3193 320 3295 vionacho
356 3197 566 3322 revertit,
604 3195 839 3338 paucisque
886 3192 1041 3296 diebus
1083 3195 1352 3328 interjectis,
1385 3195 1545 3338 Legati

97 3379 189 3450 εκ,
227 3379 422 3480 quorum
474 3341 720 3484 principem
770 3339 920 3440 locum
956 3337 1225 3441 Almirallius
1259 3376 1305 3440 er
1355 3377 1542 3480 magnus

97 3484 377 3585 Cancellatius
417 3485 661 3606 tenebant,
696 3524 722 3584 a
756 3495 881 3627 Rege
932 3480 1086 3604 missi,
1120 3483 1167 3585 in
1217 3520 1353 3585 castra
1402 3520 1542 3582 vene-

97 3662 220 3749 unt,
257 3667 369 3772 quae
404 3630 591 3732 Carolus
627 3670 654 3729 a
688 3628 928 3731 Sandesirio
962 3666 1183 3749 movens,
1216 3626 1264 3728 in
1301 3626 1403 3726 vico
1445 3663 1577 3729 non.

97 3772 219 3912 onge
276 3815 302 3914 a
351 3775 489 3879 Vitris
538 3808 761 3916 posuerat.
820 3773 886 3874 Hi
932 3810 1034 3872 rum
1068 3772 1292 3873 Fernando
1326 3782 1544 3912 Gonzaga

98 3948 124 4014 t
164 3923 399 4020 Perrenoto
436 3918 650 4020 Granvela
684 3916 1099 4025 voluntate-Caroli
1133 3918 1192 4020 de
1229 3914 1346 4058 pacis
1382 3913 1539 4019 condia·

96 4055 286 4159 ionibus
320 4058 529 4165 collocuti
559 4060 843 4185 ,Xalonem
878 4060 1124 4163 redierunt.
1178 4071 1284 4161 Hoc
1320 4060 1540 4202 oppidum

97 4209 305 4305 datrona.
331 4206 513 4311 flumine
566 4204 734 4311 bonam
784 4243 957 4349 partem
1004 4204 1349 4323 circumluente,
1385 4236 1539 4304 natura

97 4381 168 4446 rat
203 4382 337 4490 atque
373 4390 507 4494 opere
543 4351 800 4470 munitum,
836 4388 880 4452 et
915 4385 1019 4452 tunc
1055 4350 1255 4490 peditum
1291 4384 1397 4448 octo
1433 4346 1538 4445 mil-

97 4495 191 4589 ium
226 4531 269 4593 et
307 4496 427 4596 mille
457 4498 668 4640 equitum
704 4495 930 4635 praesidio
956 4493 1217 4596 tenebatur.
1269 4501 1333 4593 Ex
1370 4490 1437 4605 his
1482 4488 1547 4590 ad-

97 4664 300 4762 ecessum
338 4629 505 4743 ⁷Catol'r·
552 4636 866 4783 quadringenti
912 4639 1079 4778 equites
1126 4637 1318 4780 egressi,
1353 4670 1545 4778 parvum

97 4780 298 4887 traelium
334 4824 439 4905 cum
466 4776 672 4891 totidem·
709 4784 866 4888 nostris
900 4782 1113 4886 Germani
1163 4781 1333 4924 generis
1381 4777 1544 5021 equgi-

1088 4925 1176 5028 lia
1499 4956 1549 5019 us
