4192 5858
476 454 725 538 cnttott
767 452 821 532 v.
865 430 1191 537 Ltu‘xxttr.
1438 454 1520 542 261

107 626 244 763 longa
279 645 322 716 ct
359 609 576 756 pertinace
612 607 846 710 obsidione
882 644 990 709 terta
1029 614 1230 753 marique
1261 606 1466 764 urgentes
1507 662 1573 725 re-

104 769 251 908 cipere
288 793 571 901 potuerunt,
612 792 886 894 quamquam
925 762 1016 882 ejus
1052 759 1114 858 rci
1154 803 1278 865 causa
1325 767 1572 872 triremium

104 910 246 1011 classis
285 944 336 1005 ex
375 902 566 1003 Massilia
599 899 860 1040 longissimo
898 899 1084 999 circuitu
1125 915 1200 1042 pet
1255 904 1416 1008 fretum
1451 925 1570 1015 Het-

93 1056 277 1155 culeum
319 1084 363 1149 et
400 1058 630 1147 Oceanum
663 1084 688 1142 a
725 1055 850 1184 Rege
905 1045 1034 1143 missa
1084 1043 1159 1179 est'
1198 1091 1302 1152 cum
1356 1053 1565 1173 Pollino,

88 1239 225 1337 saepe
262 1238 288 1296 a
324 1191 452 1295 nobis
507 1188 789 1306 nominato,
829 1183 1051 1327 praefecto
1091 1268 1107 1309 ,
1147 1195 1226 1336 qui
1277 1196 1362 1296 toti
1414 1194 1571 1298 officio

104 1340 333 1446 maritimo
371 1370 615 1478 praeesset,
656 1368 704 1431 ut
751 1333 951 1431 Bononia
1003 1334 1114 1434 mati
1169 1377 1352 1480 quoque
1376 1379 1377 1382 ‘
1400 1343 1567 1442 auxilio

108 1484 361 1586 Britannico
422 1517 465 1592 et
519 1474 838 1580 commeatibus
895 1477 1297 1592 intercluderetur3
1343 1484 1417 1582 sed
1474 1521 1573 1625 post

109 1628 320 1731 Francisci
357 1624 633 1763 Henricique
672 1632 852 1762 Regum
899 1620 1078 1725 obitum
1111 1704 1126 1747 ‚
1161 1666 1268 1769 pace
1306 1626 1422 1727 inter
1459 1630 1572 1731 filios

105 1771 351 1874 chticum
398 1804 442 1869 et
482 1768 744 1872 Oduardum
782 1843 797 1884 ,
839 1763 919 1904 qui
966 1768 1161 1905 patribus
1217 1772 1265 1872 in
1319 1772 1483 1873 Galliae
1529 1809 1572 1874 et

104 1916 355 2018 Britanniae
396 1925 554 2054 Regna
590 1943 872 2011 successerant
892 1986 909 2027 ,
928 1905 1075 2031 facta,
1104 1916 1435 2057 quadringentis
1477 1958 1571 2016 scu-

105 2096 304 2162 tatorum
341 2056 535 2157 millibus
596 2053 795 2157 Bononia
849 2054 1044 2154 redemta
1092 2056 1176 2158 fuit
1235 2101 1352 2160 anno
1406 2056 1572 2167 Christi

104 2214 408 2307 M.D.XLIX.
445 2238 494 2303 ut
536 2242 586 2300 ea
617 2197 801 2343 pecunia
838 2193 943 2316 belli
980 2238 1145 2303 sumtus
1190 2245 1216 2304 a
1255 2205 1467 2305 Britanno
1502 2201 1568 2304 fa·
1639 2268 1643 2273 -

110 2387 205 2450 ctus
244 2382 622 2490 compensaretur.

158 2504 260 2596 XL.¹
311 2504 419 2606 Pace
459 2493 570 2592 inter
595 2487 832 2629 Principes
868 2487 1238 2614 Christianos,ut
1275 2529 1573 2596 memoratum

104 2674 204 2758 est,
242 2638 507 2756 constituta,
545 2633 699 2735 Paulus
719 2625 921 2733 Pontifex
959 2635 1155 2774 precibus
1189 2637 1342 2741 Caroli
1379 2639 1574 2740 Caesaris

105 2819 407 2925 expugnatus,
454 2780 650 2922 generale
690 2776 941 2880 Concilium
979 2781 1326 2882 Ecclesiasticum
1379 2781 1574 2900 indicit,

105 2965 155 3028 ac
196 2928 460 3043 Tridentum
506 2922 742 3025 convenite
780 2919 940 3050 jubett
998 2934 1119 3057 cujus
1159 2926 1221 3024 rei
1259 2924 1397 3065 gratia
1431 2936 1573 3041 Caro-

103 3069 205 3189 lus,
243 3110 519 3212 quamquam
560 3069 601 3168 ei
634 3060 861 3166 Pontificis
901 3063 1193 3168 inconstantia
1222 3069 1415 3207 suspecta
1447 3101 1571 3187 erat,

106 3224 230 3345 cujus
264 3215 464 3315 animum
500 3247 684 3313 noverat
720 3207 775 3309 ab
828 3212 1001 3348 agendo
1037 3211 1243 3314 Concilio
1290 3248 1446 3352 sponte
1495 3253 1573 3311 sua

106 3359 258 3498 procul
314 3357 658 3475 abhorrentem,
699 3355 746 3452 in
786 3353 1049 3492 Hispaniam
1097 3392 1244 3457 tamen
1287 3354 1436 3454 scribit
1472 3431 1487 3472 ,
1521 3391 1575 3453 uc

107 3502 314 3644 Episcopi
348 3542 500 3602 omnes
542 3541 630 3602 sese
663 3494 809 3597 itineri
848 3536 1191 3641 compararent,
1226 3538 1443 3639 suumque
1476 3506 1572 3629 jus-

103 3684 200 3744 sum
237 3682 561 3786 exspectarent3
596 3644 669 3744 sed
700 3674 838 3742 certos
880 3645 1146 3744 nominatim
1184 3644 1420 3784 ascriptos,
1461 3680 1571 3781 quos

105 3790 266 3930 opinio
307 3791 529 3890 doctrinae
567 3782 947 3905 commendabat,
984 3790 1130 3928 primo
1173 3828 1356 3929 quoquc
1392 3821 1573 3926 tempo-

105 3970 154 4031 re
188 3935 491 4052 Tridentum,
531 3969 581 4033 ut
620 3933 674 4032 ad
714 3930 834 4029 diem
870 3933 1156 4034 constitutum
1193 3969 1363 4071 praesto
1405 3965 1572 4049 essent,

103 4075 332 4215 proficisci
372 4077 609 4218 praecipit.
670 4075 736 4178 Hi
774 4106 920 4174 autem
956 4072 1133 4178 fuerunt
1167 4084 1316 4176 Petrus
1357 4070 1574 4173 Pachecus

104 4219 348 4360 Episcopus
409 4221 663 4324 Giennensis
708 4279 751 4340 μ,;
792 4206 987 4348 ]αεοὺυε
1042 4220 1183 4322 Alaba
1254 4217 1572 4335 Astuticcnsis,
1630 4334 1646 4366 .

98 4370 325 4498 Joannesv
358 4367 599 4465 Bernatdus
648 4364 1004 4503 Calagurritanus
1040 4443 1056 4483 ,
1091 4363 1331 4463 Franciscus
1377 4367 1573 4462 Navarra
1645 4448 1648 4455 .

104 4506 413 4624 Civitatensis.
457 4517 517 4608 'At
551 4551 605 4620 ue
642 4505 690 4609 hi
729 4503 910 4647 quidem
946 4509 1160 4618 Praesules
1196 4550 1246 4608 ex
1286 4517 1377 4636 jure
1413 4506 1573 4607 Ponti-

101 4646 204 4764 ficio
246 4651 389 4790 petitis
434 4550 618 4793 proiicti
659 4688 755 4753 sunt
772 4712 784 4750 a
825 4661 973 4762 ,Nam
1001 4651 1225 4751 *Thomas
1265 4648 1573 4790 Arcbiepisco⁴

103 4828 182 4932 pus
221 4795 522 4917 Valentinus,
561 4835 602 4898 et
646 4800 866 4905 Antonius
905 4794 1112 4900 Ramirus
1155 4794 1425 4937 Sagoviensis
1462 4792 1572 4930 Epi-

1473 4974 1573 5034 sco-
