4034 5858
473 513 509 568 et
526 495 668 567 domum
689 490 847 562 redeundi
869 489 1066 587 potestatem
1088 484 1141 562 fa·

474 597 544 670 cit.
568 601 615 665 Il.
632 612 690 678 91.
722 595 813 663 Cum
830 589 1005 662 civitatum
1026 588 1141 689 legatis

477 695 650 795 negotium
676 690 840 763 conficere
863 691 954 760 nulla
978 711 1066 759 nova
1090 710 1140 757 ra-

478 797 569 866 tione
588 793 668 864 inita
688 789 854 863 decernit.
877 795 923 860 11.
935 807 996 875 91.
1020 786 1139 858 Omis-

478 895 520 968 sis
543 891 728 988 monopolii
746 891 817 961 salis
839 908 873 960 et
897 908 1049 959 monetae
1074 910 1139 958 au-

478 1019 551 1071 reae
585 990 731 1088 quadam
764 990 892 1090 argenti
923 1008 1015 1085 parte
1052 1006 1140 1058 tem·

476 1094 640 1194 perandae
659 1090 841 1162 rationibus
856 1140 867 1174 ,
881 1088 1139 1185 quadringenta

477 1194 680 1267 ducatorum
711 1189 813 1262 millia
853 1205 946 1259 extra
985 1188 1138 1258 ordinem

476 1292 630 1391 imperari
639 1293 797 1390 postulat,
815 1308 847 1358 et
869 1287 1011 1358 obtinet.
1030 1292 1137 1371 11.91.

477 1392 679 1493 Aegrotanti
700 1389 796 1460 uxori
821 1385 961 1471 assidet,
980 1405 1014 1456 et
1029 1384 1141 1458 medi-

477 1513 628 1566 camenta
641 1491 705 1561 suis
721 1487 874 1560 manibus
894 1485 1075 1557 ministrat.
1090 1488 1139 1556 II.

477 1615 538 1687 94.
568 1592 695 1664 Primus
724 1588 838 1658 mortis
865 1586 1049 1683 periculum
1077 1583 1140 1680 ipsi

477 1692 646 1768 renuntiat
659 1736 669 1757 .
681 1692 728 1759 ΙΙ.
740 1708 801 1779 94.
827 1682 998 1756 Defuncta
1016 1685 1140 1755 Isabel·

478 1795 511 1868 la
534 1792 665 1889 Regina
688 1810 815 1869 uxore,
842 1782 1009 1878 colloquia
1028 1782 1139 1856 homi·

479 1913 562 1965 num
586 1888 735 1960 devitans
748 1937 759 1971 ,
772 1884 948 1978 dolorique
965 1881 1141 1981 indulgens

476 1993 513 2066 in
558 1987 759 2062 coenobium
793 1984 1023 2056 suburbanum
1064 1986 1141 2054 sisla

477 2091 608 2163 dictum
634 2085 777 2158 secedit.
802 2086 847 2153 ll.
869 2089 938 2166 96..
953 2081 1046 2153 Inde
1061 2083 1141 2152 Ma-

478 2190 617 2262 dritium
641 2185 786 2283 Regium
807 2183 970 2278 oppidum
998 2182 1139 2280 migrat.

477 2296 524 2362 ΙΙ.
542 2293 601 2375 96.
625 2283 779 2380 Acceptis
802 2282 915 2352 litteris
942 2281 1068 2352 Mariae
1083 2305 1141 2352 so·

476 2390 560 2462 roris
599 2385 641 2456 de
679 2380 950 2453 Gandavensium
977 2381 1140 2466 motibus,

478 2486 630 2584 Belgium
672 2478 834 2577 proficisci
865 2479 1055 2550 constituit.
1093 2484 1140 2551 11.

480 2605 538 2678 97.
554 2589 586 2656 A
607 2582 787 2654 Gallorum
807 2583 900 2677 Rege
911 2577 1084 2661 invitatur,
1101 2597 1141 2649 ut

479 2708 540 2784 per
562 2682 710 2756 Galliam
722 2679 755 2748 in
772 2679 923 2777 Belgium
946 2676 1141 2763 contendat,

479 2804 581 2879 atque
604 2806 623 2851 a
647 2777 776 2876 Regina
803 2800 915 2848 sorore
931 2775 1020 2846 idem
1040 2801 1142 2877 roga-

478 2901 561 2956 tur.
584 2886 631 2952 II.
660 2899 717 2972 97.
741 2878 921 2949 Gallorum
946 2876 1033 2974 Regi
1063 2900 1144 2975 gra·

479 2983 541 3052 tias
567 3004 682 3078 agens,
699 2998 731 3048 se
745 2974 974 3047 conditionem
1001 2975 1144 3046 libenter

481 3079 628 3174 accipere
649 3073 843 3172 respondet.
860 3079 906 3144 II.
923 3092 979 3160 99.
997 3074 1142 3145 Cuinam

431 3204 436 3210 ·
481 3179 644 3251 castellae
672 3173 942 3271 procurationem
981 3173 1143 3260 mandet,

484 3277 646 3375 ambigit.
670 3279 716 3345 II.
729 3294 787 3360 99.
799 3280 1054 3344 Procuratorem
1072 3279 1145 3344 Ca·

485 3378 595 3448 stellae
628 3371 802 3444 constituit
829 3374 992 3462 Joannem
1032 3376 1066 3442 T
1067 3395 1145 3442 ave-

486 3501 559 3551 ram
586 3497 663 3546 cum
686 3473 793 3543 tribus
814 3470 1037 3553 consiliariis,
1065 3472 1145 3564 qui·

488 3577 550 3648 bus
572 3572 712 3667 Philippi
739 3570 799 3643 filii
831 3593 947 3641 curam
972 3592 1146 3640 commen-

488 3674 571 3756 dat,
594 3673 757 3763 simulque
779 3669 899 3762 Joanni
923 3668 1074 3738 Martino
1096 3670 1147 3740 Si-

486 3774 571 3847 liceo
601 3769 757 3868 magistro
790 3793 869 3840 suo.
903 3772 949 3837 ΙΙ.
979 3790 1055 3836 100.
1083 3773 1148 3840 Pe·

489 3890 645 3946 renotum
667 3870 869 3940 Granvelam
894 3865 1041 3937 Galliam
1058 3889 1150 3962 prae-

486 3972 592 4045 mittit
611 3970 788 4042 Gallorum
813 3965 945 4037 consilia
970 3968 1149 4062 exploran-

487 4073 524 4145 di
546 4092 665 4141 causa.
694 4072 740 4137 Π.
770 4089 846 4136 101.
880 4061 1041 4135 Madritio
1066 4088 1149 4161 pro-

486 4172 593 4245 fectus
608 4166 741 4241 Arevali
757 4165 899 4237 Mariam
917 4165 1149 4257 Joannamque

488 4271 570 4344 filias
587 4267 717 4339 invisit.
738 4271 783 4335 II.
806 4287 883 4333 101.
907 4261 1152 4337 TorsillasRe-

488 4373 601 4469 ginam
630 4386 770 4439 matrem
791 4364 991 4432 salutaturus
1010 4385 1149 4460 progre-

490 4471 603 4540 ditur.
628 4473 674 4538 11.
692 4490 769 4535 102.
797 4461 1009 4532 Valdoliturn
1029 4463 1149 4560 pergit,

491 4589 525 4640 et
540 4567 646 4636 biduo
657 4564 702 4636 ibi
719 4580 946 4634 commoratus
961 4564 1150 4631 Fontemra·

492 4668 582 4741 biam
597 4662 772 4760 procedit,
797 4662 856 4732 ubi
877 4660 1040 4745 Carolum
1065 4660 1150 4731 Gal-

491 4773 601 4843 lorum
629 4760 856 4858 Regisfilium,
873 4778 907 4830 et
924 4766 1059 4831 Annam
1075 4765 1150 4830 Co-

494 4860 698 4944 mestabilem
722 4858 840 4935 obvios
859 4859 980 4953 habet.
1003 4865 1049 4932 ΙΙ.
1071 4882 1150 4931 102.

1243 489 1402 581 Bajonam
1418 385 1679 559 intrabtlblaves
1693 481 1835 555 Caesari
1845 499 1917 553 tra-

1243 589 1397 673 duntur,
1424 586 1568 684 quodin
1583 583 1745 656 omnibus
1776 582 1914 654 castellis

1243 688 1440 786 oppidisque
1482 686 1649 769 Galliae,
1690 705 1906 778 quacumque

1184 794 1187 796 ’
1243 789 1431 873 transibat,
1453 787 1543 878 jussu
1560 786 1662 883 Regis
1690 784 1742 856 lit.
1760 791 1810 856 Π.
1830 807 1901 853 101.

1244 886 1489 986 Burdigalam,
1519 885 1738 969 Pictavium,
1779 882 1905 956 Amba-

1243 987 1324 1059 siam
1351 1037 1363 1072 ,
1396 988 1559 1069 Blaesos,
1595 985 1908 1068 1101111101,Νο-

1241 1090 1310 1160 ctas
1337 1086 1599 1168 transmittitur,
1618 1085 1677 1154 ubi
1719 1082 1912 1155 Franciscus

1242 1192 1319 1261 Rex
1339 1206 1373 1256 et
1396 1186 1527 1286 Regina
1553 1184 1738 1255 obviamei
1768 1205 1909 1283 progre-

1243 1286 1404 1370 diuntur,
1420 1309 1454 1357 et
1477 1283 1764 1356 Fontenoblaeum
1802 1282 1908 1353 dedu·

1242 1405 1344 1456 cunt.
1364 1391 1410 1456 II.
1437 1408 1516 1478 ¹03·
1555 1383 1725 1455 Lutetiam
1752 1379 1908 1455 subeunti

1242 1485 1351 1556 omnis
1373 1485 1487 1556 civitas
1510 1484 1645 1555 obviam
1664 1483 1837 1579 procedit.
1864 1485 1909 1553 11.

1248 1607 1327 1677 104.
1342 1584 1526 1682 singulares
1540 1582 1686 1656 bonores
1709 1581 1908 1683 ingredienti

1243 1683 1375 1755 Caesari
1385 1684 1562 1754 habentur.
1574 1688 1707 1775 II.1o4.
1726 1690 1771 1756 ln
1782 1696 1908 1754 taram

1241 1782 1443 1867 deducitur,
1471 1781 1531 1852 ubi
1559 1783 1716 1875 quotidie
1751 1781 1905 1878 accipitur

1242 1881 1568 1981 magnificentissimo
1581 1902 1749 1980 apparatu
1764 1933 1776 1968 ‚
1788 1883 1902 1981 ipsique

1241 1983 1397 2054 coenanti
1430 2001 1463 2052 et
1488 2005 1606 2052 manus
1641 1984 1774 2054 lavanti
1797 1979 1903 2053 manti·

1240 2084 1271 2154 lc
1291 2081 1336 2153 ad
1359 2080 1583 2153 assiccandum
1612 2129 1624 2164 ,
1654 2083 1737 2154 licet
1758 2083 1818 2154 diu
1839 2103 1906 2178 per·

1241 2181 1432 2254 humaniter
1458 2179 1622 2252 recusanti
1649 2232 1661 2266 ,
1695 2185 1905 2283 Regulontm

1241 2283 1348 2373 major
1370 2299 1453 2354 natu
1482 2279 1735 2352 subministrare
1759 2301 1906 2379 perseve·

1240 2401 1311 2452 rat.
1329 2385 1374 2451 ΙΙ.
1396 2399 1473 2469 105.
1495 2380 1713 2452 Valentianas
1732 2381 1905 2479 oppidum,

1241 2479 1359 2552 deinde
1375 2481 1544 2552 Bruxellas
1559 2481 1751 2552 contendit.
1766 2489 1810 2552 11.
1826 2482 1905 2552 106.

1241 2580 1478 2652 Gandavenses
1500 2581 1628 2678 legatos
1652 2605 1765 2678 parum
1785 2578 1901 2650 leniter

1241 2699 1392 2776 acceptos
1419 2679 1561 2751 domum
1589 2679 1696 2750 redire
1723 2681 1828 2770 jubet.
1850 2679 1896 2745 Π.

1247 2784 1323 2849 106.
1338 2777 1545 2851 Gandavum
1563 2777 1768 2876 ingreditur.
1778 2779 1897 2850 11106.

1242 2877 1476 2950 Gandavenses
1507 2903 1569 2976 pro
1600 2901 1634 2949 se
1674 2879 1787 2951 dicere
1817 2874 1902 2969 jubet

1241 3000 1354 3049 coram
1379 2976 1567 3050 flandrensi
1581 2981 1753 3051 Consilio.
1773 2985 1905 3069 11107.

1241 3076 1399 3170 Jttdicum
1422 3079 1618 3150 sententiam
1640 3079 1675 3150 in
1707 3080 1905 3152 Candacen·

1241 3200 1287 3248 ses
1309 3177 1458 3275 mitigat.
1491 3183 1538 3248 ΙΙ.
1560 3178 1640 3248 108.
1663 3179 1798 3250 Mariae
1819 3203 1903 3249 soro-

1242 3276 1271 3346 ri
1292 3276 1499 3347 clementiam
1522 3277 1590 3365 ejus
1610 3300 1674 3372 pro
1704 3277 1905 3350 Gandaven·

1242 3374 1331 3445 sibus
1346 3375 1537 3471 imploranti
1547 3375 1678 3447 debitas
1691 3399 1818 3472 poenas
1832 3401 1904 3449 con·

1244 3472 1369 3557 donat,
1391 3476 1517 3544 mulcta
1536 3494 1570 3545 et
1593 3476 1908 3574 mitioribuspoenis

1243 3591 1443 3643 contentus.
1489 3575 1535 3643 ΙΙ.
1576 3575 1655 3645 108.
1707 3577 1906 3673 Antuerpiae

1244 3676 1460 3743 Contentum
1474 3673 1669 3743 Bravantiae
1684 3675 1842 3747 Ducatus
1854 3675 1907 3745 ha-

1243 3769 1317 3839 bet.
1354 3774 1400 3838 ΙΙ.
1421 3789 1499 3853 109.
1532 3772 1650 3869 Brugis
1689 3778 1907 3845 Contentum

1244 3866 1445 3938 flandrensis
1471 3870 1665 3942 Comitatus
1701 3872 1829 3944 habet.
1866 3877 1908 3943 11.

1249 3987 1326 4052 109.
1361 3970 1414 4039 Ex
1436 3989 1537 4063 portu
1562 3976 1687 4042 Exclusa
1719 3971 1906 4043 zelandiam

1245 4067 1402 4162 navigat,
1419 4082 1452 4136 et
1469 4090 1556 4163 quae
1582 4092 1669 4167 opus
1691 4092 1771 4141 sunt
1784 4120 1796 4154 ,
1809 4073 1907 4167 impe-

1246 4184 1295 4236 rat
1314 4189 1353 4236 ac
1371 4166 1545 4260 providet.
1573 4172 1620 4237 II.
1644 4188 1727 4254 109.
1756 4176 1795 4241 In
1822 4171 1901 4241 Hol-

1245 4263 1389 4355 landiam
1402 4264 1574 4361 procedit,
1586 4287 1621 4337 et
1633 4272 1771 4368 Hagam
1795 4267 1904 4341 Corni-

1246 4363 1287 4433 tis
1298 4365 1466 4459 pervenit.
1491 4371 1537 4436 II.
1562 4366 1905 4466 109.1'odagrasub-

1245 4461 1323 4533 inde
1361 4484 1531 4535 tentatur.
1563 4471 1610 4536 II.
1644 4492 1729 4540 110.
1764 4470 1910 4539 Hollan-

1246 4560 1318 4632 diae
1351 4584 1384 4633 et
1426 4562 1599 4635 Zelandiae
1634 4572 1835 4640 Conventus
1856 4568 1914 4641 ha-

1247 4660 1322 4732 bet.
1340 4668 1386 4734 ΙΙ.
1409 4687 1486 4735 110.
1499 4661 1715 4738 Gandavum
1732 4670 1912 4740 revertitur.

1246 4765 1292 4830 ΙΙ.
1322 4784 1399 4831 110.
1430 4761 1634 4833 Valentianis
1663 4770 1817 4840 consistit
1843 4770 1915 4841 bae

1246 4858 1494 4936 mortboidibus
1520 4862 1728 4964 impeditus.
1760 4873 1810 4941 Π.
1846 4893 1915 4940 110.
2015 4922 2016 4927 ,
