4034 5858
511 442 592 556 526
659 547 664 554 ‚
881 452 962 532 Dr
1003 451 1215 532 ιιιιιιιι
1255 448 1481 555 ensrrs

457 603 489 734 „
500 615 713 752 imperata
764 618 854 736 ejus
893 688 907 729 ,
943 644 993 708 ut
1052 589 1151 707 mea
1187 605 1468 708 consuevistis
1505 654 1535 727 ‚·
1555 602 1819 708 obedienter
1856 600 1922 704 fa-

457 834 488 879 „
512 754 655 858 ciatis.
703 751 885 857 Valete.
925 753 1154 852 Bruxellis.
1256 815 1259 819 -
1388 769 1393 778 ’

950 945 1253 1047 ιιιιιιιιιιι
1289 900 1416 1038 urst

643 1115 907 1260 srunrur
943 1118 1318 1236 roruroour
1353 1041 1753 1298 coreDurersr

1080 1352 1084 1358 -
1128 1294 1166 1382 s.

519 1483 661 1578 XXII.
727 1471 894 1595 „Quid
931 1381 1116 1575 Carolus
1149 1508 1317 1613 pater,
1350 1482 1592 1612 Imperator
1627 1474 1916 1612 Augustus
1885 1497 1925 1566 et

466 1632 607 1740 „Rex
632 1654 764 1777 ,post
800 1616 983 1756 longam
1020 1613 1382 1715 deliberationem
1417 1616 1473 1714 de
1500 1613 1667 1755 Regnis
1703 1650 1793 1711 surs
1828 1651 1922 1715 con·

466 1836 497 1880 „
515 1763 757 1878 stituerrt,
798 1799 850 1857 ex
891 1759 1044 1857 litteris
1081 1768 1170 1890 ejus
1223 1759 1279 1856 ad
1315 1797 1396 1857 vos
1431 1757 1570 1855 missu
1619 1754 1914 1895 cognoscetis,

422 1946 425 1951 ’
468 1960 499 2021 ,·,
513 1939 562 2001 ιιι
597 1835 809 2001 diuturiris
861 1898 1077 2022 morbis,
1125 1901 1365 2040 quominus
1398 1931 1506 2021 tot
1526 1932 1761 2036 tantaque
1774 1911 1917 2042 Regna

467 2122 498 2164 ‚,
516 2045 646 2144 tantis
682 2042 913 2143 intervallis
965 2043 1170 2143 distincta
1206 2082 1283 2182 per
1337 2083 1382 2141 se
1442 2018 1750 2142 administrare
1800 2078 1921 2184 possit

465 2264 496 2306 „
511 2185 780 2354 impeditus,
818 2218 862 2283 et
898 2186 1033 2285 causis
1086 2184 1329 2287 necessarris
1364 2183 1565 2283 inductus
1612 2221 1754 2282 omne
1806 2224 1921 2288 suunt

464 2381 496 2448 „
511 2339 576 2489 jus
631 2364 674 2426 et
703 2323 959 2466 imperandi
996 2362 1255 2465 potestatem
1282 2326 1341 2425 in
1376 2364 1450 2424 me
1515 2322 1661 2425 filium
1701 2329 1922 2427 transtule

470 2546 501 2590 „
515 2468 585 2569 rit.
624 2481 775 2587 Quam
811 2469 1115 2588 conditionem
1150 2468 1299 2615 accepi
1334 2467 1547 2607 quidem,
1572 2506 1628 2565 ne
1665 2509 1692 2566 a
1728 2469 1919 2606 piaque

464 2688 495 2732 „
514 2612 738 2712 voluntate
765 2607 1094 2751 ἀίιειεΡιιειιιι
1125 2612 1248 2711 dolui
1280 2645 1459 2728 tamen,
1488 2618 1670 2747 ejusque
1704 2605 1918 2714 fortunam

466 2831 498 2875 ‚,
514 2787 609 2855 tum
644 2754 808 2894 ipsius,
843 2789 940 2854 tum
977 2752 1240 2915 reipublicae
1283 2792 1407 2853 eausa
1441 2687 1643 2913 lacrymis
1677 2788 1920 2894 prosecutus

466 2969 498 3019 ,‚
513 2934 642 3003 sum,
668 2896 947 3036 dignissimus
982 2898 1105 2996 enim
1141 2933 1230 2998 erat
1263 2895 1469 3035 Princeps
1503 2895 1738 3034 optimus,
1762 2934 1904 2996 etma

469 3038 729 3158 „ximarum
764 3076 905 3138 rerum
954 3075 1037 3138 usu
1090 3039 1307 3177 omnique
1350 3037 1510 3137 virtute
1546 3074 1813 3176 praestans,
1860 3036 1923 3137 cui

470 3177 689 3307 „firmior
725 3214 767 3278 et
801 3182 1067 3281 constantior
1103 3180 1309 3281 valetudo
1346 3179 1629 3340 contigisset,
1662 3215 1713 3278 ut
1749 3181 1799 3279 in
1838 3215 1922 3279 tan-

470 3355 562 3443 „ta
597 3357 848 3462 tempotum
901 3337 1033 3464 atque
1063 3321 1367 3422 hominum
1356 3322 1587 3460 iniquitate
1639 3360 1734 3420 non
1790 3323 1924 3422 solum

471 3540 503 3586 „
519 3503 593 3564 sua
626 3474 823 3605 Regna,
847 3466 915 3565 uti
965 3506 1008 3564 se
1062 3464 1248 3618 dignum
1300 3499 1427 3583 erat,
1464 3462 1824 3585 administraret,
1858 3464 1922 3563 sed

284 3593 286 3597 ¹
341 3715 342 3718 Ν
470 3604 716 3746 „publicae
751 3605 1102 3710 Christianorum
1135 3607 1278 3737 saluti
1326 3601 1453 3707 ferret
1505 3645 1685 3746 opem,
1717 3647 1767 3706 ac
1805 3543 1922 3709 Reli·

470 3822 504 3874 ,‚
519 3749 664 3888 gioms
700 3784 744 3847 et
779 3750 1022 3869 Ecclesiae,
1062 3758 1183 3879 cujus
1233 3785 1320 3848 erat
1370 3749 1751 3867 studiosissimus,
1785 3748 1922 3907 digni·

472 3965 506 4014 „
519 3890 602 4002 tati
637 3925 680 3988 et
688 3891 966 4030 integritati
988 3893 1250 4012 consuleret.
1310 3891 1393 3993 Sed
1429 3929 1706 4033 quamquam
1750 3891 1924 4030 integris

475 4043 610 4163 „ejus
647 4030 811 4131 viribus
845 4071 961 4134 meas
997 4035 1177 4173 longe
1166 4072 1350 4173 impares
1387 4074 1477 4134 esse
1513 4072 1774 4175 cognosco,
1804 4072 1923 4132 cona·

477 4174 607 4296 „bor
642 4208 789 4275 tamen
824 4213 910 4315 ope
947 4176 1096 4277 divina
1132 4173 1304 4294 fretus,
1339 4212 1390 4275 ut
1427 4179 1618 4308 ejusdem
1657 4177 1716 4276 de
1762 4216 1830 4277 me
1860 4182 1927 4303 ju·

479 4395 510 4439 „
526 4318 644 4418 dicio
681 4355 723 4416 et
758 4318 994 4419 commisso
1031 4319 1201 4418 muneri
1239 4254 1527 4439 satisfaciam,
1563 4355 1615 4418 ut
1651 4316 1726 4419 his
1759 4320 1825 4419 ille
1859 4353 1931 4414 cu

327 4516 333 4539 ι
477 4462 583 4584 „ris
618 4495 663 4558 et
696 4459 1049 4564 solicitudinibus
1085 4462 1317 4622 exglicatus
1358 4459 1532 4562 liberius
1582 4463 1725 4598 possit
1778 4497 1932 4600 corpo-

479 4679 509 4721 „
529 4602 599 4699 ris
619 4642 662 4701 et
698 4605 867 4703 animae
904 4605 1029 4703 saluti
1065 4605 1250 4725 servire,
1249 4643 1415 4744 seque
1450 4607 1507 4704 ad
1542 4603 1764 4731 rationem
1800 4599 1934 4703 facto·

484 4781 632 4866 „rum
668 4777 711 4844 et
757 4746 1042 4867 consiliorum
1064 4760 1225 4875 DeO,
1264 4786 1367 4847 cum
1416 4747 1507 4871 vita
1556 4747 1822 4866 excesserit,
1860 4782 1938 4885 qua

1807 4925 1940 5011 „nra-
