4110 5888
630 385 1134 464 SUMMAR'IUM.
1533 394 1594 463 XI.

127 506 313 617 Carolus,
339 520 410 613 ut,
448 532 592 624 praeter
621 531 847 595 consuetum
1113 519 1227 611 Lm,
1264 518 1404 613 XIX,

125 629 337 733 tributum,
386 662 445 711 co.
476 629 700 714 ducatorum
737 626 847 711 millia

126 749 298 862 proximo
334 776 439 831 anno
467 746 740 836 contribuenda
777 745 845 829 im-
961 752 988 832 Ι.
1054 708 1227 837 Interea
1254 753 1526 841 Gandavenses
1550 755 1613 840 tri·

126 891 279 981 perent.
325 866 467 952 Ceteris
498 865 749 953 annuentibus
777 864 845 949 soli
900 861 1000 951 buris
1029 898 1141 982 supra
1171 872 1332 956 modum
1370 873 1514 988 gravati
1559 902 1611 959 re-

128 990 336 1102 Burgenses
363 1013 452 1070 cum
499 983 847 1069 Salmanticensibus
899 981 968 1067 bus
1012 988 1121 1073 novis
1152 991 1336 1092 student,
1367 990 1415 1075 de
1443 1020 1609 1106 quorum

129 1100 385 1221 refragantur.
425 1102 478 1188 Illi
518 1128 675 1208 tamen,
708 1100 843 1217 quibus
898 1101 1065 1190 motibus
1087 1107 1223 1192 certior
1254 1106 1373 1193 factus
1390 1112 1548 1212 Caesar,
1565 1111 1611 1194 si·

128 1222 185 1310 vel
219 1221 409 1310 ordinaria
442 1220 580 1307 tributa
605 1220 722 1338 Regia
757 1220 839 1305 libe-
897 1221 1052 1339 mulque
1084 1255 1107 1309 a
1137 1227 1251 1342 Rege
1284 1226 1486 1311 Gallorum
1514 1227 1606 1315 invi-

130 1341 270 1427 ralitate
323 1339 606 1426 remittebantur
640 1402 652 1447 ,
697 1338 842 1428 solvere
897 1363 995 1426 tatus
1021 1404 1033 1446 ,
1062 1367 1107 1429 ut
1146 1374 1214 1458 per
1254 1375 1342 1430 suos
1379 1342 1471 1428 fines
1508 1370 1607 1432 recta

132 1484 345 1576 coguntur.
897 1458 1184 1578 brevissimaque
1239 1463 1300 1550 via
1349 1463 1388 1548 in
1435 1462 1607 1578 Belgium

172 1581 278 1663 XXI.
325 1583 431 1663 Dum
457 1578 550 1664 haec
564 1574 688 1663 Toleti
711 1603 843 1694 geram·
894 1581 1129 1688 contcndat,
1155 1581 1239 1668 illuc
1269 1580 1450 1699 proficisci
1475 1584 1606 1669 consti·

129 1724 212 1803 rur,
232 1697 453 1783 inusitatum
483 1696 583 1784 adeo
613 1691 728 1813 frigus
750 1701 840 1781 Bne·
895 1697 986 1784 tuit.

128 1817 237 1901 ticam
280 1816 427 1901 invadit
457 1876 469 1919 ,
505 1839 548 1899 ut
602 1814 754 1898 arbores
778 1813 840 1898 ci·
952 1821 1009 1900 ll.
1085 1816 1285 1904 Gallorum
1330 1819 1458 1932 itaque
1507 1822 1605 1937 Regi

128 1959 255 2040 treae,
281 1935 417 2038 oleae,
460 1932 552 2020 vites
592 1955 631 2019 et
654 1932 767 2018 etiam
794 1932 840 2018 ili-
894 1935 1030 2050 gratias
1056 1965 1198 2053 agens,
1215 1966 1253 2022 se
1284 1936 1543 2023 conditionem
1566 1941 1607 2026 li·

129 2081 185 2138 ces
216 2052 443 2139 exaruerint.
894 2052 1027 2138 benter
1052 2056 1219 2168 accipere
1250 2053 1473 2168 respondet.

184 2174 310 2256 XXII.
370 2169 535 2256 Gonzali
549 2167 733 2255 Fernandi
748 2169 837 2254 Cor·
918 2176 1013 2257 III.
1073 2171 1253 2258 Ceterum
1271 2235 1283 2279 ,
1300 2175 1450 2258 culnam
1474 2199 1512 2256 se
1540 2170 1602 2256 ab·

128 2284 254 2375 dubae
289 2290 470 2408 ,Magni
505 2288 621 2374 Ducis
665 2287 838 2401 nepotis,
891 2291 995 2374 sente
1053 2290 1236 2377 Castellae
1298 2288 1602 2407 procurationem

128 2408 280 2523 nuptiae
323 2436 412 2494 cum
444 2405 623 2493 francisci
663 2405 763 2492 Covi
796 2404 840 2491 fi·
893 2407 1076 2514 mandet,
1099 2410 1255 2527 ambigit
1271 2472 1284 2514 ,
1299 2439 1370 2496 nec
1399 2414 1601 2510 Procerum

129 2523 202 2630 lia,
227 2527 373 2612 Carolo
410 2527 491 2642 ipso
520 2523 703 2641 sponsalia
728 2525 840 2613 dcco·
891 2526 1068 2642 cuiquam
1083 2531 1395 2615 committendam
1406 2528 1603 2613 existimat.

129 2670 254 2729 rante.
283 2643 464 2757 Ejusdem
495 2643 672 2731 Francisci
696 2672 835 2760 genus,
967 2649 1036 2730 IV.
1106 2648 1295 2758 Joannem
1324 2648 1435 2765 igitur
1478 2652 1604 2732 Tave-

128 2760 218 2849 fides
235 2826 248 2869 ,
265 2764 485 2873 consilium,
512 2761 692 2851 industria
722 2785 762 2849 et
775 2791 840 2850 co·
892 2791 972 2848 ram
996 2761 1328 2880 Archiepiscopum
1369 2770 1406 2849 T
1407 2764 1601 2850 oletanum

131 2881 258 2967 miras.
893 2880 1074 2967 Castellae
1127 2909 1411 2997 procuratorem
1468 2883 1604 2968 consti·

188 3003 327 3085 XXIll.
384 3000 560 3088 lrabellae
574 2999 742 3117 Reginae
760 2998 837 3083 obi·
892 2999 989 3106 tuit,
1020 3025 1208 3115 equestres
1241 3001 1464 3087 consiliarios
1498 3000 1600 3085 attri-

130 3142 213 3222 tus,
250 3145 290 3203 et
319 3121 495 3207 virtutes.
541 3120 611 3235 Ipsi
643 3142 840 3235 aegrotari·
891 3118 973 3202 buit
1002 3120 1143 3203 Osomi
1167 3120 1387 3221 Comitem,
1411 3121 1600 3231 Joannem

133 3237 159 3320 ti
190 3236 349 3322 Carolus
381 3240 513 3325 assidet
545 3300 557 3343 ,
596 3237 840 3322 medicamen·
890 3237 1103 3354 Zugnigam
1132 3298 1143 3341 ,
1176 3263 1215 3323 ct
1257 3240 1487 3322 Franciscum
1520 3239 1598 3320 Co

132 3377 169 3438 ta
213 3355 393 3443 ministrat
424 3357 595 3463 ,mortis
635 3353 840 3471 periculum
890 3385 1002 3441 vum.
1051 3355 1209 3471 Philippi
1241 3384 1335 3444 vero
1371 3355 1432 3440 lilii
1468 3383 1598 3439 curam

132 3476 337 3559 renuntiat.
889 3473 946 3558 his
981 3473 1154 3558 omnibus
1195 3475 1500 3561 commendatam
1545 3500 1596 3556 re·.

189 3594 335 3678 XXIV.
384 3594 551 3710 Reginae
569 3591 730 3679 cadaver
746 3595 840 3676 Gra·
890 3591 1052 3706 linquit,
1088 3591 1270 3706 simulque
1298 3592 1438 3706 Joanni
1464 3589 1596 3673 Marti·

134 3736 256 3794 natam
273 3710 454 3817 effertur,
480 3711 595 3795 tribus
621 3710 838 3825 Episcopis,
889 3737 944 3794 no
973 3709 1101 3794 Siliceo
1126 3711 1291 3822 ejusdem
1312 3711 1516 3794 litterarum
1531 3714 1599 3793 La·

133 3827 276 3940 Jacobo
294 3830 463 3915 Pacheco
480 3891 492 3934 ,
510 3827 689 3914 Scalonae
705 3835 838 3935 Duce,
890 3827 1054 3913 tinarum
1084 3888 1096 3931 ,
1129 3852 1169 3912 et
1197 3829 1406 3915 studiorum
1451 3855 1495 3912 ac
1519 3825 1598 3911 reli·

133 3970 171 4031 ct
198 3949 392 4055 Francisco
421 3948 610 4064 Borgiae,
637 3947 840 4059 Lombaiae
891 3946 1011 4062 gionis
1040 3945 1236 4062 magistro.

133 4066 385 4171 Marchione,
425 4063 621 4151 famebrem
660 4095 841 4181 pompam
950 4067 1001 4148 V.
1062 4065 1253 4154 Perenoto
1277 4060 1481 4148 Granvella
1511 4060 1600 4148 Gal·

130 4185 459 4300 prosequentibus.
510 4183 669 4270 Carolus
714 4183 836 4268 dolori
891 4179 1016 4267 lorum
1041 4182 1190 4268 consilia
1234 4180 1450 4296 explorandi
1487 4206 1598 4264 causa

131 4303 401 4420 indulgensin
441 4304 671 4388 coenobium
713 4304 840 4386 subur·
893 4298 1119 4414 praemisso,
1146 4304 1282 4385 Caesar
1308 4300 1384 4411 ipse
1413 4298 1597 4383 Madritio

130 4423 311 4524 banum,
344 4421 452 4503 Sislo
489 4422 657 4525 dictum,
686 4420 842 4522 secedit,
894 4417 1082 4531 profectus
1129 4416 1332 4505 Arevalum
1365 4416 1469 4502 venit
1497 4478 1508 4521 ,
1534 4415 1599 4500 ubi

130 4541 237 4624 unde
282 4538 503 4625 Madritium
525 4539 695 4656 ‘Regium
740 4538 841 4651 oppi·
895 4534 984 4620 filias
1036 4534 1198 4618 Mariam
1234 4534 1497 4649 Joannamque
1539 4537 1599 4618 in-

133 4657 232 4742 dum
267 4657 426 4774 migrat.
671 4684 703 4725 a
896 4654 997 4742 visit.
1027 4652 1196 4769 Adagiae
1221 4651 1326 4742 fluvii
1351 4656 1487 4737 Areva
1511 4652 1602 4752 olim

328 4804 339 4818 ³
826 4834 831 4840 -
899 4772 986 4858 dicti
1008 4800 1161 4858 cursus.

1316 4892 1389 4978 Bt.
1549 4893 1608 4972 Ex
