4170 5866
551 410 635 501 172
919 398 1002 479 uu
1043 396 1254 477 rurus
1302 395 1529 478 onsrrs

508 555 751 704 patranda,
786 549 904 659 Rex
917 587 1100 673 tamen,
1136 587 1185 653 ut
1221 551 1480 652 Montisone
1517 590 1542 650 a
1577 546 1785 654 Concilio
1827 550 1971 656 confi-

511 737 719 820 ceretur,
757 694 1040 862 postulabam
1075 697 1147 800 cui
1196 696 1387 797 novitati
1423 704 1727 839 Aragonenses
1778 699 1972 800 maxime

514 847 720 949 omnium
749 883 799 942 ac
836 841 999 942 diutius
1030 838 1320 956 obstiterunt.
1357 843 1434 942 Sed
1472 878 1572 983 post
1608 842 1862 945 diuturnam
1888 846 1972 946 de<

516 988 853 1106 liberationem,
885 986 1091 1087 consultis
1127 1024 1203 1127 per
1251 984 1407 1087 litteras
1457 1020 1501 1084 et
1549 987 1725 1088 nuntios
1777 987 1973 1088 civitati-

519 1134 633 1254 bus,
672 1132 961 1233 constitutum
1012 1166 1107 1248 est,
1142 1165 1194 1230 ut
1229 1117 1515 1270 Philippus
1503 1168 1550 1230 m
1586 1129 1792 1231 Concilio
1841 1133 1975 1234 Prin

519 1317 619 1420 ceps
657 1275 786 1377 ab
750 1315 810 1375 ers
846 1311 923 1413 per
959 1283 1058 1373 suos
1092 1209 1293 1414 legatos,
1329 1313 1440 1413 quos
1475 1278 1657 1397 Syndicos
1693 1312 1885 1394 vocant,
1906 1316 1974 1376 sa-

520 1423 761 1536 lutaretur,
799 1419 903 1519 dato
948 1418 1266 1585 jurejurando,
1303 1456 1346 1515 se
1380 1416 1636 1559 Philippum
1685 1456 1786 1560 post
1821 1419 1976 1523 Caroli

520 1566 653 1706 patris
690 1562 912 1664 obitum
902 1602 950 1663 ιιι
985 1563 1136 1664 locum
1172 1567 1262 1696 ejus
1291 1572 1468 1731 Regem
1508 1596 1790 1703 accepturos,
1826 1561 1975 1666 fideli-

520 1745 670 1851 terque
705 1708 917 1869 imperata
950 1701 1170 1820 facturos,
1206 1737 1249 1803 et
1285 1714 1376 1837 jam
1420 1746 1534 1808 nune
1584 1707 1737 1807 omnia
1789 1703 1974 1834 officia,

523 1893 635 1993 quae
669 1849 881 1990 Principis
918 1850 1106 1992 dignitas
1141 1886 1183 1951 et
1219 1849 1450 1951 auctoritas
1488 1850 1754 1992 postularet,
1789 1853 1975 1992 praesti-

505 2030 678 2104 turos,
715 1995 787 2093 sed
825 2034 874 2093 ea
911 1992 1039 2135 lege,
1076 2029 1127 2095 ut
1160 1992 1286 2155 ipse
1288 2029 1368 2095 tres
1405 2032 1668 2096 memoratas
1710 1995 1838 2097 urbes
1890 1995 1972 2096 ad·

519 2139 630 2259 iret,
664 2176 948 2301 praesensque
983 2136 1240 2281 singulas
1203 2136 1400 2239 civitates
1432 2139 1499 2240 in
1545 2136 1679 2240 fidem
1730 2140 1968 2279 reciperet,

521 2323 652 2441 seque
687 2281 845 2384 illis
804 2281 994 2383 vicissim
1029 2283 1141 2423 leges
1189 2317 1421 2423 moresque
1472 2283 1634 2446 patrios
1671 2317 1713 2383 et
1747 2284 1973 2425 privilegia

523 2465 690 2526 servare
720 2427 997 2559 jurejurando
1035 2427 1333 2588 polliceretur
1371 2439 1489 2528 Cum
1524 2428 1658 2590 igitur
1693 2427 1823 2568 legata
1849 2426 1974 2566 quod

509 2605 614 2686 ,etat
648 2608 820 2670 suarum
857 2569 1046 2734 partium
1082 2609 1130 2670 ιιι
1164 2571 1401 2671 Concilio
1414 2574 1708 2715 peregissent,
1745 2569 1974 2733 Philippus

523 2726 907 2876 Caesaraugustam
942 2715 1098 2834 venit,
1135 2720 1308 2851 Joanne
1345 2717 1552 2878 Zugniga
1605 2755 1782 2818 morum
1836 2714 1974 2854 ipsrus

373 2885 377 2890 ·
522 2859 769 2999 magiam,
805 2898 993 3026 magnae
1028 2895 1125 2960 turn
1162 2860 1450 2999 prudentiae,
1488 2899 1585 2963 tum
1637 2861 1769 2960 etiam
1816 2895 1976 2959 aucto-

524 3002 658 3101 citatis
694 3001 824 3124 viro,
860 3013 980 3137 cujus
1015 3004 1200 3105 consilio
1237 3036 1393 3104 cuncta
1427 3003 1736 3167 gerebantur,
1773 3002 1977 3141 itemque

523 3124 745 3248 Francisco
796 3148 1069 3263 Mendoza,
1106 3185 1149 3248 et
1185 3153 1363 3281 Joanne
1412 3149 1607 3250 Mattino
1643 3147 1798 3250 Silieeo
1835 3145 1979 3245 Gien-

523 3291 680 3408 nensi,
717 3328 760 3390 et
795 3225 1121 3432 Carthagineirsi
1156 3292 1379 3432 Episcopis
1414 3289 1744 3395 assectantibus

594 3445 701 3533 XX
774 3435 987 3536 Postridie
1020 3438 1118 3535 Idus
1154 3434 1365 3536 Octobris
1410 3434 1635 3578 Philippus
1672 3445 1979 3596 Caesaraugu³

523 3611 635 3678 stam
685 3579 869 3720 attigit,
904 3619 986 3681 nec
1035 3615 1183 3679 tamen
1233 3580 1390 3679 eodem
1442 3581 1514 3680 die
1560 3576 1776 3681 urbem
1765 3579 1982 3699 intravit,

522 3759 604 3819 nec
637 3760 819 3893 pontem
856 3721 1088 3825 alluentem
1121 3723 1299 3825 Iberum
1334 3725 1538 3855 trajecit,
1576 3724 1647 3824 sed
1684 3721 1855 3821 Gallico
1892 3718 1982 3823 flu·

523 3864 638 3983 vio,
671 3867 748 4006 qui
784 3876 905 3997 juxta
940 3865 1139 4009 infraque
1173 3879 1562 4009 Caesaraugustam
1597 3863 1771 3966 Iberum
1807 3861 1980 4027 influit,

522 4046 699 4150 eratque
733 4050 810 4151 per
846 4051 889 4109 se
924 4009 1066 4112 nihilo
1102 4051 1235 4114 sectus
1289 4011 1417 4114 lintre
1452 4007 1842 4129 transeundus,
1800 4044 1981 4133 vrtato,

521 4155 657 4293 paulo
691 4150 868 4254 inferius
904 4155 1067 4255 duo
1031 4146 1198 4257 crrciter
1233 4155 1289 4256 ab
1324 4153 1433 4255 urbe
1469 4154 1605 4254 millia
1640 4191 1843 4294 passuum
1880 4151 1983 4252 Ibe·
2017 4177 2020 4186 '

522 4335 623 4398 rum
662 4336 754 4400 rate
802 4299 1000 4462 trajecit3
1038 4336 1080 4399 et
1115 4312 1273 4400 Senatu
1322 4339 1371 4399 ae
1407 4297 1737 4441 Magistratibus
1791 4294 1982 4397 obviam

522 4443 807 4602 progressis,
836 4444 882 4543 in
917 4443 1182 4583 praetorium
1233 4385 1572 4561 suburbanum,
1615 4481 1725 4581 quae
1762 4451 1802 4539 A
1803 4440 1982 4576 graserra

521 4583 715 4706 dicitur,
750 4587 990 4706 deductus,
1025 4588 1121 4702 ibi,
1159 4589 1265 4685 dum
1302 4588 1453 4686 omnia
1494 4620 1781 4725 pararentur,
1820 4624 1980 4724 exspe-

519 4729 683 4829 ctavit.
721 4728 807 4832 Die
843 4731 1000 4851 tertio,
1020 4732 1101 4872 qui
1136 4731 1241 4833 divo
1267 4739 1407 4831 Lucae
1443 4725 1575 4830 festus
1603 4725 1840 4872 agebatur,
1869 4767 1981 4829 cunr

1904 4910 1975 4973 cr-
