4034 5858
78 510 163 560 -rum
187 387 442 558 Marchioiiii
471 482 618 557 Galliam
646 484 753 558 Cisal-

87 589 199 685 pinam
224 585 456 656 deducendam
474 586 596 657 tradit.
624 591 652 655 1.
672 604 753 669 209.

80 694 251 786 vLegatum
285 684 326 754 de
370 685 518 756 liliorum
559 685 754 756 liberatione

85 787 130 858 ad
155 787 319 857 Carolum
339 785 464 855 mittit.
497 789 526 854 1.
555 808 636 877 230.
678 785 783 854 Bel-⁸

77 887 156 957 lum
178 882 330 955 adversus
350 888 517 956 carolum
541 885 625 981 gerit
647 904 752 980 paene

82 986 296 1057 continenter
311 1004 434 1080 septem
447 1008 551 1055 annos
561 1003 753 1077 numquam

79 1083 271 1155 indictum.
306 1089 334 1153 1.
361 1105 444 1178 234.
472 1087 638 1156 Carolum
661 1088 751 1153 Cae·

80 1207 187 1257 sarem
211 1183 330 1278 scripta
353 1186 489 1280 epistola
517 1183 560 1255 ad
587 1183 750 1281 singulare

80 1303 248 1355 certamen
276 1300 455 1378 provocat.
479 1286 508 1353 1.
526 1288 608 1377 236.
633 1283 750 1354 Publi·

82 1407 157 1455 eam
186 1382 288 1455 fidem
312 1385 395 1479 petit
412 1383 456 1454 ad
475 1385 599 1454 litteras
624 1407 682 1479 per
697 1405 751 1455 ea·

38 1534 42 1542 -
82 1481 304 1553 duceatorem
333 1486 461 1553 Carolo
485 1482 664 1554 mittendas
676 1526 689 1548 -.
718 1487 747 1553 1.

83 1604 165 1677 237.
194 1583 312 1653 Multis
340 1582 417 1652 viris
440 1582 642 1679 principibus
669 1604 748 1652 con·

80 1679 226 1764 ‘uocatis,
243 1683 390 1764 Caesaris
413 1681 667 1753 caduceatorem
696 1680 749 1751 in·

79 1781 217 1852 ‘troduci
254 1780 379 1869 jussum
416 1778 603 1852 furentibus
637 1779 745 1850 ,verbis

81 1879 295 1978 interpellat.
324 1885 352 1950 Ι.
370 1899 454 1972 241.
484 1888 598 1977 Ipsum
611 1900 675 1951 ‘nec
690 1898 748 1949 au·

80 1977 166 2061 dita,
187 2002 247 2049 nec
275 1999 405 2074 recepta
421 1980 557 2076 epistola
582 1980 666 2048 male
692 1977 746 2048 di-

81 2077 212 2149 mittit.
241 2081 269 2144 1.
291 2099 373 2166 242.
402 2084 442 2148 In
468 2084 626 2176 Regnum
654 2080 746 2148 Nea-

81 2175 269 2272 politanum
283 2178 431 2246 animum
449 2176 602 2248 intendit.
620 2183 648 2247 1.
664 2195 746 2269 249.

82 2274 245 2389 Captivos
258 2298 373 2368 ,quus
392 2277 500 2346 Doria
534 2295 663 2372 ceperat
680 2294 745 2360 ‚ut

80 2373 141 2446 sibi
155 2371 343 2458 tradantur,
358 2375 560 2446 illiberaliter
577 2376 744 2473 postulat.

81 2478 110 2544 Ι.
142 2477 224 2563 264.
269 2473 487 2568 solymanum
507 2524 519 2558 ,
539 2497 578 2545 ut
602 2474 743 2570 suspicio

80 2570 145 2643 fuit
161 2621 171 2653 ,
189 2569 232 2641 ad
257 2572 381 2643 bellum
403 2570 556 2645 adversus
581 2574 744 2645 Christia-

79 2695 142 2741 nos
176 2671 339 2742 solicitat.
377 2679 405 2742 Ι.
435 2696 513 2765 310.
542 2673 602 2745 Ad
625 2671 743 2743 Caroli

79 2770 279 2866 legationem
317 2770 359 2842 de
390 2771 478 2842 bello
509 2772 659 2842 Turcico
693 2794 743 2840 re-

78 2864 245 2963 spondet.
275 2874 302 2938 Ι.
324 2892 403 2961 3¹2·
431 2867 537 2940 Edito
552 2888 743 2963 excusaque

80 2968 194 3040 libello
218 2968 436 3063 suspicionem
459 2968 501 3039 de
523 2969 686 3040 solicitato
699 2968 742 3041 ad

81 3067 206 3139 bellum
240 3069 420 3165 Solymano
455 3068 514 3140 sibi
550 3067 742 3140 diluendam

81 3186 198 3265 putat.
215 3170 331 3260 I.312.
347 3167 500 3240 Pontifici
514 3167 665 3239 Maximo
675 3169 743 3257 ejus

79 3266 243 3338 auxilium
264 3265 309 3337 ad
332 3267 456 3339 bellum
473 3266 657 3338 Turcicum
684 3286 742 3363 pe·

79 3364 164 3436 tenti
179 3362 343 3465 denegat.
358 3370 386 3438 1.
407 3387 487 3459 342.
499 3369 609 3463 Negat
623 3366 682 3437 sibi
699 3367 744 3438 li-

81 3488 154 3536 cere
174 3463 362 3560 quidquam
384 3469 437 3541 vel
466 3467 579 3537 auxilii
601 3466 653 3535 vel
679 3466 741 3535 tri·

76 3563 248 3645 'remium,
274 3589 360 3658 quae
381 3589 422 3638 ex
446 3563 579 3637 foedere
616 3569 741 3636 Came·

81 3660 206 3734 racensi
218 3665 441 3758 petebantur,
465 3663 509 3735 ad
533 3666 656 3737 bellum
669 3668 742 3736 Tu·

81 3781 215 3831 netense
226 3763 430 3835 submittere.
446 3764 560 3857 I.351.
576 3762 741 3860 Hispanos

80 3882 124 3930 ex
150 3861 287 3959 remigio
313 3861 476 3934 abductos
513 3864 665 3935 libertate
706 3880 741 3934 et

80 3958 215 4056 singulis
230 3961 329 4030 etiam
346 3961 426 4060 sagis
440 3961 568 4032 donat.
600 3968 630 4031 Ι.
654 3981 739 4052 405.

80 4055 250 4131 Nuntiato
261 4057 398 4131 Sfortiae
413 4060 512 4130 obitu
526 4110 538 4143 ‚
550 4059 631 4131 nihil
652 4062 742 4134 inex-

79 4175 213 4255 pertum
226 4158 408 4250 relinquere
424 4158 561 4242 statuit,
577 4159 673 4253 siqua
689 4185 742 4233 ra·

79 4256 173 4327 tione
194 4255 293 4352 possit
320 4257 449 4327 aditum
469 4256 528 4329 sibi
551 4255 595 4328 ad
611 4258 742 4332 Medin-

78 4354 245 4426 lanensem
271 4356 443 4427 Ducatum
472 4358 606 4453 aperire.
623 4366 740 4450 I.411.

79 4455 233 4526 Precibus
259 4476 381 4553 agere,
410 4477 567 4554 magnam
585 4459 742 4552 pecunia·

81 4575 158 4624 rum
177 4555 246 4624 vim
269 4551 415 4638 offerre,
437 4557 534 4626 simul
559 4560 743 4654 periculum

81 4648 180 4722 armis
218 4674 382 4726 ostentare
417 4657 544 4729 Carolo
576 4656 742 4729 instituit.

81 4755 113 4824 Ι.
142 4771 226 4838 411.
265 4755 443 4842 legionarios
471 4755 635 4850 quosdam
670 4780 745 4829 suos

81 4848 202 4924 milites
219 4852 374 4952 appellari
400 4856 496 4931 vult.
515 4857 546 4929 1.
559 4880 646 4953 412.
672 4861 755 4935 151--

848 483 990 557 ercitum
1008 482 1157 567 conficit,
1174 483 1228 555 cui
1239 479 1386 579 praeficit
1401 484 1511 559 Almi-

848 585 993 667 tullium,
1016 585 1100 654 etin
1118 584 1316 655 Sabaudiam
1337 607 1512 680 properare
1556 664 1566 672 ,

846 683 959 772 jubet.
977 690 1005 754 l.
1022 707 1108 775 412.
1136 687 1194 776 Jus
1204 707 1237 754 se
1254 685 1288 752 in
1310 683 1509 758 Sabaudiam

847 782 968 854 habere
995 785 1184 881 praedicat.
1219 786 1248 851 Ι.
1279 804 1363 873 412.
1399 791 1508 884 Lega-

847 882 976 955 tionem
1000 884 1043 955 ad
1070 890 1244 958 Caesarem
1271 882 1406 966 mittit,
1436 907 1506 978 qua

846 982 890 1052 ab
917 1005 959 1053 eo
980 986 1063 1081 petit
1086 1032 1098 1068 ,
1122 1001 1160 1054 ut
1187 984 1374 1054 Henricum
1398 983 1507 1057 filium

846 1080 1032 1154 Mediolani
1054 1086 1188 1153 Ducem
1210 1081 1309 1154 faciat
1333 1132 1344 1164 ,
1372 1104 1508 1179 accepta

843 1202 967 1280 vmagna
1000 1187 1157 1280 pecuniae
1188 1183 1243 1253 vi.
1272 1188 1300 1252 Ι.
1317 1205 1400 1274 417.
1428 1186 1509 1255 Ma·

844 1305 947 1380 gnam
975 1282 1158 1354 Sabaudiae
1182 1301 1310 1377 partem
1341 1300 1506 1380 occupat.

844 1388 873 1452 Ι.
899 1400 984 1472 419.
1020 1384 1237 1480 Legationem
1268 1381 1313 1453 ad
1342 1387 1507 1458 Carolunt

843 1482 978 1552 Ducem
1004 1478 1185 1553 Sabaudiae
1209 1482 1343 1564 mittit,
1367 1504 1435 1573 qua
1463 1482 1507 1553 ab

839 1601 886 1651 eo
902 1582 1058 1676 petit,ut
1084 1581 1153 1668 ejus
1182 1582 1357 1653 voluntate
1385 1583 1508 1654 exerci-

840 1695 918 1749 tum
948 1679 1092 1767 trajicere
1119 1680 1239 1755 liceat.
1274 1686 1302 1751 1.
1332 1701 1417 1772 425.
1445 1689 1508 1753 Per

843 1777 990 1877 legatum
1013 1776 1104 1875 apud
1131 1778 1328 1878 Pontificem
1352 1799 1508 1877 expostu·

842 1877 890 1947 lat
915 1896 946 1947 se
969 1880 1003 1948 in
1027 1902 1087 1949 suo
1113 1878 1184 1966 jure
1206 1877 1359 1951 adversus
1380 1880 1507 1953 Sabau·

839 1973 916 2047 diae
932 1979 1067 2046 Ducem
1091 2000 1110 2046 a
1125 1981 1265 2049 Caesare
1286 1978 1460 2073 impediri.
1477 1982 1506 2049 Ι.

843 2092 927 2167 427.
963 2081 1081 2168 Aquas
1100 2077 1224 2147 Sextias
1252 2079 1378 2148 vmuniri
1397 2097 1430 2147 et
1446 2076 1508 2148 fir-

844 2198 902 2244 mo
926 2174 1088 2269 praesidio
1103 2173 1261 2247 custodiri
1274 2175 1393 2264 jubet,
1411 2173 1507 2270 quod

842 2292 1057 2368 nequaquam
1087 2273 1150 2346 fit.
1203 2281 1231 2346 1.
1261 2295 1347 2368 459.
1399 2280 1508 2348 Trans

843 2371 1051 2447 Rhodanum
1069 2372 1213 2456 recedit,
1229 2394 1264 2446 'et
1290 2397 1419 2470 praeter
1431 2400 1507 2446 mo-

842 2495 912 2544 rem
941 2474 1120 2544 Gallorum
1148 2474 1243 2544 lentis
1277 2476 1419 2547 consiliis
1456 2475 1506 2548 uti

840 2570 1066 2657 constituens,
1084 2572 1310 2644 munitislocis
1331 2595 1422 2647 trans
1438 2573 1507 2647 llu-

842 2693 917 2741 men
944 2693 1022 2741 cum
1054 2674 1118 2744 suis
1147 2672 1249 2768 copiis
1274 2695 1306 2742 se
1329 2674 1504 2745 eontinet.

841 2774 871 2840 1.
882 2790 965 2860 440.
987 2772 1145 2841 Genuam
1169 2789 1296 2841 tentare
1318 2771 1503 2844 constituit.

841 2874 870 2940 Ι.
886 2890 972 2960 444.
1004 2867 1126 2940 Milites
1153 2871 1289 2940 occulto
1310 2871 1344 2940 in
1372 2871 1504 2943 Italiam

842 2963 1081 3040 conducendos
1102 2985 1219 3039 curat.
1248 2973 1276 3037 Ι.
1292 2973 1377 3061 446.
1412 2974 1507 3041 Ora·

842 3069 927 3138 tioni
949 3073 1080 3142 Romae
1102 3086 1119 3137 a
1148 3070 1273 3139 Carolo
1291 3069 1425 3142 habitae
1453 3090 1505 3140 τε·

842 3161 1016 3264 spondens,
1035 3167 1200 3264 singulare
1214 3188 1380 3240 certamen
1407 3191 1504 3239 reeu-

841 3285 917 3350 sat,
934 3289 966 3336 se
978 3285 1089 3336 tamen
1106 3261 1251 3336 ostendit
1275 3291 1356 3339 cum
1376 3267 1504 3338 exerci-

837 3381 879 3435 tu
903 3365 1038 3436 minime
1054 3384 1202 3463 pugnam
1224 3360 1502 3449 detrectatum,

841 3463 898 3536 sed
919 3465 1055 3535 obviam
1073 3464 1183 3560 potius
1209 3462 1354 3535 iturum.
1372 3468 1400 3534 1.
1418 3485 1503 3555 451.

841 3564 979 3637 Mutato
995 3563 1134 3635 consilio
1161 3580 1259 3633 caute
1289 3581 1504 3635 cunctanter-

839 3685 906 3758 que
920 3667 1002 3762 agit,
1015 3681 1050 3734 et
1065 3664 1190 3736 bellum
1203 3659 1309 3732 ducit.
1327 3667 1399 3754 145
1410 3664 1505 3732 1.So·

839 3765 992 3834 eietatem
1015 3764 1076 3834 init
1103 3780 1182 3833 eum
1209 3762 1392 3858 Solymano
1408 3763 1505 3857 Tur-

838 3883 955 3934 carum
990 3862 1161 3957 Principe.
1199 3865 1237 3931 Ι.
1264 3865 1349 3953 456.
1388 3859 1503 3933 Caroli

840 3964 973 4034 classem
995 3983 1037 4032 ex
1061 3959 1203 4033 Massilia
1226 3960 1308 4033 urbe
1324 3979 1505 4059 oppugna·

838 4078 934 4132 turus
955 4078 1108 4155 putatur.
1138 4064 1166 4129 1.
1194 4077 1278 4152 455.
1305 4062 1502 4132 Societatem

839 4179 873 4231 et
892 4156 1009 4239 foedus
1032 4183 1110 4230 cum
1137 4158 1288 4256 Principe
1310 4161 1503 4229 Turcarum

839 4260 944 4331 iniisse
959 4256 1196 4360 cognoscitur,
1214 4277 1252 4329 ut
1269 4254 1385 4329 eadem
1406 4274 1504 4328 aesta·

840 4377 874 4430 te
907 4360 1106 4456 Solymanus
1136 4360 1327 4430 Turearum
1364 4379 1503 4427 manum
1597 4394 1601 4405 ·

839 4459 875 4530 in
902 4460 1061 4555 Apuliam
1085 4457 1286 4529 transmittat
1312 4507 1322 4540 ,
1346 4477 1380 4526 et
1407 4458 1505 4527 classe

841 4580 935 4628 oram
967 4559 1080 4629 ltaliae
1114 4555 1313 4627 maritimam
1351 4553 1504 4626 infestet.

840 4661 870 4729 I.
886 4660 971 4748 464.
993 4678 1027 4729 et
1044 4661 1127 4748 465.
1160 4655 1284 4752 Copias
1300 4678 1378 4729 xxx.
1405 4653 1506 4725 millia
1599 4698 1605 4703 -

841 4777 1045 4829 armatorum
1062 4757 1096 4827 in
1116 4755 1245 4826 Italiam
1266 4755 1441 4827 traducit.
1458 4755 1504 4822 ΙΙ.

838 4879 873 4951 7.
897 4856 1036 4935 Salutias
1050 4855 1194 4958 recipit,
1223 4855 1339 4956 ibique
1360 4849 1509 5024 Gabpie·

1187 4965 1236 5030 12
1458 4968 1513 5022 em
