3998 5850
471 483 715 565 CAROLI
756 484 809 563 V.
852 485 969 563 LIB.
1013 489 1185 565 XXIX·
1421 492 1506 582 475

15 626 41 640 ‘i
82 638 283 742 currendi
319 638 583 764 rationem,
623 644 658 743 si
693 644 915 742 Eduatdus
951 643 1043 782 ipse
1088 679 1349 743 testamento
1393 641 1511 747 facto
1530 727 1543 768 ,

82 788 225 887 Maria
262 822 305 887 et
340 787 512 888 Isabella
549 784 768 887 sororibus
806 786 1014 905 exclusis,
1050 828 1164 928 quae
1200 825 1375 926 possent
1411 830 1541 891 exter-

80 928 148 1030 nis
183 926 373 1048 nubere,
404 966 447 1029 et
484 970 590 1071 quas
627 929 784 1030 notlras
822 972 908 1031 esse
946 930 1078 1069 patris
1114 933 1297 1033 Hentici
1334 935 1536 1036 volunta-

37 1161 42 1175 .
81 1106 127 1171 te
169 1110 213 1172 et
256 1073 423 1203 judicio
468 1115 520 1175 ex
569 1073 738 1215 publici
790 1075 977 1177 Consilii
1021 1075 1249 1215 sententia.
1301 1082 1535 1215 praeconio

77 1208 228 1316 fuisset
262 1219 799 1355 declaratum,Joannam
834 1215 1059 1320 Suffolchii
1094 1219 1230 1318 Ducis
1268 1218 1398 1354 filiam
1414 1299 1428 1340 ,
1454 1226 1535 1362 qui
1614 1306 1616 1310 Α

76 1361 333 1498 proximum
369 1362 453 1501 ipsi
489 1400 588 1501 post
608 1402 775 1462 sorores
810 1360 1151 1502 propinquitatis
1188 1364 1372 1503 gradum
1411 1365 1533 1466 obti⁴

43 1500 45 1504 ⁸
76 1541 214 1623 neret,
235 1544 431 1646 essetque
458 1505 664 1607 Britanno
683 1540 845 1624 manto
866 1545 912 1605 tn
947 1505 1279 1607 matrimonium
1304 1507 1533 1634 collocata,
1638 1624 1640 1631 s

74 1641 282 1748 heredem
327 1648 474 1791 Regni
523 1650 839 1773 constitueret,
874 1647 1117 1789 tabulisque
1161 1650 1408 1750 testamenti
1450 1654 1530 1753 de-.

74 1788 278 1891 clararet.

144 1945 211 2034 III.
285 1935 388 2034 Tali
423 1936 584 2035 versuti
620 1934 757 2036 Ducis
794 1933 992 2034 oratione
1021 1947 1116 2036 Rex
1154 1973 1258 2074 puer
1293 1934 1528 2040 abstractus

71 2110 383 2178 testamentum
421 2089 597 2212 exejus
634 2079 859 2177 voluntate
895 2075 998 2177 fecit
1035 2116 1079 2177 et
1115 2078 1395 2218 obsignavit,
1432 2122 1526 2221 quo·

70 2219 215 2319 Maria
250 2256 294 2319 et
328 2218 500 2322 isabella
535 2217 818 2321 exheredibus
853 2216 1011 2340 fretis,
1049 2228 1272 2360 Joannam
1322 2226 1525 2331 eamdem

71 2356 279 2461 heredem
321 2363 511 2504 Regni,
552 2402 596 2463 et
639 2365 877 2463 secundum
920 2402 1017 2463 eam
1059 2403 1253 2477 sororem
1297 2370 1523 2494 ejusdem,

69 2543 181 2642 quae
216 2508 406 2606 Comitis
442 2505 765 2607 Pambrucensis
803 2504 896 2605 filio
933 2541 1164 2648 nupserat,
1184 2507 1384 2607 instituit.
1420 2520 1522 2611 Erat

68 2682 214 2746 autem
260 2684 516 2751 testamento
560 2651 650 2750 dies
693 2651 896 2789 ascriptus
939 2652 1193 2751 undecimus
1228 2651 1520 2755 Kalendarum

67 2790 212 2925 Julii,
241 2793 321 2933 qui
356 2788 441 2893 fuit
476 2833 612 2893 annus
647 2790 812 2894 Christi
846 2795 940 2895 nati
976 2793 1224 2894 millesimus
1260 2793 1519 2932 quingente-

66 2932 196 3035 simus
233 2937 618 3078 quinquagesimus
654 2937 830 3038 tertius.
869 2947 1015 3068 Hujus
1051 2937 1326 3052 testamenti,
1346 2937 1400 3033 de
1426 2977 1518 3076 quo

66 3078 295 3216 populares
331 3082 562 3222 diligenter
597 3082 722 3182 celati
757 3116 886 3199 sunt,
924 3079 1121 3220 plerique
1156 3079 1371 3220 principes
1406 3119 1519 3180 con-

66 3220 144 3318 scii
185 3218 385 3342 fuerunt,
406 3261 449 3325 et
485 3219 650 3325 factum
694 3223 854 3366 partim
896 3264 948 3322 ex
995 3226 1147 3322 animo
1191 3218 1547 3359 comprobare-f-

64 3400 195 3484 runt,
222 3404 272 3465 ut
306 3368 501 3468 Britanni
536 3406 689 3468 natura
726 3403 1001 3468 externorum
1038 3365 1306 3465 commercio
1343 3400 1387 3461 et
1410 3404 1516 3466 con-

63 3510 292 3609 suetudine
343 3512 528 3612 minime
578 3511 880 3631 delectantur,
919 3509 1080 3651 partim
1117 3505 1328 3645 temporis
1372 3546 1512 3628 causa,

62 3650 514 3755 Northumberlanum
546 3668 717 3757 Ducem
745 3653 1043 3795 respicientes.
1081 3651 1339 3751 Morabatut
1369 3685 1514 3751 autem

62 3796 285 3897 Eduardus
320 3838 443 3900 more
478 3811 651 3941 Regum
678 3799 988 3897 Britannorum
1023 3795 1241 3911 Londini,
1278 3833 1389 3933 quae
1410 3793 1512 3892 urbs

59 3938 204 4078 Regia
241 3978 303 4041 est
355 3983 489 4084 atque
534 3943 781 4084 primaria,
821 3943 1027 4080 sedesque
1070 3936 1237 4080 publici
1292 3936 1512 4053 Consilii,

59 4083 183 4217 quod
219 4079 306 4182 fere
341 4086 500 4226 viginti
521 4086 719 4228 quinque
753 4082 1026 4184 Senatotibus
1052 4117 1222 4182 constat
1258 4121 1309 4177 ex
1344 4079 1513 4216 princi-

59 4221 190 4360 pibus
229 4226 520 4348 Britanniae,
555 4239 675 4360 cujus
717 4242 890 4329 Senatus
934 4226 1123 4326 maxima
1164 4260 1226 4323 est
1273 4224 1511 4323 secundum
1610 4345 1612 4349 y

49 4376 230 4508 Regem
272 4372 546 4490 auctoritas,
576 4413 628 4471 ex
671 4381 849 4510 ejusque
892 4370 1105 4470 sententia
1146 4369 1279 4467 etiam
1320 4377 1512 4515 a'Rege

57 4544 136 4605 res.
166 4514 383 4615 maximae
421 4548 653 4656 geruntur.
707 4514 851 4612 Maria
894 4515 949 4612 ad
992 4513 1270 4612 Eduvardem
1296 4508 1511 4608 *morandi

54 4654 182 4751 causa
218 4695 470 4781 secesserat,
503 4659 581 4798 qui
617 4657 736 4758 locus
764 4655 799 4755 a
825 4657 1031 4756 Londino
1068 4653 1191 4755 abest
1225 4692 1426 4794 passuum
1445 4652 1511 4752 vi-

53 4792 172 4937 ginti
210 4796 398 4938 quatuor
435 4803 608 4919 millia,
645 4841 737 4941 quo
773 4801 934 4902 nuntiis
977 4800 1158 4901 occultis
1193 4799 1249 4899 ad
1291 4837 1386 4899 eam
1422 4790 1503 4895 fre·
1602 4838 1626 4849 ²

893 4954 1045 5043 Oooa
1369 4976 1513 5078 quen·
