4042 5864
35 506 192 587 piscariae
217 500 371 575 Marchio
406 496 625 589 (Fernandus
660 504 755 572 Ava-
806 503 1026 578 Pisleonenses
1068 496 1273 573 deditionem
1316 499 1464 575 faciunt.
1486 503 1519 572 1·

84 610 159 688 lus>
185 612 338 675 Parmam
361 601 544 700 expugnari
576 624 668 698 posse
692 625 752 671 ne·
860 625 941 698 144.

85 724 164 803 gat.
203 705 231 772 1.
262 705 340 771 126.
369 702 525 772 Genuam
560 721 756 800 oppugnat.
806 704 956 776 Pisoraca
973 699 1145 772 confluens
1157 698 1200 770 ad
1212 699 1435 770 Valdolitum.
1452 701 1519 786 Ι.4.

86 812 115 875 Ι.
142 824 221 896 144.
246 801 304 872 Ad
322 802 484 871 Carolum
508 801 540 868 in
559 802 755 896 Hispaniam
806 801 1006 875 Pistoriensis
1030 802 1217 897 Episcopus
1241 800 1333 872 obses
1354 823 1372 869 a
1399 801 1517 881 Ponti·

85 925 119 977 se
136 900 290 974 confert.
322 901 351 969 I.
383 922 461 990 142.
492 899 686 992 Viqueriam
712 900 756 972 ad
855 903 918 973 fiee
936 900 1104 972 traditur.
1129 901 1157 967 1.
1176 899 1258 968 228.

85 999 168 1073 Padi
196 1002 300 1096 ripam
325 1000 495 1094 pervenit.
520 1003 551 1067 Ι.
581 1023 658 1095 144.
693 1001 753 1071 Ad
806 1001 1054 1073 Pistorium.1.
1072 1018 1151 1085 299.

86 1100 255 1196 Hispanos
294 1099 413 1171 milites
443 1098 686 1169 concionatur.
726 1103 753 1168 Ι.
806 1100 963 1173 Pistorius
987 1100 1182 1196 Theologus
1207 1095 1415 1168 Lutheranus
1439 1119 1519 1170 cum

92 1218 172 1288 159.
203 1199 260 1270 Ab
287 1200 440 1294 Hispano
461 1202 655 1268 centurione
676 1200 752 1269 sub·
854 1198 988 1270 duobus
1018 1198 1087 1269 aliis
1109 1197 1293 1295 Theologis
1322 1196 1519 1267 Lutheranis

88 1300 214 1370 levatus
249 1297 410 1379 secundus
448 1316 522 1392 post
549 1320 625 1367 eum
677 1322 753 1367 mu·
855 1297 1060 1373 Ratisbonae
1088 1296 1244 1395 deligitur
1274 1295 1317 1365 ad
1344 1297 1517 1390 disputans

86 1421 162 1466 rum
203 1398 393 1469 conscendit
421 1445 432 1480 ,
464 1414 498 1464 et
532 1396 618 1465 intra
658 1395 755 1493 oppi·
853 1397 936 1468 dum
961 1394 1117 1467 adversus
1143 1394 1359 1467 Catholicos.
1376 1397 1421 1462 ΙΙ.
1441 1413 1520 1482 114.

87 1496 169 1566 dum
194 1495 321 1566 desilit.
356 1502 384 1567 Ι.
417 1499 495 1583 164.
534 1496 615 1583 Ejus
642 1496 754 1565 consi·
804 1496 881 1567 Pius
911 1503 925 1581 (
951 1496 1145 1574 Albertus)
1180 1498 1370 1589 Carporum
1396 1499 1521 1564 Comes

84 1596 168 1666 lium
196 1594 238 1664 de
262 1595 365 1691 copiis
388 1595 421 1664 in
451 1594 654 1689 praetorium
681 1593 754 1664 Mi·
851 1592 1012 1664 Francisci
1043 1594 1143 1693 Regis
1166 1597 1308 1689 Legatus
1341 1594 1385 1662 ad
1415 1601 1514 1683 Pont.

87 1693 200 1765 tabelli
232 1718 250 1762 a
297 1695 404 1766 Gallis
449 1712 653 1786 occupatum
700 1693 752 1760 in·
852 1695 945 1764 Max.
971 1699 998 1761 Ι.
1029 1717 1105 1784 174.
1140 1691 1368 1787 Principatua
1395 1697 1515 1763 Caesa-

86 1790 323 1862 troducendis.
353 1798 382 1860 Ι.
411 1794 491 1880 167.
518 1794 613 1860 Duas
644 1793 754 1888 plagas
852 1789 951 1861 rianis
981 1790 1149 1878 dejectus,
1175 1792 1385 1860 Clementem
1418 1799 1519 1861 Pont.

88 1890 230 1986 accipit.
257 1895 285 1959 I.
324 1914 401 1981 171.
439 1887 496 1957 Ad
531 1887 752 1959 defectionem
853 1891 1070 1981 Venetosque
1092 1888 1135 1958 ad
1153 1888 1275 1959 bellum
1301 1891 1518 1959 cohortatur.

88 1987 245 2059 adversus
281 1988 443 2057 Carolum
472 1990 644 2058 Caesarem
680 1985 753 2055 lru·
851 1993 880 2060 Ι.
903 2008 980 2075 174.
1008 1989 1179 2060 Reclamat
1212 2011 1279 2055 non
1304 2010 1368 2058 esse
1388 1986 1431 2055 ad
1462 2010 1518 2055 ar-

88 2107 153 2159 stra
179 2083 382 2156 solicitatur.
412 2089 439 2152 1.
474 2090 551 2174 176.
576 2092 638 2156 Per
662 2084 753 2153 litte·
852 2109 908 2157 ma
943 2087 1010 2170 sine
1039 2088 1219 2157 Gallorum
1244 2086 1344 2180 copiis
1379 2106 1519 2182 progre-

88 2206 139 2256 ras
163 2184 205 2254 dc
231 2183 351 2281 insigni
375 2181 494 2254 Lanoii
518 2183 551 2252 in
581 2207 613 2253 se
634 2182 752 2273 injuria
855 2184 1038 2254 diendum.
1062 2188 1090 2253 I.
1124 2203 1201 2269 191.
1230 2183 1386 2255 Medulae
1409 2185 1516 2278 impe-

89 2306 167 2354 eum
195 2286 335 2354 Caesare
357 2280 566 2351 vehementer
601 2305 753 2374 conque·
853 2285 973 2355 ritans.
1004 2289 1031 2354 I.
1061 2287 1142 2351 216.
1174 2284 1212 2352 In
1247 2307 1353 2354 arcem
1383 2288 1515 2356 Romae

90 2379 195 2451 ritur.
220 2386 248 2450 Ι.
274 2387 349 2473 176.
376 2380 567 2453 Missionem
593 2381 698 2477 petit.
724 2382 752 2448 Ι.
853 2406 885 2453 se
910 2381 1048 2477 recipit.
1087 2385 1115 2449 Ι.
1135 2405 1218 2449 221.
1247 2390 1312 2453 Pro
1344 2405 1384 2450 eo
1418 2394 1517 2452 Anca·

93 2503 171 2571 177.
213 2478 352 2551 Moroni
378 2481 565 2549 orationem
595 2479 636 2550 de
661 2475 752 2548 defe—
848 2485 992 2578 pelagiam
1020 2479 1201 2575 Sepulveda
1237 2480 1391 2552 adversus
1416 2483 1518 2550 Eras-

89 2578 201 2648 ctione
222 2601 299 2648 cum
313 2579 467 2649 Antonio
482 2578 581 2648 Leiva
599 2602 754 2649 commu·
855 2603 949 2650 mum
970 2579 1104 2648 scribit.
1130 2583 1158 2646 Ι.
1177 2583 1260 2670 467.

89 2678 201 2760 nicae,
217 2697 250 2747 et
265 2697 308 2764 ⁴ut
331 2676 420 2747 idem
438 2679 624 2746 Moronum
645 2677 751 2772 ipsum
803 2677 879 2750 Pius
902 2676 1154 2772 (Rodulphus)
1175 2676 1360 2748 Cardinalis
1377 2675 1420 2746 ad
1432 2676 1514 2747 Gal·

88 2797 130 2845 ex
160 2776 295 2844 occulto
315 2776 391 2845 loco
423 2774 535 2844 audiat
560 2825 571 2858 ,
588 2776 749 2845 rationem
851 2780 962 2847 lorum
982 2781 1111 2873 Regem
1126 2779 1281 2874 Legatus.
1305 2779 1350 2844 ΙΙ.
1368 2798 1422 2868 40.

88 2873 174 2944 init.
199 2875 229 2956 Ι.
250 2890 333 2962 179.
356 2876 411 2942 Ι)1
438 2873 607 2944 Pontificis
622 2889 751 2945 cetero·
802 2875 990 2948 Placentia.
1016 2879 1042 2942 I.
1063 2878 1096 2942 6.
1118 2892 1151 2941 et
1175 2898 1230 2968 41.
1275 2878 1307 2943 Α
1337 2871 1509 2949 Francisco

89 2994 232 3064 rumque
254 2968 503 3041 foederatorum
517 2972 656 3043 consiliis
668 2978 752 3043 Cae·
850 2975 1029 3045 Gallorum
1054 2977 1147 3068 Rege
1166 2991 1360 3068 occupatur.
1385 2977 1412 3041 I.
1435 2995 1516 3064 123.

89 3092 194 3141 sarem
224 3069 396 3139 certiorem
421 3094 479 3165 per
506 3070 628 3140 litteras
657 3069 750 3141 facit.
850 3074 890 3142 In
924 3071 1092 3142 Pontificis
1116 3090 1312 3165 potestatem
1337 3069 1511 3167 redigitur.

91 3173 119 3254 I.
153 3170 231 3237 180.
278 3169 459 3238 Novariam
502 3169 621 3239 secedit
658 3171 750 3239 lento
850 3175 879 3240 I.
898 3171 975 3253 198.
1000 3171 1162 3240 Ecclesiae
1177 3170 1371 3240 restituitur.
1385 3173 1412 3237 Ι.
1433 3187 1511 3254 129.

91 3267 211 3336 morbo
233 3266 514 3362 implicitus,quo
539 3266 674 3337 tandem
691 3267 750 3336 ab·
800 3267 964 3342 Placentia
979 3269 1162 3338 Lusitaniae
1186 3270 1274 3339 urbs.
1293 3273 1339 3336 II.
1357 3289 1437 3358 523.

91 3364 270 3448 sumitur,
298 3385 453 3459 porrecto
487 3365 609 3448 scilicet
638 3364 748 3437 foede-
801 3367 1068 3441 Placentinorum
1091 3367 1257 3435 montium
1281 3367 1369 3462 juga.
1397 3371 1425 3432 I.
1456 3385 1513 3456 41.

89 3480 239 3532 ratorum
277 3486 410 3558 opera,
436 3480 474 3531 ut
505 3463 644 3561 suspicio
673 3462 751 3546 fuit,
803 3468 1012 3540 Placentinus
1049 3464 1251 3561 Episcopus.
1280 3478 1313 3536 V.
1345 3461 1512 3553 Carbajali

91 3581 242 3630 veneno.
268 3563 296 3628 Ι.
315 3563 393 3629 181.
410 3560 518 3630 Obit.
540 3568 567 3632 Ι.
591 3563 669 3632 188.
850 3564 1038 3635 Gutierrus.
1293 3646 1296 3650 Α

42 3658 201 3732 Piseariae
222 3657 374 3729 Marchio
390 3660 593 3745 (franciscus
610 3660 750 3743 Avalus)
805 3662 935 3749 Plavius
962 3659 1191 3748 (Henricus)
1219 3659 1396 3731 Bohemiae
1419 3664 1514 3730 Can·

93 3759 188 3828 Vasti
219 3756 421 3827 Marchionis
456 3757 543 3828 filius
580 3757 623 3828 ad
646 3761 751 3828 Mon·
852 3761 1015 3830 cellarius.
1040 3762 1085 3827 11.
1100 3779 1185 3850 419.

93 3875 323 3926 temserratum
362 3855 550 3952 Philippum
584 3855 752 3928 salutandi
789 3856 1512 3953 ‘Plumbinum.11.443.0ppidumaTur·

93 3953 197 4052 gratia
220 3952 403 4047 percurrit.
438 3956 484 4022 ΙΙ.
515 3979 596 4049 441.
630 3954 752 4050 Philip-
855 3957 899 4027 cis
918 3977 1156 4053 oppugnatur.
1185 3959 1231 4024 ll.
1247 3976 1331 4048 457.

93 4075 173 4148 pum
197 4050 426 4122 Mediolanum
455 4053 633 4123 intrantem
647 4053 752 4124 comi·
806 4062 996 4127 Poenorum
1030 4056 1065 4126 iu
1098 4055 1293 4150 Hispaniam
1332 4051 1511 4124 adventus.

93 4155 200 4220 tatur.
223 4153 268 4219 II.
290 4155 369 4242 464.
392 4152 543 4247 Nuptiali
567 4155 751 4249 Gonzagae
853 4159 881 4223 Ι.
911 4177 964 4246 ro.

93 4247 180 4345 filiae
202 4271 324 4317 coenae
345 4272 423 4320 cum
447 4250 597 4347 Philippo
617 4274 752 4321 aecum·
806 4250 1042 4349 Pogibentium
1067 4253 1258 4322 castellum.
1284 4255 1331 4321 ΙΙ.
1346 4273 1430 4342 447.

94 4346 161 4417 bit.
193 4352 238 4417 ΙΙ.
266 4351 344 4438 464.
386 4349 552 4420 Turmam
580 4347 674 4420 ducit
716 4350 752 4419 in
805 4356 922 4445 argium
950 4357 1054 4444 Regale
1090 4352 1247 4448 Neapolis
1286 4351 1515 4448 praetorium.

94 4447 235 4537 equestri
257 4443 456 4515 certamine.
490 4453 536 4517 11.
565 4452 642 4541 466.
674 4448 752 4518 Phi·
855 4455 883 4521 1.
905 4470 987 4540 255.

80 4543 219 4637 ,lippum
260 4544 445 4638 Principem
474 4546 507 4615 in
546 4546 752 4639 Britanniam
806 4547 927 4646 Pogius
952 4549 1158 4639 (Joannes)
1181 4546 1327 4618 Nuntius
1363 4552 1514 4644 Aposto-

93 4644 271 4711 solventem
297 4644 496 4714 comitatur.
522 4648 568 4715 ΙΙ.
584 4646 666 4738 498.
855 4649 937 4718 licus
954 4670 994 4715 ex
1019 4647 1236 4726 Maximiliani
1259 4646 1419 4717 mandato
1445 4647 1514 4735 ejus

43 4739 150 4810 Piscia
165 4739 350 4836 oppidum.
378 4747 425 4810 II.
441 4766 523 4833 440.
856 4745 1058 4843 sponsalibus
1086 4745 1331 4841 adstipulatur.
1361 4749 1405 4815 ΙΙ.
1439 4765 1518 4837 440.

43 4839 177 4910 Pisleo.
204 4845 484 4939 Ι.144.11144.
704 4932 705 4935 4
856 4846 1045 4945 Philippum
1078 4845 1121 4918 ad
1163 4845 1347 4947 Rhodopes
1379 4863 1515 4945 portum

771 4988 772 4991 =
1395 5004 1398 5005 γ
1438 4967 1518 5042 pro-
