3998 5850
450 344 454 349 ’
581 361 927 496 cruorit.
971 403 1322 487 truwxxvrr
1519 414 1607 511 433

182 557 398 705 tiosisque
423 544 681 664 Germaniae
708 544 986 702 Principibus
1022 561 1168 662 vexati
1203 557 1402 674 fuerant,
1427 567 1501 666 sed
1538 579 1644 675 Lan

183 706 367 810 clavium
404 705 631 868 oppidum
676 703 930 838 conjunctis
971 706 1112 846 copiis
1161 746 1264 809 cum
1300 745 1405 810 esset
1465 753 1646 853 perven-

182 883 328 973 tum,
364 852 455 952 dies
499 849 685 992 amplius
723 848 979 991 quindecim
1031 852 1182 953 stativa
1233 851 1299 953 ibi
1335 856 1516 959 Carolus
1569 857 1645 960 ba

181 990 317 1115 buit,
354 997 463 1098 dum
498 1032 653 1096 manus
688 995 889 1135 undique
923 995 1228 1117 conveniunt,
1263 1033 1306 1102 et
1341 992 1660 1127 frumentum,
1791 1122 1792 1125 Ν

181 1138 502 1283 reliquusque
496 1164 766 1241 commeatus
803 1172 1137 1303 comportatur.
1575 1185 1578 1188 ¹
1725 1163 1727 1165 ’

251 1291 348 1385 XL
404 1283 514 1386 Hic
548 1323 688 1397 rursus
725 1284 894 1425 partitis
943 1284 1133 1424 copi1s3
1174 1283 1358 1386 Toletus
1409 1327 1513 1393 cum
1549 1291 1640 1393 Ηι

83 1426 94 1442 ‘
177 1426 324 1567 spanis
371 1426 639 1592 Italicisque
668 1427 882 1530 militibus
938 1466 988 1528 ac
1034 1437 1353 1532 Germanorum
1399 1467 1503 1533 octo
1539 1436 1640 1536 mil·

174 1569 292 1672 libus
329 1569 668 1735 proficiscitur,
691 1605 928 1735 praeterea
977 1568 1203 1711 equitibus
1239 1575 1466 1680 Germanis
1517 1579 1638 1691 mille

176 1714 480 1859 quingentis,
515 1714 725 1857 Hispanis
759 1755 867 1818 vero
900 1713 1091 1833 levioris
1124 1747 1438 1836 warmaturae
1474 1719 1638 1862 quibus

52 1977 57 1982 ⁶
175 1896 371 2000 praeerat
406 1859 656 1963 Ludovicus
691 1858 852 1979 Avila,
878 1859 1119 1968 sexcentis3
1139 1860 1401 2000 Metimque
1424 1901 1638 2022 progres

176 2040 276 2123 sus,
294 2043 392 2107 eam
428 2003 593 2104 urbem
621 2001 839 2111 obsidere
859 2036 914 2100 et
937 2041 1194 2143 oppugnare
1229 2004 1484 2126 constituit,
1511 1980 1695 2111 ιιιιιιιί

163 2152 271 2258 non
324 2148 459 2289 longe
511 2147 661 2249 aberat
697 2142 901 2246 Albertus
942 2145 1344 2288 Brandeburgensis
1382 2148 1633 2311 Marchio,

162 2288 231 2398 de
268 2329 362 2430 quo
396 2328 524 2431 supra
559 2287 962 2411 memoravimus,
986 2290 1231 2430 quicum
1232 2291 1449 2394 exercitu
1501 2295 1634 2458 pede

173 2432 250 2533 stri
303 2435 540 2545 duodecim
596 2433 787 2535 millium
859 2442 1185 2551 Germanorum
1241 2471 1285 2537 et
1341 2435 1459 2537 mille
1495 2437 1634 2601 quin

46 2590 56 2597 ’
173 2576 317 2716 gentis
353 2577 573 2719 equitibus
609 2617 676 2679 eas
711 2577 931 2742 regiones
944 2573 1332 2681 infestabatzna
1275 2617 1380 2680 nam
1415 2582 1632 2683 Treviro·-

155 2758 289 2846 ⁵rum
309 2722 529 2864 oppidum
564 2757 882 2862 occupaverat,
917 2719 1219 2864 impositoque
1255 2722 1505 2862 praesidio,
1541 2726 1630 2824 cit
1738 2733 1740 2736 ⁴

173 2903 276 2971 cum
325 2907 395 2970 ea
426 2865 524 2967 loca
572 2863 903 3008 praedabundus
951 2865 1223 3006 vagabatur.
1262 2875 1518 2986 Ceterum,
1549 2866 1629 2968 ubi

172 3007 228 3108 ιιι
277 3047 529 3111 ιιοιιιοιιιιιι
577 3010 768 3110 adventu
819 3007 1070 3109 nuntiatum
1107 3045 1209 3130 est,
1247 3000 1456 3110 Treviros
1509 3011 1629 3112 dese-

152 3190 268 3257 ..rens
325 3154 375 3263 ιιι
424 3151 658 3269 Galliam
647 3152 903 3257 mterioreni
938 3191 1025 3291 sese
1060 3085 1321 3316 recipiibats
1350 3190 1626 3316 quamquam

168 3291 291 3398 idem
326 3297 459 3400 Gallis
496 3339 678 3440 quoque
715 3334 931 3439 suspectus
967 3332 1094 3418 erat,
1128 3336 1223 3397 non
1259 3295 1454 3439 ignaris,
1481 3337 1626 3438 rpsum

166 3440 352 3543 moleste
386 3437 527 3563 ferre,
549 3444 674 3606 quod
710 3443 925 3543 Henricus
959 3451 1056 3544 Rex
1091 3440 1255 3542 Μιιιιιι
1289 3436 1446 3540 urbem
1482 3452 1625 3580 Impe-

166 3584 422 3711 satoriam,
483 3625 619 3728 quam
661 3584 789 3687 initio
830 3583 1079 3686 necessitate
1147 3583 1467 3724 praesentisque
1517 3581 1623 3687 belli

164 3749 316 3845 causa
326 3730 383 3831 ad
419 3725 553 3831 breve
579 3766 751 3871 tempus
787 3756 1017 3891 occupasse
1047 3726 1186 3829 videri
1220 3724 1472 3846 volebat,
1459 3764 1508 3827 ιιι
1528 3764 1622 3867 pet·

165 3906 341 4012 petuam
382 3872 694 4016 possessionem
734 3872 945 4033 imposito
981 3872 1196 4010 praesidio
1232 3870 1466 3983 retineret,
1506 3870 1621 3972 indi

163 4037 379 4156 gnantem
424 4054 684 4158 praeterea,
720 4016 846 4159 quod
893 4014 1162 4157 stipendium
1196 4011 1254 4196 ab
1298 4015 1456 4118 eodem
1492 4024 1619 4158 Rege

76 4278 78 4281 ¹
160 4193 343 4303 pactum
378 4158 462 4262 sibi
497 4186 593 4265 non
626 4161 899 4266 mitteretur.

117 4317 119 4319 '
231 4311 350 4404 XLI.
425 4302 601 4467 Quibus
635 4304 761 4417 rebus
796 4276 988 4448 cognitis
1023 4301 1267 4466 Tolerus(
1256 4341 1338 4404 nec
1357 4297 1492 4402 enirn
1530 4295 1619 4403 ob-·

103 4469 107 4475 ’
160 4483 312 4567 scure,
339 4481 417 4567 aut
458 4448 578 4551 varie
588 4441 900 4613 (ferebantur)
936 4447 1218 4549 consilium
1207 4447 1320 4548 mire
1354 4445 1537 4589 coepit,
1566 4476 1617 4546 ut

125 4525 389 4693 *Albesium
421 4589 479 4696 ab
514 4591 709 4707 amicitia
722 4592 880 4735 Regis
915 4627 1126 4694 averteret
1143 4590 1433 4725 ,Caroloque
1468 4629 1616 4694 rocon-

157 4729 358 4852 ciliaret,
399 4757 443 4837 'et
477 4738 632 4841 eadem
668 4774 801 4880 opera
842 4735 1026 4841 Gallicas
1061 4736 1327 4885 minueret,
1363 4769 1409 4841 et
1456 4747 1618 4843 Caesa-

232 4876 347 4982 Tom.
366 4885 420 4981 ll.
845 5018 849 5030 .
1079 4879 1194 4987 lii
1530 4875 1619 4978 tia-
