3998 5850
489 391 576 503 418
879 404 963 484 DE
1003 402 1201 483 REBUS
1250 402 1478 486 GESTIS

452 565 636 703 aliisque
672 556 989 676 tradiderunt,
1023 557 1149 697 quod
1185 555 1364 721 ubique
1391 552 1649 681 faciebant,
1693 598 1736 662 et
1781 600 1921 702 pecu·

440 709 577 809 niam
613 700 927 846 imperabant.
975 708 1099 805 Tum
1153 704 1326 844 magnis
1361 701 1544 802 diurnis
1596 738 1639 802 et
1690 707 1919 807 nocturnis

341 970 343 974 ⁸
456 848 683 953 itineribus
720 847 1011 1007 Augustam,
1047 883 1160 984 quae
1198 884 1339 986 parvo
1372 844 1524 945 Caroli
1558 848 1757 946 Caesaris
1794 886 1916 986 prae

458 994 571 1099 sidio
615 989 892 1108 tenebatur,
930 989 1014 1088 ire
1039 1025 1274 1130 pergunt,
1319 987 1669 1128 perveniuntque
1711 991 1919 1092 Kalendis

457 1135 654 1277 ΑΡῐίὶὶε·,
690 1169 732 1235 et
766 1130 879 1230 urbe
913 1167 1071 1286 quarto
1105 1133 1211 1249 die,
1247 1129 1510 1233 dedentibus
1542 1133 1817 1271 oppidanis,
1850 1174 1916 1235 re·

459 1310 621 1420 cepta,
657 1277 729 1378 ibi
757 1308 939 1416 quoque
975 1244 1273 1414 Magistratus
1297 1308 1511 1392 mutant,
1547 1310 1596 1374 et
1629 1314 1747 1415 quos
1779 1289 1918 1378 Caro-

461 1422 526 1522 lus
561 1434 719 1530 Senatu
759 1451 995 1538 moverat,
995 1415 1267 1582 improbos.
1301 1417 1543 1535 homines,
1574 1457 1721 1558 eoque
1766 1422 1919 1521 ordine

460 1565 698 1706 ΞηάἱΡηος,
725 1559 992 1712 restituunt,
1035 1595 1078 1660 et
1124 1560 1349 1661 civitatem
1383 1562 1670 1693 jurejurando
1719 1562 1916 1702 adigunt,

466 1708 607 1847 ipsam
657 1708 727 1808 in
756 1701 924 1804 eorum
944 1639 1163 1846 Gallique
1204 1704 1346 1848 Regis
1383 1738 1649 1866 potestatem
1698 1697 1910 1806 firtutamt

464 1855 595 1951 Tum
625 1852 681 1949 ad
714 1848 1067 2008 Norimbergam
1117 1880 1368 1988 ceterasque
1410 1846 1693 1947 Germaniae
1718 1849 1912 1989 superio

469 1994 526 2094 ris
563 1992 761 2093 civitates
793 1990 1014 2110 mittunt,
1051 2025 1097 2090 et
1130 1989 1287 2090 litteris
1320 1988 1574 2111 hortantur,
1591 2026 1641 2092 ut
1674 1991 1911 2132 legatosde

468 2132 648 2240 foedere
688 2135 914 2251 mittant,
962 2133 1042 2272 qui
1088 2167 1191 2233 cum
1234 2133 1482 2234 mandatis
1480 2068 1580 2242 sibi
1622 2168 1841 2286 praesto
1844 2135 1913 2287 sint

472 2286 695 2420 Augustae
731 2280 809 2383 ad
823 2275 1038 2380 Kalendas
1074 2285 1245 2408 Majas
1839 2368 1841 2370 ,

542 2429 717 2525 XVlIl.'
771 2417 883 2519 <His
899 2419 1097 2522 motibus
1127 2419 1412 2521 Tridentum
1460 2417 1670 2522 nuntiatis
1725 2418 1914 2524 Germani

471 2565 732 2685 Antistites,
732 2563 866 2728 qui
889 2566 944 2663 ad
980 2564 1238 2672 Concilium
1265 2601 1603 2682 convenerant,
1637 2565 1798 2665 timore
1830 2600 1914 2704 per

474 2707 610 2827 culsi,
644 2744 699 2810 ut
731 2709 823 2809 suis
851 2706 977 2811 rebus
1012 2707 1329 2826 consulerent,
1349 2709 1658 2829 discesserunt,
1699 2700 1914 2809 ceterilt·

468 2889 520 2952 re
555 2850 738 2994 incepto
779 2853 838 2952 ad
871 2890 1049 3014 tempus
1091 2853 1406 2959 desistendum
1420 2891 1509 2952 esse
1550 2888 1852 2969 censuerunt,
1883 2881 1915 2947 tt

477 2993 694 3131 reliqua,
705 2998 784 3095 de
826 2996 985 3139 quibus
1030 2995 1237 3101 disserere
1278 3031 1326 3098 et
1375 2994 1640 3096 constituere
1683 2927 1914 3095 Concilium

472 3132 742 3254 debebas
731 3172 782 3234 tn
815 3136 1175 3301 commodiorem
1208 3148 1511 3300 tempestatem
1543 3137 1824 3269 rejicienda·
1815 3204 1827 3244 ‚
1859 3133 1916 3233 sed

472 3276 626 3381 itaut
667 3279 824 3386 omnia
861 3280 1122 3442 superioris
1128 3282 1357 3424 temporis
1402 3282 1618 3401 decreta,
1642 3279 1918 3416 Conciliique

478 3420 679 3523 consulta
712 3457 762 3521 et
792 3423 959 3555 judicia
981 3460 1088 3526 rata
1118 3460 1244 3547 esse,
1285 3460 1329 3527 et
1363 3465 1414 3525 a
1428 3358 1701 3526 Christiinis
1730 3418 1919 3523 omnibus

473 3562 684 3703 recipiet
720 3563 941 3671 observari
968 3606 1175 3709 oportere
1205 3503 1503 3670 declararent·
1494 3634 1506 3677 ‚
1527 3605 1808 3728 quamquam
1835 3560 1921 3664 huic

481 3706 536 3804 ad
573 3743 782 3870 quartum
816 3709 1035 3812 Kalendas
1065 3721 1209 3843 Majas
1244 3707 1363 3812 facto
1400 3713 1595 3812 decreto
1608 3708 1848 3811 duodecim
1879 3713 1923 3803 Ee

481 3847 691 3993 piscopi,
727 3890 946 3993 quorum
957 3849 1158 3996 plerique
1180 3851 1394 4019 Hispani
1413 3892 1581 3975 erant,
1620 3855 1679 3954 de
1710 3851 1924 3985 reJeetione

477 3989 801 4096 reclamarunt
824 3998 1075 4119 Carolus,
1116 3998 1196 4139 qui
1226 4001 1299 4099 ad
1336 3997 1741 4159 Oenspruchum
1725 4035 1844 4158 Jam
1836 3989 1926 4090 diu

478 4133 764 4258 morabatur,
790 4139 958 4241 bellu-m
992 4138 1076 4240 sibi
1111 4176 1208 4244 tum
1248 4182 1275 4241 a
1310 4141 1524 4242 seditiosis
1560 4139 1819 4257 Germanis,
1842 4169 1929 4233 tum

475 4315 507 4379 a
541 4279 674 4380 Gallis
709 4280 964 4444 impendere
1000 4284 1380 4405 animadvertens,
1398 4285 1676 4387 venientibus
1711 4283 1830 4384 malis
1863 4314 1930 4376 oc

484 4457 655 4521 currere
691 4425 869 4566 coepit,
907 4464 951 4528 et
986 4428 1222 4529 necessaria
1258 4466 1538 4591 comparare.
1579 4440 1734 4572 Itaque
1770 4427 1818 4526 in
1849 4418 1934 4519 Hi

481 4563 677 4719 spaniam
713 4569 769 4667 ad
804 4568 1058 4732 Philippum
1094 4571 1234 4672 filiurn
1261 4571 1480 4671 nuntium
1495 4566 1795 4710 litterasque
1821 4563 1932 4666 mit·

480 4701 563 4826 tit,
598 4740 649 4806 ut
683 4709 871 4813 militem
908 4713 1167 4855 Hispanum
1213 4749 1257 4815 et
1301 4715 1537 4853 pecuniam
1579 4715 1636 4814 ad
1673 4709 1936 4909 stipendium

478 4901 482 4906 ,
1853 4887 1939 4953 ml,
