4034 5858
733 373 823 447 ALB

1399 434 1400 440 ,
1501 373 1619 444 ALB'

426 473 514 554 Alba
546 469 746 569 Pompeiana
784 469 991 547 deditionem
1034 463 1134 543 iacit·
1235 466 1349 545 salutis
1378 472 1508 542 memor
1539 467 1713 566 Argeliam
1770 466 1926 563 navigat·

430 675 629 751 Albaelistae
662 675 785 743 Comes
817 669 995 762 (Jacobus
1024 671 1140 742 ,Hen-

479 776 564 846 ricus
581 775 804 855 Guzmanus)
823 771 1014 841 Almiranto
1030 765 1141 865 Regni

396 872 412 889 Χ
481 871 645 972 praefecto
663 891 790 968 praesto
802 869 892 940 adest
903 874 954 956 .,1.
974 869 1030 937 80.
1058 865 1141 962 Epi-

479 996 617 1068 scopum
630 974 861 1041 Zamorensem
879 968 960 1037 urbe
977 967 1083 1054 ejicit.
1098 967 1140 1033 ¹1.

482 1075 542 1164 87.
556 1073 716 1142 castellae
732 1069 888 1142 Concilio
904 1092 973 1137 uon
990 1067 1140 1137 interest.

436 1271 561 1344 Albani
581 1269 686 1341 Ducis
720 1293 807 1340 uxor
824 1286 914 1338 tanta
945 1266 1146 1336 beneuolen-

482 1371 535 1442 tia·-
569 1389 601 1440 et
640 1369 848 1439 humanitate
885 1392 904 1436 a
955 1364 1143 1436 Britanniae

484 1468 615 1566 Regina
630 1469 804 1565 excipitur,
817 1466 909 1560 quasi
924 1489 1018 1535 soror
1030 1465 1070 1533 sit
1087 1480 1145 1533 aut

486 1571 586 1640 altera
613 1570 760 1664 Regina.
779 1570 823 1634 11.
846 1586 925 1654 501.

436 1667 598 1751 Albaniae
625 1669 709 1739 Dux
744 1668 912 1759 (loannes
938 1667 1054 1734 Scotus
1078 1662 1094 1742 )
1116 1662 1146 1726 Ι.

492 1787 576 1856 155.

440 1866 590 1940 Albanus
621 1870 745 1937 Comes
769 1865 960 1962 Philippum
999 1862 1147 1940 Salman-

486 1967 589 2041 ticam
618 1965 660 2035 ad
695 1989 845 2062 sponsam
862 1962 1047 2035 venientem
1087 1982 1148 2031 eo·

488 2068 626 2136 mitatur
639 2113 653 2131 ..
674 2071 720 2134 II.
738 2089 818 2158 143.

442 2165 591 2235 Albanus
635 2165 718 2234 Dux
755 2185 788 2234 et
833 2161 920 2234 idem
965 2160 1149 2233 Cauriensis

489 2262 642 2337 Marchio
670 2272 684 2349 (
707 2263 895 2334 Fernandus
912 2265 1053 2333 Alvarus
1072 2264 1149 2329 To·

488 2364 607 2442 letus)
633 2363 781 2434 Tuscico
814 2364 901 2433 bello
917 2363 949 2432 in
968 2358 1149 2433 Germania

490 2467 644 2534 interest.
661 2467 690 2532 1.
710 2464 790 2554 318.
811 2463 937 2533 Carolo
963 2460 1094 2533 Caesari
1106 2455 1150 2528 ad

491 2562 616 2634 bellum
632 2565 820 2632 Tunetense
841 2559 1022 2655 Barcinone
1039 2556 1147 2628 adest.

492 2668 521 2733 l.
550 2682 628 2756 331.
671 2662 794 2734 Castris
826 2661 1149 2756 appropinquantem

488 2763 671 2832 Hazenum
691 2767 816 2858 Regem
834 2758 877 2828 ad
900 2760 1061 2832 Carolum
1088 2755 1149 2825 de-

491 2859 610 2940 ducit.
636 2867 665 2930 Ι.
702 2880 777 2954 379.
814 2858 979 2932 Pabulum
1017 2854 1149 2953 petendi

491 2960 598 3057 gratia
622 2959 732 3030 missus
749 2981 907 3057 magnum
932 2958 1149 3028 hostiumnu·

494 3081 622 3126 merum
653 3058 815 3152 reprimit.
852 3062 880 3126 Ι.
908 3057 988 3150 381.
1030 3059 1149 3126 Extre-

401 3184 404 3187 ·
491 3178 590 3226 marn
604 3159 705 3226 aciem
730 3176 823 3231 curat
855 3155 889 3226 in
923 3150 1065 3226 Tunetis
1083 3176 1149 3250 op·

493 3255 723 3354 pugnatione.
768 3261 804 3328 Ι..
841 3257 919 3350 398.
976 3261 1148 3327 Caesarem

494 3355 634 3449 Neapoli
664 3355 848 3452 prestetum
875 3362 1020 3428 Romam
1044 3352 1150 3425 comi-

493 3473 602 3525 tatur.
631 3458 665 3522 Ι.
693 3477 776 3545 410.
812 3460 1007 3525 Extrenurm
1032 3474 1149 3550 agmen

493 3573 526 3623 et
564 3553 798 3648 impedimenta
829 3550 980 3623 claudit.
1017 3559 1044 3622 1.
1064 3572 1148 3644 437.

491 3657 538 3722 11.
573 3675 628 3744 31..
672 3657 770 3725 Cum·
796 3651 983 3722 triremibus
1009 3653 1148 3722 Paulum

460 3831 463 3834 ,
491 3750 687 3823 Pontificem
721 3755 848 3822 Savona
873 3748 1058 3847 profectum
1087 3747 1148 3819 Ni-

490 3871 603 3921 caeam
642 3849 776 3924 deducit
790 3900 809 3920 .-
848 3856 901 3921 II.
931 3873 987 3944 34.
1028 3848 1150 3945 Regiae
1183 3848 1185 3852 “

413 3969 415 3974 ·
478 4034 480 4037 .
493 3973 622 4020 mensae
638 3950 805 4022 accumbit
817 3958 835 4018 ,ὲ
849 3954 901 4019 ΙΙ.
917 3949 1151 4037 111311111111

453 4048 468 4071 's
496 4050 650 4120 Concilio
678 4052 825 4120 interest.
857 4052 903 4116 11.
931 4053 992 4137 67..
1022 4047 1150 4116 Unuse

492 4147 673 4219 duodecim.
702 4149 821 4218 virisa
850 4155 1027 4217 Procerum
1053 4150 1150 4218 Con-

491 4246 573 4338 cilio·
602 4246 769 4329 delectis,
798 4264 836 4315 ut
868 4242 952 4337 quid
977 4243 1149 4341 *optimum

444 4394 447 4398 ι
485 4343 581 4415 >factu
604 4348 711 4428 esset,
733 4343 970 4415 consideraret.
1010 4348 1056 4414 11.
1092 4343 1152 4410 80.·

492 4447 662 4520 Caesarem
692 4446 728 4517 in
758 4443 908 4516 Galliam
928 4442 1149 4514 discedentem

490 4543 686 4613 comitatur.
711 4550 757 4612 II.
780 4542 1044 4613 102..Ertercitui
1059 4561 1151 4636 prae-

488 4638 618 4722 ficitur,
629 4643 688 4734 qui
704 4641 753 4710 ad
767 4636 1150 4738 oppugnandamhtges

485 4738 563 4808 liam
581 4759 726 4833 paratur.
750 4746 794 4809 11.
819 4763 897 4831 133.
915 4740 1068 4836 Argeliae
1086 4759 1147 4831 ap-

484 4839 586 4936 pellit.
609 4844 655 4912 11.
677 4840 755 4934 143'.
772 4842 889 4914 Famae
902 4841 1026 4936 magis,
1041 4860 1145 4931 quam
1186 4845 1191 4853 ’

1238 579 1287 644 11.
1318 592 1397 662 144.
1434 571 1515 641 Belli
1544 569 1615 640 dux
1645 568 1810 645 adversus
1834 568 1919 638 Gal·

1239 676 1291 744 los
1309 671 1353 743 acl
1378 670 1576 744 Ruscinonis
1595 669 1818 739 Comitatum
1835 667 1915 736 mit·

1241 772 1350 842 titur.
1377 775 1424 839 11.
1459 773 1535 838 162.
1559 767 1911 864 Perpinianumvenit,

1243 887 1344 962 atque
1364 867 1400 939 id
1427 867 1592 964 oppidum
1611 868 1772 964 operibus
1798 866 1912 937 muniri
1944 922 1948 925 -

1243 988 1360 1040 curat.
1378 973 1424 1038 ΙΙ.
1449 974 1526 1058 164.
1553 975 1615 1039 Ρ11
1648 965 1796 1038 Eladem
1821 966 1914 1062 oppi-

1244 1067 1326 1139 dum
1354 1066 1424 1137 duo
1447 1069 1545 1139 millia
1569 1065 1716 1137 militnm
1748 1066 1917 1162 Perpinia·

1245 1193 1328 1238 num
1352 1167 1536 1238 submittit.
1566 1172 1613 1237 ΙΙ.
1643 1171 1723 1253 169.
1749 1166 1915 1237 Consilia-

1238 1270 1344 1338 riusa
1362 1271 1489 1338 Carolo
1510 1266 1693 1338 attributus
1717 1290 1800 1335 cum
1819 1264 1914 1358 quin-

1247 1392 1314 1462 que
1338 1366 1407 1436 aliis
1423 1367 1576 1464 Philippo
1604 1364 1699 1450 lilio,
1718 1388 1826 1458 quem
1845 1369 1912 1438 Re-

1247 1491 1317 1564 gno
1339 1465 1486 1562 praeficit
1510 1469 1544 1537 in
1567 1466 1721 1563 Belgium
1744 1460 1914 1560 profectu·

1249 1566 1445 1650 rus.11.189.
1462 1564 1652 1661 Philippum
1664 1588 1806 1661 sponsae
1817 1563 1911 1635 obvi-

1249 1689 1302 1734 am
1316 1658 1538 1760 prodeuntem
1550 1665 1751 1734 cantitatur.
1771 1667 1817 1732 11.
1831 1684 1907 1753 242.

1249 1763 1438 1858 Philippum
1469 1763 1702 1834 Salmanticam
1740 1762 1786 1832 ad
1817 1785 1909 1860 spon·

1241 1887 1316 1939 xsam
1337 1866 1519 1956 venientem
1549 1863 1753 1933 comitatur.
1772 1865 1818 1932 ΙΙ.
1837 1883 1909 1953 143.

1249 1957 1433 2036 1111111101
1453 1961 1768 2035 Mariaehsturum
1793 1963 1908 2032 Princi-

1252 2069 1299 2162 pis
1329 2063 1475 2160 humeris
1501 2081 1622 2166 gestat.
1653 2065 1812 2152 11.263.
1847 2068 1908 2131 Inr-

1251 2162 1387 2262 perandi
1410 2161 1603 2270 squultatem
1634 2158 1655 2231 a
1695 2160 1825 2234 Carolo
1857 2160 1910 2233 sibi

1252 2264 1440 2362 proximam
1462 2263 1612 2334 obtinet.
1631 2265 1689 2357 ΙΙ.
1729 2282 1810 2354 174.
1845 2267 1916 2334 111ω

1251 2362 1691 2459 theranorumsprincipum
1713 2361 1909 2432 caduceato-

1253 2466 1280 2536 ri
1305 2463 1476 2562 epistolam
1501 2462 1648 2534 tradenti
1677 2463 1718 2557 ad
1750 2463 1906 2532 Carolum

1252 2570 1427 2637 Caesarem
1451 2564 1676 2659 conscriptam
1695 2585 1766 2632 eum
1794 2559 1905 2655 digni-

1252 2683 1320 2735 tate
1344 2662 1540 2759 respondet,
1570 2683 1602 2732 11
1625 2661 1773 2733 edictum
1795 2655 1908 2730 Caroli

1252 2784 1408 2835 excusum
1441 2784 1503 2856 pro
1526 2784 1681 2857 responso
1704 2759 1827 2829 tradit.
1864 2760 1908 2825 11.

1256 2883 1337 2953 275.
1369 2861 1530 2931 Carolum
1564 2882 1686 2956 agmen
1721 2854 1908 2930 anteceden-

1253 2981 1321 3055 tem
1345 2979 1377 3028 et
1394 2958 1545 3029 adversus
1565 2958 1781 3030 Lutheranos
1799 2976 1909 3053 prope-

1254 3081 1380 3132 rantem
1396 3083 1473 3131 curn
1490 3058 1600 3156 paucis
1621 3056 1799 3150 equitibus
1814 3053 1910 3125 comi-

1254 3178 1356 3230 tatur.
1375 3164 1421 3228 11.
1437 3183 1514 3249 177.
1537 3156 1618 3228 Levi
1629 3157 1809 3227 commisso
1825 3174 1909 3251 prae·

1254 3259 1319 3341 iio,
1336 3256 1454 3328 deinde
1471 3255 1587 3344 majori
1606 3279 1754 3326 numero
1773 3252 1910 3325 hostibus

1254 3357 1501 3453 ingruentibus,
1517 3380 1535 3425 a
1551 3356 1678 3426 Carolo
1702 3353 1911 3447 relinquitur,

1255 3459 1407 3548 quicum
1427 3455 1546 3525 crebris
1570 3453 1693 3530 nuntiis
1718 3451 1764 3521 de
1792 3450 1912 3521 tumul·

1256 3555 1366 3625 tuario
1397 3553 1573 3631 certamine
1605 3571 1639 3619 et
1666 3550 1814 3622 hostium
1840 3572 1913 3646 pro-

1257 3676 1365 3749 gressu
1393 3653 1565 3747 certiorem
1600 3648 1726 3721 faciat.
1759 3655 1804 3719 11.
1839 3648 1915 3737 178.

1256 3755 1371 3822 Dueta
1383 3749 1466 3827 fossa
1483 3770 1586 3823 eastra
1598 3749 1749 3821 celeriter
1765 3770 1916 3818 commu-

1257 3850 1318 3919 nit.
1343 3850 1485 3943 115278.
1503 3847 1666 3945 Hostibus
1681 3867 1790 3917 castra
1809 3869 1914 3942 oppu-

1257 3947 1433 4046 gnantibus
1455 3941 1530 4018 ante
1559 3948 1788 4043 Hispanorum
1818 3947 1913 4015 aciem

1258 4045 1422 4130 consistit,
1440 4066 1473 4116 et
1484 4047 1615 4117 nullum
1639 4063 1718 4116 ante
1741 4045 1914 4126 telum‚ne

1256 4146 1386 4218 irritum
1402 4143 1521 4228 cadat,
1534 4144 1665 4214 mittete
1684 4142 1802 4234 jubet,
1818 4160 1910 4237 quarn

1257 4244 1364 4314 hostes
1399 4239 1508 4313 castris
1540 4242 1835 4338 appropinquent.
1865 4241 1912 4306 11.

1257 4341 1407 4411 180.Αά
1421 4343 1638 4412 eumCarolo
1652 4339 1827 4436 Neuburgi
1839 4338 1917 4407 Ma-

1256 4441 1410 4538 gistratus
1426 4439 1515 4509 urbis
1535 4438 1746 4510 deditionem
1763 4439 1919 4535 pollicen-

1257 4540 1483 4637 tesrejieiente
1496 4534 1513 4620 ',
1522 4561 1642 4634 puram
1656 4538 1869 4610 ‹leditionem
1882 4558 1921 4605 ex

1257 4639 1569 4707 Caroli-voluntate
1586 4636 1756 4733 imperat.
1775 4643 1825 4707 ΙΙ.
1847 4636 1923 4704 186.

1255 4742 1290 4806 A
1309 4738 1436 4804 Carolo
1455 4736 1615 4823 jubetur,
1645 4755 1685 4805 ut
1708 4760 1791 4806 cum
1816 4736 1925 4805 illuct·

1256 4853 1340 4918 scat,
1364 4852 1456 4906 totus
1484 4832 1645 4905 exercitus
1669 4853 1714 4910 srt
1748 4834 1787 4908 in
1812 4834 1924 4905 armis.
