4170 5866
471 456 556 518 212
725 534 726 539 ἵ
810 430 939 510 :DE
977 424 1182 507 REBUS
1230 423 1457 510 GESTIS
1514 479 1518 485 >

430 594 640 733 nranique
676 588 724 690 in
760 585 854 687 atie
872 711 873 715 Ν
891 586 1032 728 prima
1059 586 1274 684 [collocati
1293 588 1518 725 ,accepto
1543 582 1705 726 signo,
1727 582 1775 685 in
1810 597 1896 691 Ita·

431 743 533 857 los,
570 738 788 877 quicum
825 767 945 873 parte
982 730 1291 830 Helvetiorum
1327 731 1396 830 ad,
1418 734 1635 864 tormenta
1682 732 1897 836 eonstite-

434 920 534 987 rant
567 958 581 1001 ,
617 917 667 980 ut
718 914 809 977 erat
859 878 1166 1017 imperatum,
1202 909 1558 1015 procurrerunt,
1601 909 1644 972 et
1689 910 1895 1017 utrosque

434 1030 583 1172 primo
620 1025 791 1162 impetu
828 1021 1090 1162 dissipatos,
1112 1019 1176 1118 'in
1211 1013 1365 1158 fugam
1400 1026 1708 1150 conjecerunt,
1743 1060 1794 1118 ac
1830 1016 1895 1120 fu-

435 1172 600 1314 gientes
636 1166 929 1302 insectantes,
966 1164 1202 1305 longiusa
1236 1161 1338 1264 loco
1375 1202 1551 1305 pugnae
1587 1162 1713 1303 quasi
1750 1163 1898 1265 victo-

435 1317 498 1417 tia
537 1310 671 1453 potiti
707 1347 1030 1452 processerunt.
1121 1351 1125 1359 ’

453 1509 456 1519 ’
507 1465 691 1556 XXVII.
767 1455 847 1554 Sed
882 1490 932 1554 ut
967 1450 1048 1552 hae
1082 1451 1132 1554 in
1169 1489 1288 1592 parte
1332 1487 1548 1572 strenue,
1585 1451 1646 1552 sic
1695 1453 1742 1555 in
1777 1491 1896 1556 cete-

435 1598 492 1702 ris
528 1599 637 1698 male
674 1631 919 1738 pugnatum
956 1633 1017 1697 est
1053 1637 1078 1695 a
1114 1599 1268 1696 nostris
1288 1674 1302 1718 ,
1324 1635 1516 1738 quorum
1553 1597 1690 1697 Italici
1726 1609 1895 1700 Vasco-

437 1782 548 1845 num
584 1744 800 1880 impetum
843 1780 934 1841 non
988 1738 1282 1860 sustinentes,
1316 1745 1473 1880 pedem
1522 1735 1680 1841 referre
1734 1783 1894 1883 coepe-

438 1925 570 2007 tunt3
607 1922 649 1986 et
684 1884 812 1984 simul
849 1884 1015 2025 equites
1049 1886 1188 1984 nostri
1223 1882 1280 1985 ab
1315 1883 1465 1984 hostili
1500 1884 1701 2024 equitatu
1744 1888 1888 2026 pulsi,

438 2065 596 2132 temere
647 2069 722 2171 per
765 2039 1007 2129 Germanos
1057 2066 1227 2129 nostros
1273 2027 1390 2132 viam
1441 2029 1719 2166 aperientes,
1754 2031 1895 2131 aciem

437 2173 633 2315 ipsorum
682 2175 937 2302 disjecerunt
973 2214 986 2282 3
1023 2206 1122 2274 tum
1141 2250 1161 2291 ,
1191 2173 1445 2313 urgentibus
1496 2170 1744 2290 hostibus,
1788 2169 1896 2314 luga

438 2318 634 2457 undique
672 2316 768 2417 fieti
802 2353 993 2455 coeptas
1028 2315 1074 2413 in
1111 2355 1197 2456 qua
1231 2316 1361 2415 multi
1396 2349 1647 2416 nostrorum
1684 2313 1741 2414 ab
1778 2316 1897 2422 inse-

440 2497 584 2559 ctante
630 2460 825 2600 equitatu
876 2459 1026 2559 hostili
1061 2457 1131 2556 vel
1180 2460 1333 2599 capti,
1370 2458 1440 2558 vel
1475 2460 1638 2559 occisi.
1692 2460 1898 2562 Marchio

440 2606 544 2703 cum
578 2603 748 2745 aliquot
784 2602 1007 2744 equitibus
1042 2601 1296 2703 continente
1331 2597 1470 2744 fuga,
1498 2601 1670 2703 duobus
1706 2605 1898 2745 acceptis

441 2746 724 2867 vulneribus,
762 2756 915 2847 Astam
951 2745 1189 2887 pervenit,
1215 2748 1470 2888 eodemque
1496 2786 1600 2845 tum
1636 2748 1771 2847 ceteri
1808 2750 1900 2850 dis-

440 2890 602 3030 sipati,
639 2930 736 2993 tum
788 2890 1037 2991 Italicorum
1088 2927 1283 3011 manus,
1321 2889 1467 3032 paucis
1519 2891 1816 3021 desideratis,
1856 2934 1900 2994 se

440 3026 630 3174 recepit.
674 3034 902 3173 Angienus
938 3073 1037 3135 cum
1076 3033 1349 3168 exercituin
1384 3034 1609 3175 Hispanos
1646 3035 1899 3175 permistos·

442 3216 528 3317 que
566 3187 839 3297 Germanos,
877 3178 956 3317 qui
992 3216 1074 3318 pro
1111 3167 1350 3278 victoribus
1385 3178 1477 3276 duo
1513 3178 1652 3279 millia
1694 3219 1898 3319 passuum

441 3360 466 3418 a
505 3359 677 3462 pugnae
729 3321 834 3421 loco
880 3355 1203 3461 processerant,
1239 3360 1509 3438 conversus,
1541 3363 1593 3423 ex
1646 3323 1727 3423 suis
1767 3363 1896 3464 prae-

439 3464 616 3584 mittit,
653 3463 734 3607 qui
770 3504 844 3564 eos
880 3467 935 3564 de
991 3465 1208 3565 sociorum
1264 3466 1554 3605 exercitusque
1605 3460 1711 3605 fuga
1764 3469 1897 3567 doce-

418 3617 574 3727 rent,
608 3642 962 3747 moneremque,
996 3646 1083 3727 ut,
1120 3607 1280 3709 omissa
1317 3611 1633 3727 contentione,
1669 3649 1755 3710 sese
1791 3649 1897 3751 pet-

437 3750 662 3859 mitterent
717 3751 764 3852 in
800 3753 1026 3852 Gallorum
1079 3751 1214 3852 fidem
1232 3830 1247 3872 ,
1283 3793 1394 3854 neve
1448 3754 1812 3875 committerent,
1848 3793 1897 3855 ut

438 3892 599 4035 quibus
628 3935 719 4037 pro
756 3938 832 3996 sua
867 3900 1085 4036 paucitate
1121 3936 1244 4038 pares
1295 3939 1381 3997 esse
1433 3937 1526 3998 non
1562 3935 1773 4036 possent,
1809 3897 1896 3998 ho·

434 4076 534 4137 tum
571 4039 680 4140 vites
717 4077 771 4140 et*
795 4040 1014 4181 impetum
1052 4070 1215 4140 temere
1252 4080 1355 4141 cum
1379 4115 1384 4120 ‚
1409 4082 1484 4142 sua
1518 4044 1708 4183 pernicie
1760 4082 1896 4183 expe-

434 4183 651 4293 rirenturs
690 4182 851 4325 quibus
887 4184 1062 4285 tandem
1100 4179 1212 4285 facta
1249 4184 1369 4305 fide,
1410 4189 1542 4319 (nam
1580 4188 1711 4287 initio
1760 4187 1895 4287 mira

433 4320 587 4429 bantur
624 4365 666 4428 et
701 4325 1051 4465 addubitabant)
1088 4328 1396 4468 explorataque
1443 4370 1623 4430 suorum
1672 4325 1815 4470 fuga,
1850 4369 1895 4430 se

431 4471 639 4610 Angieno
675 4475 997 4608 permiserunt„
1033 4473 1261 4614 Angienus
1298 4472 1566 4581 humanitate
1618 4474 1809 4592 ductus,
1849 4510 1894 4573 et

427 4609 779 4714 Christianorum
829 4618 943 4717 inter
988 4656 1030 4715 se
1080 4618 1442 4719 consuetudinem
1488 4654 1690 4735 secutus,
1728 4615 1891 4716 dediti-

426 4753 509 4856 tios
546 4784 785 4899 captosque
821 4798 1001 4869 ceteros.-
1020 4762 1213 4864 domum
1246 4757 1404 4867 liberos
1455 4759 1576 4863 abire
1611 4801 1678 4867 ,ea
1730 4761 1887 4863 condi*

1795 4939 1882 5003 tto-
