4170 5866
478 185 562 296 ιιι
868 189 950 271 ιιι
984 189 1191 270 nasus
1224 188 1447 274 casrrs

423 347 667 514 hortosque
716 384 759 450 et
796 347 943 452 vineas
999 347 1285 467 immittunt,
1322 350 1402 489 qui
1452 343 1649 467 fructus,
1685 388 1789 450 curn
1840 398 1896 456 ex

418 494 511 595 aliis
538 492 824 613 fluminibus,
842 492 948 594 hinc
984 535 1036 594 ex
1066 501 1322 629 Pyrenaeo,
1344 493 1461 592 illinc
1499 535 1551 592 ex
1585 425 1782 594 lditbeda
1819 501 1896 599 de-

378 638 688 761 fluentibus,
725 679 947 783 magnus,
984 679 1037 737 ex
1073 639 1203 740 Ibero
1240 675 1390 737 tamen
1446 673 1611 738 ceteros
1662 640 1891 782 excipien-

415 819 494 904 te,
531 785 671 885 tenuis
707 824 758 883 ac
793 823 932 925 paene
969 783 1113 883 nullus
1149 817 1253 882 ante
1290 778 1571 923 capiebatur.

461 935 630 1030 XXIV
684 940 895 1029 Ceterum
929 966 1068 1067 nuper
1096 927 1301 1029 Caroli
1287 966 1404 1057 Jussu
1440 964 1694 1068 magnoque
1731 966 1887 1032 sumtu

414 1107 605 1212 quatuor
634 1073 803 1173 circiter
824 1109 1032 1213 passuum
1063 1066 1254 1172 millibus
1281 1066 1396 1170 infra
1422 1069 1626 1171 Tutelam
1652 1081 1884 1176 Navarrae

301 1257 303 1272 ι
414 1214 570 1316 urbem
596 1249 850 1358 opportuno
887 1214 989 1316 loco
1013 1211 1224 1315 Iberus
1194 1252 1254 1312 src
1280 1214 1470 1313 derivari
1503 1249 1685 1354 coeptus
1716 1253 1808 1339 est,
1840 1254 1893 1321 ut

417 1400 568 1464 omnes
605 1360 809 1461 omnium
846 1360 1081 1461 fluminum
1116 1357 1453 1460 commoditates
1489 1397 1749 1499 aequaturus
1799 1404 1893 1507 esse

376 1510 379 1513 “
415 1504 648 1623 videatur,
685 1506 815 1605 ducta
851 1505 1077 1647 capaciore
1114 1500 1235 1602 incili
1272 1497 1385 1602 fossa
1422 1540 1496 1642 per
1532 1498 1807 1629 vallem,
1772 1547 1890 1646 quae

414 1649 549 1790 longe
584 1650 757 1789 lateque
794 1685 946 1791 patens
981 1645 1109 1749 Ibero
1145 1685 1195 1745 ac
1228 1644 1423 1747 ldubeda
1458 1646 1737 1811 continetur,
1769 1690 1885 1790 quae

414 1787 528 1892 fossa
565 1829 741 1934 septum
777 1791 909 1893 habet
946 1834 972 1892 a
1007 1791 1128 1892 laeva
1164 1791 1355 1891 secundo
1391 1788 1574 1890 flumine
1629 1793 1883 1934 naviganti

414 1932 495 2037 bus
529 2014 545 2057 ,
582 1937 708 2077 quod
760 1970 1050 2039 transversum
1102 1973 1177 2074 per
1227 1968 1378 2055 totum
1425 1931 1617 2035 fluminis
1675 1938 1884 2061 alveum,

266 2124 268 2129 ⁴
414 2121 508 2181 non
544 2119 694 2202 recta,
733 2084 807 2180 sed
861 2080 1100 2182 secundum
1137 2088 1228 2212 ejus
1279 2113 1479 2178 naturam
1531 2077 1588 2178 ab
1624 2079 1825 2182 altera
1791 2122 1888 2224 rrpa

415 2227 471 2324 ad
522 2223 660 2325 incilia
710 2221 854 2326 fauces
892 2223 1145 2325 deducitur.
1205 2235 1391 2325 Constat
1442 2256 1588 2323 autern
1640 2266 1692 2324 ex
1744 2224 1888 2328 tribus

263 2444 267 2451 -
414 2406 679 2532 magnorum
710 2405 966 2471 truncorum
983 2409 1112 2508 ,quo
1146 2365 1333 2467 diximus
1359 2369 1527 2486 mod0,
1547 2368 1685 2469 ductis
1713 2371 1887 2471 ordini

414 2509 536 2635 bus,
567 2553 648 2653 qur
683 2515 860 2633 trunci,
894 2552 1046 2615 averso
1082 2550 1156 2654 per
1194 2545 1371 2673 partes,
1408 2510 1518 2613 dum
1570 2551 1680 2651 opus
1738 2507 1884 2615 effici-

411 2693 513 2776 tur,
549 2656 764 2779 flumine,
801 2656 1264 2758 machinationibus
1253 2694 1300 2757 ιιι
1353 2693 1511 2756 terram
1562 2655 1777 2777 defixi,
1763 2694 1881 2759 rnter

411 2841 454 2900 se
489 2795 601 2900 infra
635 2841 852 2943 supraque
889 2799 1086 2903 trabibus
1122 2800 1360 2941 adiguntur
1390 2828 1414 2907 ι’
1437 2835 1534 2901 tum
1571 2842 1622 2900 ex
1659 2835 1878 2902 transver-

412 2984 460 3043 so
497 2983 601 3044 cum
647 2947 806 3047 diversi
843 2946 1010 3047 ordinis
1062 2946 1225 3045 truncis
1262 2943 1553 3086 colligantur.
1605 2944 1771 3047 Tribus
1810 2946 1881 3047 his

408 3122 663 3191 truncorum
699 3089 927 3192 ordinibus
963 3089 1149 3193 totidem
1185 3089 1420 3229 grandium
1471 3127 1672 3189 saxorum
1715 3129 1876 3232 perpe
1963 3150 1968 3195 ι

411 3233 478 3332 tui
515 3234 687 3334 ordines
723 3235 1033 3376 applicantur,
1060 3230 1234 3333 duobus
1271 3233 1433 3332 scilicet
1469 3232 1749 3333 dumtaxat
1737 3270 1882 3336 mter-
1944 3240 1959 3353 j

412 3376 535 3477 vallis
588 3379 779 3497 relictis,
817 3377 979 3519 quibus
1029 3379 1173 3520 glarea
1222 3377 1453 3478 commista
1505 3378 1619 3480 calce
1667 3355 1949 3524 repletis‚l
1933 3434 1942 3473 t

411 3521 682 3622 munitiones
731 3523 937 3625 exsistunt
986 3559 1139 3625 contra
1175 3560 1357 3621 omnem
1405 3561 1619 3663 aquarum
1656 3523 1928 3664 impetum

411 3665 630 3766 invictae.
671 3677 774 3766 Hoc
809 3705 983 3807 septum
1020 3707 1112 3767 non
1148 3667 1335 3807 amplius
1372 3667 1603 3807 exsurgit,
1638 3704 1773 3807 quarn
1812 3708 1883 3769 sa·
1913 3652 1922 3744 l

413 3810 468 3909 tis
505 3846 568 3911 est
603 3809 659 3908 ad
694 3809 886 3911 fluminis
923 3811 1261 3913 transcendentis
1297 3846 1466 3972 partem
1503 3807 1708 3911 infimam
1743 3785 1910 3958 incilcq'

410 3989 556 4054 versus
592 3952 922 4095 repellendam,
958 3991 1006 4057 ut
1041 3957 1097 4056 ad
1134 3956 1272 4055 molas
1307 3992 1503 4097 aquarras
1540 3952 1661 4073 fieri,
1699 3957 1772 4055 sed
1811 3956 1894 4055 le

411 4096 535 4200 viore
569 4139 700 4240 opere
736 4099 998 4217 consuevit3
1035 4103 1090 4199 ad
1143 4101 1340 4202 dextram
1377 4139 1483 4202 vero
1534 4100 1687 4203 eadem
1732 3987 1891 4212 incilid

411 4235 525 4343 fossa
561 4281 642 4383 pro
679 4280 803 4384 septo
841 4242 973 4344 habet
1010 4244 1271 4346 latissimum
1308 4288 1359 4347 ex
1396 4245 1615 4408 quadratis
1643 4218 1870 4402 lapidibql

412 4387 658 4526 parietem,
695 4390 797 4485 ad
787 4388 1105 4529 impetentium
1142 4430 1354 4530 aquarum
1392 4429 1526 4510 vrm,
1538 4429 1620 4488 ne
1657 4408 1853 4524 terrena}

415 4528 683 4672 crepidinem
722 4535 971 4634 excedendo
1010 4528 1299 4655 labefactent,
1321 4469 1672 4676 infringebdam,
1692 4536 1747 4634 ad
1785 4526 1842 4779 lq
