4124 5880
570 400 623 487 60
931 411 1018 493 D‘E
1049 407 1273 489 'REBUS
1313 402 1577 487 GESTIS'‘

532 575 659 693 tel0‚
697 572 870 674 classem
906 567 953 667 in
988 565 1161 665 laevam
1196 560 1364 689 flectit,
1400 603 1532 704 seque
1567 562 1624 663 ad
1660 557 1875 665 onerarias
1912 605 1993 667 na-

533 758 652 838 ves,
685 754 728 817 ct
763 747 930 855 partem
981 706 1039 809 ab
1088 703 1287 807 hostibus
1338 746 1526 810 aversam
1577 707 1765 848 recipere
1815 747 1891 850 per
1925 710 1993 831 it,

533 858 814 977 triremibus,
850 895 939 996 qua
974 855 1322 954 demonstratum
1358 888 1419 954 cst
1454 851 1812 992 perturbatione,
1844 749 1993 955 subsc-

535 1002 792 1147 quentibus.

606 1152 827 1248 XXXIX.
903 1141 985 1244 Sed
1022 1178 1115 1281 quo
1151 1138 1200 1240 id
1254 1135 1421 1240 factum
1471 1178 1565 1243 non
1616 1177 1706 1243 tam
1755 1183 1781 1242 a
1830 1139 1992 1245 timore

535 1288 823 1435 profectum,
858 1323 994 1426 quam
1030 1282 1214 1383 consilio
1257 1284 1610 1426 administratum
1662 1281 1787 1387 finisse
1823 1287 1994 1388 videre·

537 1473 642 1554 tur,
691 1428 931 1533 circumitis
978 1424 1161 1528 navibus
1197 1428 1438 1542 onerariis,
1477 1428 1525 1528 in
1560 1430 1759 1533 dextrum
1795 1430 1992 1570 ipsarum

538 1617 715 1697 cornu,
749 1573 874 1715 quod
926 1572 1141 1675 orientem
1191 1571 1328 1671 solem
1384 1572 1605 1712 spectabat
1634 1651 1649 1693 ,
1678 1575 1991 1717 progreditur,

539 1721 677 1824 veluti
711 1716 992 1819 commodius
1028 1712 1086 1815 ab
1129 1740 1196 1814 ea‘
1229 1752 1350 1856 parte
1402 1714 1576 1817 hostem
1613 1717 1752 1838 flatu,
1789 1719 1992 1859 quamvis

539 1864 720 1968 remisso
740 1912 766 1982 ,·
791 1863 981 1962 secundo
1017 1896 1165 1959 tamen
1200 1858 1458 1963 invasurus.
1513 1862 1595 1962 Sed
1631 1901 1732 1962 cum
1782 1861 1830 1961 in
1880 1904 1992 1963 con-

541 2044 737 2151 spectum
773 2005 1000 2128 rediisset,
1038 2038 1082 2102 et
1115 2001 1384 2104 Charadinus
1420 2004 1561 2105 aciem
1597 2005 1652 2107 ab
1696 2004 1994 2119 onerariarum

540 2149 874 2294 oppugnatione
908 2149 957 2248 in
972 2253 975 2258 ,
992 2146 1187 2247 triremes
1223 2148 1547 2274 convertisset,
1582 2145 1807 2270 substitit,
1844 2185 1911 2269 et,
1948 2190 1994 2250 se

542 2329 790 2434 spectante,
814 2295 919 2392 duas
943 2301 1221 2393 Venetorum
1256 2292 1480 2412 triremes,
1503 2332 1614 2433 quae
1649 2289 1706 2392 ab
1731 2293 1861 2393 initio
1896 2289 1993 2394 fue-

542 2472 638 2537 rant
672 2437 804 2577 longe
840 2476 865 2534 a
900 2470 1025 2578 tergo
1062 2470 1240 2576 propter
1274 2436 1463 2578 ipsarum
1498 2436 1744 2537 tarditatem
1788 2436 1995 2557 relictae,

544 2582 786 2724 expugnari
819 2618 963 2719 passus
999 2613 1098 2704 est,
1134 2578 1255 2678 nullo
1292 2579 1456 2680 auxilio
1492 2618 1572 2678 nec
1607 2579 1709 2703 his,
1744 2620 1825 2681 nec
1865 2578 1994 2681 labo-

542 2726 734 2828 rantibus
770 2721 1034 2864 quibusdam
1071 2721 1308 2841 onerariis,
1345 2762 1452 2864 quas
1488 2722 1671 2824 malacia
1712 2725 1846 2865 paulo
1892 2724 1997 2825 lon-

544 2869 641 3011 gius
677 2909 702 2967 a
735 2862 981 3008 frequentia
1015 2900 1252 2966 ceterarum
1287 2902 1590 3009 oppresserat,
1627 2864 1866 2970 submisso.
1910 2878 1995 2969 Ita-

546 3053 633 3153 que
671 3050 763 3113 non
799 3010 946 3111 solum
991 3009 1223 3112 annotinae
1263 3049 1393 3112 naves
1430 3049 1654 3152 quatuor,
1683 3046 1759 3113 aut
1794 3011 1997 3154 quinque

545 3155 722 3255 amissae
757 3192 996 3296 captaeque
1033 3194 1044 3263 3
1083 3156 1154 3255 sed
1192 3156 1388 3256 oneraria
1422 3156 1552 3259 etiam
1589 3196 1875 3300 expugnata,
1909 3193 1998 3299 qua

543 3299 738 3441 ‚Villegas
773 3301 987 3440 Figucroa
1021 3337 1124 3398 cum
1160 3298 1244 3398 suis
1281 3300 1622 3444 manipularibus
1658 3299 1927 3424 vehebatur,
1955 3335 1998 3402 ct

392 3576 396 3580 θ
440 3548 441 3551 ¹
544 3442 723 3562 altera,
759 3482 872 3583 quae
908 3441 1166 3543 Machinum
1204 3446 1473 3588 Monguiam
1531 3446 1832 3548 centurionem
1893 3482 1999 3546 cum

546 3588 627 3686 suis
676 3586 902 3687 sustulerat
937 3665 953 3708 ,
986 3583 1266 3689 vehementer
1316 3625 1600 3733 oppugnata.
1654 3592 1728 3692 Ad
1778 3627 2000 3690 summam

544 3729 719 3849 Doria,
753 3729 919 3831 cunctis
955 3728 1086 3831 rebus
1121 3732 1381 3873 trepidanter
1415 3735 1620 3876 nullaque
1656 3735 1823 3836 ratione
1858 3734 1995 3835 admi-

544 3872 730 3978 nistratis
765 3950 780 3992 ,
818 3913 874 3976 ne
909 3874 1104 4014 primum
1146 3876 1329 4015 quidem
1373 3878 1596 4019 impetum·
1641 3877 1774 3978 hostis
1815 3877 2000 3981 sustine-

545 4054 612 4137 re,
650 4052 726 4116 aut
762 4052 1003 4158 exspectare
1038 4018 1236 4121 animum
1271 4021 1467 4121 induxit.
1518 4033 1635 4163 Ergo
1672 4057 1858 4125 netum
1894 4020 2002 4163 qui-

543 4161 645 4262 dem
680 4159 794 4262 inito
829 4160 1064 4261 certamine
1102 4240 1117 4282 ,
1151 4162 1273 4263 nullo
1325 4164 1516 4303 denique
1554 4166 1643 4266 telo
1682 4166 1870 4284 emisso,
1895 4203 2002 4266 curn

541 4314 633 4436 jam
671 4342 778 4406 esset
815 4343 952 4409 sctum
989 4305 1111 4426 diei,
1149 4306 1271 4408 navis
1316 4345 1495 4448 proram
1533 4306 1591 4408 ab
1630 4308 1826 4412 hostibus
1866 4346 2003 4409 aver-

540 4451 623 4550 tit.
680 4452 819 4563 Quod
857 4450 1202 4551 animadvertens
1243 4449 1504 4553 Vincentius
1542 4453 1774 4593 Capellus,
1810 4449 2003 4552 timens·-v

540 4634 627 4733 que
663 4629 836 4692 suarum
872 4593 1119 4695 triremium
1155 4593 1408 4712 nonnullis,
1446 4635 1502 4695 ne
1538 4631 1712 4735 propter
1747 4593 1998 4697 tarditatem

537 4736 587 4838 in
621 4733 766 4879 fuga,
801 4774 935 4878 quam
971 4738 1113 4878 parari
1148 4735 1411 4870 judicabat,
1446 4736 1502 4839 ab
1540 4734 1870 4881 insequentibus
1906 4737 1999 4837 ho«

1909 4918 1997 4982 str-
