4170 5866
547 393 787 474 CAROLI
827 395 880 473 V.
923 397 1043 475 LIB.
1085 403 1210 478 xxi.
1478 396 1560 512 167

148 552 223 656 fici
258 550 525 656 munitiones
560 553 872 693 prohiberent.
927 562 1135 652 Ceterum
1170 554 1375 657 Kalendis
1410 551 1604 700 Septem-

144 697 268 819 bris,
306 700 475 798 lucente
512 696 618 816 die,
657 699 810 795 decem
845 695 927 793 alia
975 705 1139 827 majora
1175 733 1218 797 et
1255 702 1464 800 nonnulla
1513 706 1602 806 mi-

137 878 255 943 nora
290 877 540 958 tormenta,
579 840 802 977 productis
839 848 1017 939 latenter
1055 876 1298 981 antegressa
1333 881 1461 944 nocte
1498 842 1609 948 mu·

131 984 418 1100 nitionibus,
453 983 509 1079 ad
546 1017 718 1120 portam
753 993 903 1081 Eunae
939 1016 1030 1081 tam
1069 1022 1205 1123 prope
1257 1024 1404 1086 muros
1457 981 1600 1091 collo}

134 1163 236 1225 cata
272 1160 588 1266 apparuerunt,
623 1161 673 1223 ut
710 1165 845 1264 paene
881 1162 1016 1222 manu
1054 1126 1190 1224 telum
1227 1128 1349 1268 adigi
1386 1167 1553 1267 posset.

216 1279 340 1370 XIV.
416 1268 538 1368 Hinc
575 1307 739 1408 magno
777 1269 947 1407 impetu
982 1267 1145 1381 Gallica
1180 1263 1344 1370 ferocia
1379 1312 1484 1371 cum
1532 1274 1602 1373 lu-

139 1452 196 1509 ce
247 1407 480 1551 grandibus
532 1407 924 1550 frequentibusque
987 1408 1130 1550 globis
1192 1415 1604 1554 propugnaculum,

144 1555 274 1692 quod
310 1588 400 1652 etat
435 1554 489 1651 ad
540 1594 718 1672 arcem,
756 1587 932 1691 quatere
988 1591 1259 1694 coeperunt,
1297 1591 1380 1673 ut,
1418 1558 1603 1687 disjectis

146 1691 427 1794 interioribus
464 1694 817 1812 munitionibus,
855 1692 933 1792 ubi
970 1729 1091 1793 erant
1144 1732 1361 1797 tormenta
1414 1700 1604 1839 disposi-

148 1873 230 1956 ta,
267 1837 484 1975 pulsisque
520 1834 960 1977 propugnatoribus,
1003 1835 1174 1936 liberius
1210 1881 1257 1939 ea
1294 1878 1453 1978 parte,
1490 1882 1603 1983 quae
1672 1870 1676 1874 ’

147 2018 335 2078 mrntnre
370 2018 571 2078 omnium
608 2016 696 2076 erat
732 2017 902 2079 munita
936 2054 950 2095 ,
988 2018 1162 2079 murum
1206 2017 1523 2106 concuterent,
1560 2022 1604 2085 et

151 2123 236 2222 suis
272 2122 393 2220 viam
430 2124 486 2220 ad
521 2121 744 2261 oppidum
789 2122 1084 2222 invadendum
1132 2123 1386 2262 aperirent:
1428 2165 1522 2264 quo
1555 2128 1605 2226 in

150 2265 485 2406 propugnaculo
522 2304 622 2364 cum
660 2300 795 2363 essent
832 2265 922 2362 duo
959 2299 1132 2364 tantum
1166 2282 1328 2406 magna
1359 2303 1402 2366 et
1430 2269 1605 2408 aliquot

151 2409 324 2506 minora
360 2443 614 2526 tormenta,
650 2446 781 2547 parva
817 2406 877 2504 sic
913 2441 1032 2504 etant
1078 2406 1325 2545 disposita,
1361 2446 1411 2509 ut
1461 2449 1604 2510 unum

152 2552 292 2649 modo
328 2551 384 2647 ad
419 2588 512 2649 rem
549 2590 598 2648 ea
646 2585 763 2688 parre
815 2549 1054 2689 gerendam
1104 2551 1380 2650 accomodari
1430 2588 1603 2688 posset,

150 2733 203 2792 ex
240 2690 415 2792 duobus
467 2728 615 2792 autem
651 2691 820 2832 magnis
870 2692 927 2788 ad
964 2691 1138 2790 alterius
1174 2731 1300 2790 usum
1344 2693 1512 2791 nullum
1549 2734 1606 2793 o-

153 2835 313 2936 mnino
349 2835 483 2935 telum
520 2831 663 2933 habile
701 2831 984 2973 suppetebat.
1024 2846 1127 2952 Qua
1153 2829 1410 2933 difficultate
1446 2835 1605 2933 nostris

154 2975 359 3098 affectis,
395 3016 560 3116 magno
594 2995 696 3075 casu
731 3012 775 3074 et
809 3011 1034 3115 tamquam
1071 2976 1157 3078 Dei
1193 3014 1372 3074 munere
1416 2976 1605 3099 accidit,

154 3158 205 3220 ut
240 3116 368 3219 ferrei
404 3119 529 3260 globi
565 3117 809 3256 complures
846 3118 969 3257 quasi
1005 3119 1060 3217 ad
1098 3156 1345 3219 mensuram
1393 3119 1605 3218 tormenti

158 3272 247 3394 ejus
300 3263 516 3380 tornati,
552 3259 782 3361 hostilibus
832 3258 1084 3360 bornbardis
1138 3260 1436 3361 emitterentur
1473 3300 1485 3367 3
1523 3261 1603 3399 qui

159 3402 285 3545 globi
321 3446 345 3504 a
381 3404 537 3504 nostris
573 3404 802 3545 diligenter
839 3402 1047 3540 excepti,
1084 3441 1249 3542 magno
1286 3402 1382 3501 usui
1418 3403 1474 3499 ad
1510 3439 1608 3501 eam
1655 3436 1657 3439 ’

158 3548 557 3688 propugnationem
594 3541 805 3666 fuerunt,
839 3545 1005 3684 quippe
1041 3584 1195 3644 eorum
1232 3544 1323 3645 telis
1365 3579 1466 3642 ante
1508 3581 1607 3642 me-

157 3690 314 3789 ridiem
352 3689 528 3790 hostilia
564 3690 774 3788 nonnulla
811 3723 1031 3785 tormenta
1066 3688 1338 3785 comminuta
1390 3721 1530 3803 sunt,
1566 3720 1609 3784 er

158 3828 328 3932 inutilia
363 3830 563 3950 reddita,
602 3829 807 3971 bonaque
844 3867 940 3968 pars
985 3830 1373 3928 tormentariorum
1416 3828 1613 3927 militum

159 3974 372 4094 concisa,
405 3973 729 4115 necessarioque
777 3973 911 4114 paulo
947 4007 1049 4112 post
1099 3972 1331 4072 meridiem
1367 3969 1424 4070 ab
1460 4006 1610 4110 oppu-

161 4118 372 4258 gnatione
406 4154 640 4219 cessatum.
1424 4103 1430 4108 ¹

229 4270 334 4360 XV.
414 4271 518 4359 Hoc
553 4258 892 4380 animadverso,
930 4267 1124 4395 Joannes
1161 4264 1346 4397 Acugna
1381 4253 1490 4352 duos
1511 4264 1612 4391 'Ca-

164 4403 441 4503 stellanorum
485 4403 800 4518 centuriones,
845 4417 1071 4500 Bezerram
1120 4434 1161 4501 et
1198 4396 1463 4500 Machucam
1510 4436 1613 4498 cum
1719 4401 1724 4410 ’

164 4546 245 4642 suis
281 4545 621 4686 manipularibus
658 4582 843 4643 numero
879 4543 934 4640 ad
971 4539 1301 4680 quadringentis
1337 4539 1614 4680 eruptionem
1653 4627 1656 4631 .

163 4682 299 4810 facere
334 4687 498 4822 jubet,
533 4688 721 4829 etquid
758 4685 851 4786 fieri
886 4683 1030 4801 velit,
1067 4683 1285 4784 ostendit.
1341 4682 1405 4783 Hi
1440 4719 1515 4821 per
1551 4718 1615 4778 ar-

1558 4857 1617 4916 crs
