4034 5858
385 376 476 448 FLO
1151 379 1246 451 FON

117 471 241 547 ctitur.
266 476 312 545 II.
334 499 413 571 332.
887 477 939 546 ΙΙ.
964 500 1044 571 333.
1573 546 1578 554 ,

66 577 185 651 Fliscus
201 574 557 670 (JoannesAloysius)
575 579 717 647 Comes.
731 580 777 646 II.
835 579 1105 650 Florentinorum
1130 577 1213 647 Dux
1241 580 1407 664 (Cosmus
1434 577 1546 652 Medi·

109 698 171 767 41.
195 675 381 772 Comilium
415 675 477 744 init
504 675 626 745 Dorias
662 675 785 765 conci·¹
845 756 852 767 .
884 678 958 756 ces)
981 674 1174 746 Senensibus
1194 699 1308 771 pacem
1328 702 1396 748 non
1424 678 1545 774 iniquis

110 773 259 857 dendi‚et
277 777 437 845 Genuam
455 774 573 845 urbem
588 775 633 845 ad
645 781 774 874 Regem
882 775 1132 848 conditionibus
1167 777 1281 847 Caroli
1309 779 1452 848 Caesaris
1477 804 1542 850 no·

110 876 249 946 Gallum
267 872 412 945 ,deficere
429 896 579 944 coactam
604 890 774 971 occupata·
882 877 970 947 mine
988 874 1163 945 concedit.
1188 881 1236 946 11.
1251 880 1334 966 456.

109 973 167 1044 di.
186 975 231 1041 ll.
255 996 332 1066 327.
366 980 515 1048 Romam
541 973 630 1055 adit,
644 995 677 1043 et
694 998 772 1046 cum
829 975 971 1048 Fluchus
989 983 1005 1062 (
1020 975 1179 1070 Gaspar)
1200 998 1242 1045 ex
1262 974 1439 1046 Bohemiae
1460 984 1542 1048 Pro·

106 1072 212 1144 Paulo
229 1072 391 1145 Pontifice
414 1074 549 1166 ejusque
566 1074 690 1144 intimis
705 1076 773 1144 col·
878 1075 1007 1147 ceribus
1029 1073 1191 1145 Fernandi
1215 1075 1316 1174 Regis
1343 1075 1408 1145 iter
1433 1076 1541 1173 irnpe-
1575 1100 1577 1111 ¹

105 1173 284 1266 loquitur.
311 1178 357 1243 Il.
390 1196 469 1266 327.
496 1171 632 1244 Andrea
663 1173 772 1244 Doria
877 1173 950 1245 dit.
971 1179 1016 1245 Il.
1036 1197 1116 1268 311·

104 1268 310 1342 familiariter
336 1272 442 1342 utitur
457 1322 468 1353 ‚
481 1273 578 1368 eique
600 1272 772 1369 persuadet
827 1270 947 1372 Flugus
966 1275 1132 1367 (Julius)
1160 1269 1355 1371 Theologus
1383 1271 1540 1344 Catholi-

104 1393 137 1440 se
161 1373 331 1467 piraticam
353 1395 501 1442 exercere
522 1374 770 1466 velle.lI.328.
875 1397 933 1446 cus
966 1398 1046 1444 cum
1084 1372 1217 1442 duobus
1255 1374 1322 1443 aliis
1356 1373 1540 1470 Theologis

105 1472 307 1542 Amicorum
331 1472 467 1542 turbam
491 1471 534 1542 ad
553 1496 772 1559 coenampvo-
875 1472 1059 1543 Catholicis
1081 1472 1284 1545 Ratisbonae
1315 1471 1472 1571 deligitur
1493 1470 1539 1542 ad

105 1589 185 1653 cat,
210 1595 277 1665 qua
297 1592 456 1667 peracta,
478 1574 631 1642 oratione
655 1572 697 1642 ad
716 1595 771 1644 eos
874 1570 1111 1668 disputandum
1127 1569 1281 1642 aduersus
1306 1574 1536 1644 Lutheranos.

104 1667 219 1740 habita
251 1669 405 1740 hortatur
435 1668 478 1739 ad
506 1691 666 1765 tyrannos
698 1672 770 1741 exi*
873 1675 919 1740 II.
943 1692 1020 1759 125.

104 1767 254 1867 gendos.
279 1775 325 1837 ll.
358 1787 436 1861 329.
464 1772 562 1839 Duos
591 1770 769 1840 dumtaxat
825 1767 998 1841 Foederati
1028 1769 1263 1840 Helvetiorum
1295 1761 1339 1838 ad
1368 1787 1538 1863 quatuor-

105 1866 193 1938 viros
208 1867 333 1938 nobiles
353 1869 527 1940 consilium
543 1868 771 1965 improbantes
873 1867 982 1938 decim
1019 1868 1119 1938 millia
1155 1868 1334 1938 accessione
1363 1868 1450 1939 facta
1484 1893 1537 1940 re·
1584 1888 1585 1895 ’

102 1964 138 2036 in
165 1967 359 2038 cubiculum
380 1967 549 2051 includit,
571 1989 770 2039 ceterosnu-
872 1967 974 2036 creati
997 1964 1228 2039 Mediolanum
1251 1990 1361 2038 rursus
1386 1965 1540 2038 obsidere

104 2087 200 2133 mero
226 2065 355 2134 circiter
387 2084 551 2136 trecentos
581 2085 711 2149 armat,
736 2083 770 2136 et
873 2084 1009 2161 parant.
1032 2072 1060 2136 Ι.
1083 2066 1160 2148 198.
1490 2075 1493 2079 ⁴

105 2161 211 2232 domo
230 2161 363 2232 educit.
394 2165 437 2232 ΙΙ.
460 2188 536 2258 330.
561 2173 621 2237 Per
636 2165 703 2252 ejus
719 2165 770 2234 in·
824 2164 1015 2241 Fonsalidae
1050 2170 1174 2235 Comes
1205 2170 1358 2253 (Petrus
1393 2164 1488 2251 hiala
1517 2165 1535 2248 )
1587 2203 1589 2207 ·

104 2260 199 2332 sidias
222 2263 438 2353 Joannetinus
453 2263 561 2334 Doria
580 2261 768 2335 occiditur.
872 2265 1033 2334 castellae
1057 2264 1213 2335 Concilio
1232 2263 1366 2334 interest
1375 2310 1389 2330 .
1415 2265 1461 2331 ll.
1474 2264 1533 2333 68.

104 2361 150 2430 ΙΙ.
182 2384 262 2452 331.
294 2361 459 2432 Triremes
491 2387 684 2461 oppugnare
708 2387 769 2461 ag·⁴
870 2361 1058 2459 Philippum
1076 2363 1306 2435 Salmanticam
1327 2361 1369 2432 ad
1381 2385 1532 2457 sponsant
1589 2406 1591 2412 ·

102 2481 246 2556 gressus,
264 2478 297 2528 et
321 2457 452 2530 fallente
469 2464 605 2560 vestigio
616 2463 650 2532 in
678 2484 769 2534 mare
871 2462 1054 2533 venientem
1075 2464 1275 2533 comitatur.
1298 2464 1343 2530 lI.
1363 2483 1443 2555 243.

101 2555 473 2630 decidenssuffocarur.
497 2567 542 2632 II.
565 2586 642 2656 331·
821 2561 962 2633 Fonseea
988 2561 1213 2649 (Allonsus)
1237 2584 1317 2631 curu
1336 2564 1436 2632 classe
1456 2562 1532 2633 Ge⁴

52 2658 172 2729 Fliscus
195 2663 317 2730 Comes
342 2667 357 2746 (
379 2661 612 2742 Otrobonns)
635 2661 769 2754 Jomnis
870 2684 972 2730 nuam
989 2661 1191 2756 appellit,et
1207 2661 1333 2756 magnis
1361 2659 1532 2731 itineribus
1622 2664 1627 2672 '

100 2755 203 2828 frater
242 2777 321 2828 natu
360 2758 491 2828 minor.
524 2766 570 2830 11.
604 2784 681 2852 327.
726 2763 765 2829 In
871 2758 914 2830 ad
930 2762 1092 2831 Carolum
1107 2758 1306 2831 contendit.
1329 2762 1374 2828 11.
1390 2781 1474 2852 430.
1497 2774 1532 2827 et

103 2853 249 2926 Galliam
269 2879 300 2925 se
323 2853 402 2953 fuga
426 2858 616 2940 subtrahit,
640 2879 673 2930 et
698 2860 767 2948 ejus
869 2881 913 2952 43
925 2883 954 2927 1.

103 2953 193 3024 bona
210 2956 351 3025 Genuae
374 2955 597 3049 publicantur.
623 2962 668 3026 Il.
686 2981 764 3050 332.
819 2964 962 3034 Fouseca
983 2957 1209 3042 (Antonius.)
1237 2980 1254 3026 a
1278 2958 1404 3027 Carolo
1428 2954 1530 3026 disce·

49 3055 160 3126 Floreni
193 3074 410 3123 nummorum
440 3079 616 3128 aureorum
643 3079 766 3154 genus.
869 3057 968 3128 dente
992 3057 1105 3154 Regiis
1126 3055 1227 3151 copiis
1250 3079 1389 3150 praeesse
1407 3056 1530 3144 jussus,

101 3156 130 3221 1.
152 3152 391 3245 33o.II.1o8.
420 3178 499 3248 322.
515 3175 548 3225 et
577 3178 654 3249 374·
867 3155 976 3250 siquid
998 3157 1162 3224 tumultus
1185 3154 1345 3235 oriretur,
1362 3154 1530 3248 Ronquil-

50 3250 236 3322 Florentia.
259 3254 374 3343 l.127.
391 3272 424 3323 ct
442 3259 523 3324 216.
547 3260 586 3325 In
597 3256 678 3326 duas
690 3278 766 3350 pat⁴
867 3257 902 3326 lo
925 3253 1058 3351 obviam
1076 3254 1226 3350 procedit
1242 3255 1322 3346 ‚qui
1344 3255 1372 3322 ei
1392 3256 1529 3348 equitad

100 3367 148 3419 tes
170 3348 345 3421 Medicum
363 3373 396 3421 et
417 3353 653 3426 Soderinorum
676 3353 765 3426 divi·
867 3373 941 3424 tum
969 3349 1091 3423 tradit.
1131 3358 1159 3422 l.
1193 3357 1252 3422 66.
1291 3351 1527 3446 Methymnam

99 3470 133 3517 sa
150 3450 335 3520 libertatem
360 3451 500 3522 amittit.
519 3458 565 3522 II.
583 3454 617 3523 8.
868 3458 1095 3547 campestrem
1138 3471 1319 3549 progressus
1361 3467 1528 3520 tormenta

52 3543 235 3617 florentiae
257 3552 358 3620 Dux.
381 3563 414 3623 V·
432 3551 579 3623 Medices
594 3553 766 3642 (Alexan-
867 3554 1013 3649 primum
1040 3551 1144 3648 poscit
1174 3601 1185 3634 ,
1210 3548 1329 3619 deinde
1364 3573 1423 3645 per
1456 3548 1525 3618 viru

100 3643 160 3714 der
178 3668 208 3716 et
227 3650 401 3728 Cosmus).
866 3651 988 3748 eripere
1012 3649 1133 3722 frustra
1147 3667 1310 3732 conatur,
1328 3665 1361 3716 et
1385 3672 1419 3716 re
1437 3647 1525 3718 infe-

47 3739 228 3814 Florentini
257 3749 467 3821 Malatestam
502 3746 651 3846 ipsorum
687 3745 763 3818 urbi
866 3769 920 3821 cta
943 3749 1100 3820 Torsillas
1127 3744 1329 3829 contendit,
1350 3765 1388 3816 ut
1420 3744 1526 3844 Regi·

99 3841 241 3913 tuendae
256 3845 463 3940 praeficiunt.
483 3846 763 3939 I.297.Deditio-
867 3872 944 3931 nam
972 3851 1133 3940 Joannam
1158 3848 1340 3917 Arevalum
1368 3844 1525 3915 transfer·
1576 3922 1578 3925 ,

98 3964 175 4010 nem
191 3939 297 4012 facere
309 3944 504 4029 decernunt,
514 3968 547 4017 et
564 3949 763 4018 inClemen-
867 3966 933 4026 ηις
949 3966 983 4016 at
1007 3965 1209 4042 repugnante
1233 3944 1425 4016 Marchione
1437 3944 1526 4014 Dia*

97 4041 140 4109 tis
151 4061 346 4135 potestatem
368 4045 610 4143 sepermittere.
635 4053 662 4116 Ι.
685 4068 762 4139 301.
866 4045 924 4116 nio
951 4047 1129 4116 Arevalum
1170 4045 1288 4115 reverti
1317 4044 1470 4140 cogitur.
1496 4045 1524 4109 Ι.

97 4139 243 4211 Medices
261 4141 410 4241 exigunt.
428 4150 473 4216 Il.
491 4147 524 4216 8.
554 4149 611 4238 Jus
624 4146 763 4216 liberta·
868 4149 926 4214 66.
962 4143 1020 4215 Ad
1038 4145 1294 4241 Portugalliam,
1322 4161 1354 4210 et
1386 4140 1462 4210 inde
1488 4133 1524 4209 in

96 4239 139 4309 tis
162 4240 344 4311 amittunt.
361 4246 407 4311 ll.
422 4247 456 4314 8.
481 4245 538 4316 Ad
554 4244 761 4316 deditionem
867 4243 1018 4342 Belgium
1046 4242 1089 4314 ad
1112 4243 1275 4313 Carolum
1301 4241 1477 4337 confugit.
1494 4244 1523 4308 I.

96 4340 480 4414 aClementel’ontilice
501 4332 761 4439 compelluntur.
868 4344 925 4414 68.
954 4343 1109 4437 Optimos
1136 4343 1203 4412 sine
1233 4342 1332 4410 titulo
1361 4340 1524 4411 Castellae

97 4441 145 4507 11.
160 4439 192 4506 8.
206 4436 387 4510 Interfecto
405 4442 599 4513 Alexandro
611 4441 760 4524 Mediae,
867 4442 1022 4514 Concilio
1038 4441 1190 4510 interest.
1213 4442 1257 4508 ΙΙ.
1271 4444 1328 4523 69.

98 4531 202 4606 nihilo
225 4557 336 4610 tamen
362 4540 466 4638 magis
500 4542 623 4612 audent
650 4540 695 4612 ad
722 4540 763 4610 li·
817 4541 956 4613 Fonscca
974 4542 1152 4633 (Joanues)
1171 4540 1360 4636 imperitans
1377 4540 1522 4621 Caucae,

101 4633 263 4706 bertatem
283 4639 446 4734 aspirare.
471 4645 518 4710 II.
548 4666 599 4711 ro.
622 4644 661 4709 In
689 4646 763 4712 Co-
866 4642 1026 4711 Castellae
1050 4638 1205 4710 Concilio
1221 4639 1374 4708 interest.
1392 4638 1497 4705 ll.68.

21 4780 25 4786 -
100 4755 175 4802 smo
195 4733 324 4806 Medioe
339 4740 372 4806 in
390 4736 562 4811 demortui
579 4742 692 4811 locum
711 4745 763 4810 Α·
819 4737 962 4813 Fouseca
983 4739 1159 4824 (Petrus)
1179 4737 1355 4807 Taurensis
1385 4737 1522 4832 legatus,

77 4831 250 4902 wlerrandri
293 4832 487 4913 sufficiendo
530 4840 762 4939 consentiunt.
865 4838 1024 4931 castellae
1041 4836 1197 4917 Concilio
1214 4836 1368 4908 interest.
1392 4840 1516 5003 11.ἕὲ

110 4943 203 5010 Μ.
218 4943 258 5004 H·
1230 4947 1248 5008 Ι
1486 4952 1528 4999 ss·
