4124 5880
360 470 370 483 ’
514 450 852 533 cauom-u.
896 454 1006 532 mu.
1049 456 1202 534 xvrr.
1491 474 1548 562 37

133 610 252 719 tandi
304 610 446 758 gratia
502 611 641 712 mittit
681 689 697 728 ,
743 611 890 712 multis
942 648 1162 752 praeterea
1213 612 1315 716 vitis
1364 614 1589 720 nobilibus

132 798 343 902 utrosque
379 754 559 860 nuntios
596 753 1004 861 assectantantibus.
1421 766 1422 773 ‘

201 918 311 1009 XV.
385 898 598 1019 Postridie
632 901 787 1000 Paulus
813 896 1018 1003 Pontifex
1054 937 1097 1001 et
1131 911 1230 1006 Rex
1265 903 1508 1010 Franciscus
1544 907 1592 1012 in

131 1049 281 1151 villam
317 1043 508 1145 Nicae'ni
543 1042 683 1185 agri,
721 1053 841 1185 quae
871 1045 992 1147 abest
1034 1043 1089 1145 ab
1127 1047 1234 1148 urbe
1272 1051 1391 1151 mille
1427 1055 1594 1155 circiter

133 1230 342 1336 passuum
382 1186 607 1292 intervallo
638 1199 664 1306 ',
716 1189 993 1289 consultandi
1038 1223 1080 1288 et
1127 1192 1412 1333 colloquendi
1461 1199 1596 1337 gratia

134 1370 464 1478 processerunt.
490 1334 587 1431 Sed
624 1331 778 1434 Paulus
820 1333 942 1474 prior
978 1336 1136 1454 adest,
1185 1336 1401 1479 plerisque
1438 1341 1598 1441 Cardi-

137 1482 301 1583 nalibus
338 1473 691 1596 comitantibus,
731 1512 862 1618 atque
898 1479 1054 1578 Italicis
1091 1478 1305 1581 militibus
1342 1484 1596 1626 quingentis

137 1662 179 1725 et
200 1619 439 1767 equitibus
475 1632 653 1722 centum
689 1620 977 1762 stipantibus.
1026 1634 1155 1742 Rex,
1193 1625 1272 1764 qui
1310 1666 1361 1727 ex
1398 1627 1597 1769 Antipo÷

134 1769 162 1868 li
213 1769 487 1883 discedens,
541 1764 597 1864 ad
648 1764 980 1867 Villamn'ovam
1035 1765 1257 1869 castellum
1313 1773 1597 1892 consederat,

132 1914 267 2053 paulo
305 1947 406 2054 post
441 1945 543 2008 cum
576 1944 768 2050 utroque
796 1909 887 2011 filio
925 1948 968 2011 et
1000 1921 1215 2050 praeterea
1249 1910 1464 2054 plerisque
1492 1918 1595 2016 Gal-

134 2058 282 2159 lorum
318 2050 587 2196 principibus
625 2053 836 2173 advenit,
875 2053 1098 2196 equitibus
1133 2044 1418 2198 cataphractis
1455 2093 1497 2157 et
1530 2059 1595 2159 le-

132 2202 270 2304 vioris
324 2212 564 2301 armaturae
619 2198 713 2339 plus
767 2199 888 2300 mille
947 2198 1166 2339 tripartito
1217 2200 1596 2323 consectantibus,

130 2347 338 2487 peditum
380 2358 487 2445 vero
532 2372 801 2480 armatorum
846 2342 1044 2484 quinque
1094 2342 1286 2446 millibus
1331 2349 1595 2487 praeceden-

133 2489 290 2593 tibus:
344 2490 621 2591 namxceteri
665 2487 895 2589 comitatus
919 2505 941 2609 ,'
976 2524 1020 2588 et
1062 2497 1256 2610 eorum,
1284 2491 1378 2631 qui
1399 2493 1598 2633 undique

128 2634 357 2779 spectandi
397 2631 536 2778 gratia
571 2671 888 2760 conuenerant,
925 2658 1046 2732 tanta
1081 2654 1171 2734 et'a't
1202 2634 1366 2752 turba,
1409 2628 1599 2777 ut‘agro

125 2817 264 2922 atque
300 2779 383 2881 viis
416 2778 620 2921 repletis,
642 2782 919 2920 progressum
950 2776 1086 2920 Regis
1121 2779 1423 2919 impedirent,
1462 2770 1599 2919 quein

128 2925 386 3039 Cardinales
423 2965 475 3024 ex
508 2937 634 3026 more
669 2923 853 3024 obviam
868 2921 1099 3064 'progressi
1137 2924 1193 3021 ad
1229 2921 1491 3023 Pontificem
1520 2926 1598 3025 de-

125 3065 378 3173 duxerunt.
417 3063 486 3169 Illi
503 3106 648 3188 uero,
670 3106 770 3171 cum
793 3068 906 3168 alter
942 3068 1127 3167 alterum
1163 3067 1380 3167 adorasset
1416 3102 1459 3166 et
1494 3106 1601 3167 con-

139 3211 390 3332 salutasset,
415 3214 485 3314 ad
524 3214 622 3314 solis
662 3203 796 3352 paene
836 3250 1041 3312 occasum
1076 3210 1353 3354 colloquium
1387 3212 1603 3351 produxe-³

135 3389 274 3465 runtt
312 3399 393 3460 nec
429 3355 586 3459 deinde
624 3353 922 3458 intercedebat
956 3357 1080 3476 dies,
1114 3355 1225 3495 quin
1261 3348 1465 3455 Pontifex
1498 3394 1600 3455 cum

131 3502 346 3604 alterutro
366 3581 396 3624 ,‚
416 3499 582 3604 Carolo
600 3579 614 3621 ,
635 3499 705 3600 vel
743 3501 969 3601 Francisco
1010 3500 1362 3643 colloqueretur,
1382 3534 1455 3599 aut
1486 3538 1600 3600 nun-

135 3646 191 3747 tii
230 3648 301 3750 vel
344 3645 486 3791 legativ
525 3647 641 3747 ultro
691 3644 891 3787 citroque
955 3644 1255 3745 mitterentur.
1305 3652 1404 3744 Nec
1454 3644 1598 3745 multo

112 3827 241 3930 post
291 3791 511 3935 Regina,
553 3829 717 3933 magno
763 3790 982 3891 comitatu*
1016 3789 1283 3931 principum
1309 3787 1510 3889 virorum
1561 3825 1603 3887 et

117 3930 364 4038 mobilium
406 3935 726 4076 illustriumque
772 3933 1034 4035 feminarum
1081 3935 1281 4075 stipata,
1329 3928 1513 4074 pedibus
1546 3930 1602 4030 ad

118 4075 402 4180 Pontificem
440 4079 563 4181 venit
604 4079 821 4201 adorandi
858 4078 1158 4221 salutandique
1194 4077 1364 4219 gratia,
1401 4111 1603 4217 excepta-

121 4262 229 4362 que
265 4219 323 4323 ab
362 4263 417 4322 eo
452 4260 545 4346 est,
582 4224 825 4365 praemissis
863 4220 1044 4326 obviam
1082 4217 1385 4329 Cardinalibus
1406 4296 1421 4338 ,
1440 4218 1441 4224 Ν
1461 4252 1511 4319 ut
1543 4257 1607 4324 cst

126 4363 189 4464 in
221 4377 365 4510 Reges
401 4405 444 4468 et
484 4369 678 4511 Reginas
712 4372 1014 4472 consuetud0.
1729 4504 1732 4509 ἢ

209 4520 333 4615 XVI.
410 4515 560 4614 Paucis
610 4509 762 4615 diebus
800 4513 1072 4646 interjectis,
1110 4506 1285 4655 Regina
1327 4511 1523 4634 eadem,
1567 4544 1617 4610 ut

138 4655 352 4757 Catulum
386 4651 567 4760 fratrem
612 4658 750 4800 longo
791 4693 892 4798 post
941 4692 1139 4799 tempore
1175 4653 1354 4758 'viseret'
1372 4692 1416 4756 et
1459 4658 1621 4757 saluta--¹

143 4831 237 4918 ret,
275 4800 430 4904 navim
475 4799 711 4945 magnifice
745 4843 793 4903 ac
812 4897 813 4901 t
833 4801 1054 4944 regaliter
1078 4839 1280 4906 ornatam
1323 4801 1617 4918 conscendit,

1549 4981 1617 5042 re·
