4192 5858
496 445 585 538 234
872 435 956 516 111
1006 429 1215 514 nauus
1264 427 1489 516 Gnsrrs

460 598 679 699 declivem
719 631 909 736 quatuor
944 593 1123 699 circiter
1160 631 1364 734 passuum
1401 592 1597 696 millibus
1634 628 1760 738 supra
1795 605 1932 699 Eme-¹

464 745 628 860 sitam,
656 777 765 840 tetra
804 774 983 883 egesta,
1010 741 1144 879 longe
1180 739 1352 879 lateque
1387 776 1825 881 cavavcrunt,parte
1860 744 1932 843 in-

332 992 335 993 f
466 883 627 987 feriore
683 885 838 984 murali
893 883 1164 984 firmitudine
1217 884 1430 1024 parietem
1501 885 1558 982 ad
1607 883 1832 990 influentes
1883 927 1930 985 a·

467 1073 573 1172 quas
625 1028 889 1132 sustinendas
926 1027 1302 1165 continendasque
1339 1062 1693 1168 opposuerunt,
1733 1066 1777 1130 et
1812 1069 1930 1130 rece

465 1175 692 1317 praculum
729 1173 1059 1314 capacissimum
1096 1206 1507 1311 comparaverunt,
1542 1210 1638 1311 quo
1686 1211 1762 1313 per
1812 1174 1930 1274 rivos

465 1356 508 1419 et
542 1354 748 1419 torrentes
785 1317 944 1459 pluviis
978 1315 1102 1456 aquis
1139 1311 1288 1413 bierne
1324 1312 1640 1461 influentibus,
1667 1354 1829 1459 magna
1865 1319 1927 1417 vis

466 1501 679 1605 aquarum
737 1461 958 1603 colligitur
995 1496 1038 1558 et
1073 1495 1339 1558 asservatur
1390 1469 1463 1559 Est
1499 1491 1646 1558 autem
1697 1461 1927 1610 oppositus

464 1647 603 1750 panes
655 1605 826 1708 duobus
877 1603 1055 1704 castellis
1092 1602 1368 1703 distinctus
1360 1669 1372 1710 ‚
1409 1601 1568 1702 honam
1605 1601 1756 1703 infima
1808 1642 1926 1745 parte

466 1747 684 1853 foramina
729 1747 899 1890 singula
935 1782 1036 1848 sunt
1079 1782 1257 1888 aptata,
1294 1742 1454 1886 quibus
1505 1783 1579 1886 per
1625 1783 1835 1847 aestatem
1884 1789 1926 1848 a

468 1935 559 2037 qua
593 1894 893 2035 dispensatur,
930 1926 973 1991 et
1007 1890 1054 1991 in
1090 1887 1301 2022 subjectas
1353 1890 1527 2009 molas,
1564 1930 1675 2030 quae
1724 1886 1929 2054 frequen·

468 2075 531 2140 tes
569 2037 670 2140 loco
705 2034 910 2138 inferiore
946 2035 1146 2176 deinceps
1183 2034 1418 2174 dispositae
1466 2068 1600 2153 sunt,
1621 2033 1931 2156 immittitur,

468 2222 589 2283 nunc
622 2181 822 2324 quidem
872 2218 965 2284 uno
1016 2178 1225 2299 castello,
1262 2177 1541 2320 antiquitus,
1578 2212 1630 2277 ut
1680 2179 1803 2282 credi
1853 2218 1931 2321 pat

466 2362 567 2444 111,
603 2364 814 2466 utroque.

540 2479 617 2571 Vl.
693 2480 757 2569 Ex
809 2464 1002 2569 Emerita
1053 2465 1340 2609 Episcopus,
1375 2476 1556 2602 trajecto
1592 2474 1736 2590 Ana,
1770 2475 1944 2571 Pacem

458 2618 717 2753 ‘Augustam
753 2611 987 2755 pervenit,
1023 2614 1148 2751 quod
1200 2613 1421 2774 oppidum
1455 2611 1665 2713 Castellae
1713 2545 1946 2715 itltimum
2044 2691 2070 2704 ⁴

466 2755 761 2859 tnconfinio
814 2755 1149 2918 Portugalliae,
1185 2757 1379 2877 Mauri,
1416 2792 1624 2897 corrupto
1674 2754 1935 2878 vocabulo,
2051 2814 2078 2847 ι

465 2906 689 3039 Paxagus,
725 2901 882 3002 deinde
918 2899 1054 3003 nostri
1089 2904 1288 3025 &adaxoz
1326 2901 1570 3042 corruptius
1620 2900 1756 3002 etiam
1809 2941 1925 3001 nun·
2055 2925 2088 2949 ⁴

468 3081 764 3184 cupaverunt.
816 3045 907 3144 Hic
942 3082 1160 3185 quoque,
1196 3083 1246 3145 ut
1296 3046 1343 3146 in
1394 3045 1542 3145 ceteris
1590 3044 1802 3185 oppidis,
1843 3086 1923 3186 qua

467 3187 725 3309 transierat,
762 3226 952 3330 magna
964 3182 1210 3350 frequentia
1258 3185 1444 3290 obviam
1493 3189 1805 3329 prodeuntium
1852 3231 1923 3292 ex-

467 3367 650 3473 ceptus.
705 3333 862 3433 Tertio
897 3331 968 3433 die
1005 3409 1020 3451 ,
1057 3371 1137 3493 qur
1170 3325 1256 3433 fuit
1305 3336 1405 3435 Idus
1442 3329 1699 3450 Octobris,
1738 3331 1923 3472 Episco

466 3511 547 3612 pus
582 3476 701 3577 idem
735 3516 844 3578 cum
878 3515 958 3576 suo
992 3476 1206 3576 comitatu
1243 3478 1520 3619 populusque
1554 3471 1925 3641 frequentissimus

465 3618 585 3717 Duci
608 3618 992 3756 Methymnensi
978 3659 1069 3751 jam
1103 3622 1358 3742 accedenti,
1395 3622 1524 3723 ceteri
1569 3622 1778 3762 longius,
1817 3622 1925 3763 Epi-

464 3797 621 3902 scopus
657 3764 826 3866 duobus
862 3765 1051 3865 omnino
1086 3760 1142 3863 ab
1180 3760 1287 3865 urbe
1323 3699 1468 3866 siadiis
1516 3761 1698 3866 obviam
1751 3802 1925 3927 proces-

464 3942 639 4006 serunt
676 3908 855 4069 Magnis
892 3909 1121 4050 longoque
1156 3910 1311 4009 ordine
1347 3948 1508 4052 agmen
1544 3908 1796 4050 antegressis
1836 3909 1924 4010 im
2016 3960 2090 3982 —-·

463 4049 756 4185 pedimentis,
792 4047 1018 4192 tribusque
1068 4052 1321 4155 Comitibus
1371 4053 1597 4171 Bailensi,
1641 4051 1923 4172 Olivarensi,
1990 4127 2076 4171 ς,

462 4227 506 4289 11
540 4193 798 4314 Nieblensi,
828 4196 1066 4336 multisque
1101 4234 1319 4336 praeterea
1352 4198 1466 4300 viris
1491 4130 1742 4299 nobilibus
1751 4197 1925 4335 stipan-
1954 4255 2072 4277 -—-

460 4329 612 4456 tibus,
649 4374 692 4437 et
727 4377 894 4481 magno
928 4338 1215 4481 subsequente
1251 4340 1509 4460 comitatu,
1540 4354 1645 4442 Dux
1682 4340 1886 4443 veniebat
1908 4419 1994 4458 ,ς
2050 4419 2066 4458 ,

401 4520 405 4529 ·
460 4511 594 4612 quem
627 4517 821 4581 cantores
858 4482 990 4584 etiam
1026 4521 1069 4584 et
1104 4483 1334 4600 tibicines,
1371 4419 1671 4626 tubicinesque
1708 4525 1758 4586 ac
1795 4521 2059 4596 1111--

455 4619 689 4756 panistae,
726 4623 921 4765 itemque
972 4627 1187 4769 pretiosos
1226 4630 1472 4772 accipitres
1471 4669 1627 4732 manu
1661 4628 2054 4773 sustinentem

452 4797 639 4903 aucupes
675 4768 1024 4874 assectabantur.

1659 5012 1661 5015 ,
1799 4925 2020 5031 Cunna
