3998 5850
464 488 701 570 CAROLI
752 484 807 565 V
850 482 966 561 LIB.
1009 483 1153 562 XXIX.
1394 491 1481 582 377

61 652 188 756 citer
205 660 406 788 septe-,m
440 640 626 744 invitam
664 675 706 739 et
741 639 1034 754 renitentem,
1072 680 1201 781 quast
1184 636 1377 744 [ιιιιιιι
1412 648 1528 747 rnala

61 795 352 1034 praesagitVet,
393 789 441 887 in
476 791 633 886 Turtam
670 785 899 901 deduxit,
938 784 1215 926 clavesque
1204 789 1388 886 metanti
1435 827 1526 891 tra·
1540 890 1542 893 .

62 941 201 1041 didit.
250 946 448 1034 Vocatur
491 966 636 1030 autem
678 932 819 1028 Turris
862 928 1170 1028 Britannorum
1213 936 1529 1092 consuetudine

64 1123 138 1182 arx
159 1074 446 1180 Londinensis
483 1073 805 1190 munitissima,
824 1069 933 1170 urbi
961 1073 1164 1213 apposita
1199 1109 1242 1171 et
1278 1074 1530 1197 imminens,

64 1226 122 1326 ad
159 1261 292 1385 quam
316 1219 569 1361 legitimum
605 1252 667 1316 est
700 1216 746 1313 in
782 1226 1057 1377 Regnum
1022 1219 1296 1329 succedentes
1333 1221 1530 1382 primum

66 1368 274 1469 omnium
309 1364 363 1462 ad
401 1363 492 1462 dies
530 1364 681 1462 decem
718 1359 1025 1478 commorati,
1063 1400 1113 1459 ea
1150 1364 1276 1500 quasi
1311 1364 1532 1464 caerimo-

62 1513 135 1616 nia
168 1507 316 1651 Regni
350 1505 665 1666 possessionem
700 1501 1094 1644 apprehendentes
1132 1507 1255 1604 Tum
1293 1544 1530 1672 praecones

62 1690 397 1815 quoquoversus
435 1648 636 1748 dimissi
616 1683 730 1785 ,qut
767 1651 995 1779 Joannam
1026 1647 1250 1789 Reginam
1286 1650 1345 1748 de
1362 1655 1528 1793 scripto

67 1797 406 1911 renuntiarent,
440 1789 629 1892 Eduatdi
665 1790 797 1930 Regis
834 1791 1081 1891 testamenti
1117 1786 1231 1891 facta
1266 1799 1535 1919 mentione,

66 1980 111 2044 et
147 1940 289 2041 causis
311 1935 569 2073 explicatis,
607 1972 682 2032 cut
718 1931 865 2032 Maria
899 1967 943 2031 et
976 1931 1153 2032 lsabella
1190 1934 1415 2036 sororibus
1441 1981 1531 2038 ex

66 2084 224 2201 clusis,
262 2086 489 2216 Joannam
525 2075 894 2222 consanguineam
931 2077 1211 2215 potissimum
1248 2081 1398 2222 Regni
1434 2082 1533 2183 suc-2
1630 2081 1632 2086 ’
1740 2064 1742 2072 i

68 2224 253 2328 cessioni
290 2224 580 2340 destinasset,
616 2257 658 2321 et
692 2260 789 2321 cut
804 2259 853 2318 ea
890 2259 1046 2321 cuncta
1088 2231 1182 2354 jure
1219 2221 1360 2343 fieri,
1398 2263 1441 2326 et
1477 2227 1534 2328 ad

67 2368 320 2512 Britanniae
357 2368 403 2465 di
437 2369 614 2467 nitatem
659 2365 994 2504 libertatemque
1031 2402 1075 2463 et
1111 2365 1219 2467 boni
1260 2365 1431 2509 publici
1464 2410 1534 2470 ta-

70 2514 241 2615 tionem
278 2407 547 2654 pluriliriam
591 2508 789 2610 interesse
834 2507 1117 2609 viderentur
1158 2511 1240 2610 sed
1282 2510 1414 2611 haec
1430 2553 1536 2616 cum

68 2658 126 2757 ad
161 2655 325 2757 urbem
362 2693 596 2795 primum,
630 2652 790 2751 deinde
825 2651 960 2754 ad
924 2661 1209 2782 circumjecta
1240 2657 1447 2816 oppida,
1462 2693 1537 2757 ut

71 2841 98 2899 a
135 2799 361 2934 Joanna
349 2836 537 2960 ipsoque
556 2794 755 2896 Consilio
793 2794 984 2936 tempori
1021 2795 1232 2896 serviente
1269 2799 1539 2940 imperatum

71 2980 201 3061 erat,
232 2942 664 3101 pronuntiarentur,
701 2973 853 3038 tamen
888 2977 914 3035 a
933 2938 1235 3103 populatibus
1272 2981 1429 3081 parum
1466 2942 1538 3043 vel

73 3083 299 3246 probati,
338 3081 431 3184 vel
444 3121 593 3223 aequts
635 3078 813 3179 auribus
856 3080 1031 3242 accipi,
1063 3082 1264 3223 ipsorum
1314 3085 1538 3187 silentium

75 3228 390 3366 moestitiaque
427 3222 695 3326 declarabat
734 3224 869 3323 Nulla
906 3223 1026 3325 enim
1055 3228 1289 3367 gratulatio
1316 3224 1431 3329 facta
1459 3268 1540 3349 est,

76 3372 197 3503 nulla
233 3369 433 3511 publicae
470 3368 658 3468 laetitiae
706 3365 1012 3508 significatio·
1005 3435 1016 3478 ‚
1054 3405 1173 3470 tanta
1220 3371 1284 3469 vis
1329 3407 1372 3471 et
1415 3409 1540 3472 amor

75 3514 268 3647 justitiae
320 3548 383 3613 est
427 3512 598 3652 apud
586 3547 865 3651 incorruptos
901 3512 1115 3623 animos,
1161 3551 1334 3615 tantum
1382 3517 1540 3619 odium

77 3657 248 3759 sceleris
285 3696 329 3758 et
364 3656 651 3787 inJ'uriatumt
1537 3750 1541 3757 .

139 3811 225 3902 Vl.
299 3801 468 3900 Eodem
506 3837 706 3938 tempore
751 3796 919 3898 litterae
963 3797 1153 3940 perlatae
1189 3835 1346 3902 sunta
1383 3803 1541 3923 Maria,

74 3940 370 4083 Consilioque
406 3944 699 4061 redditae,
687 3983 737 4042 ιιι
781 3938 944 4112 quibus
991 3957 1169 4044 Senatus
1220 3946 1541 4088 negligentiam

77 4082 347 4204 accusabat,
391 4088 514 4225 quod
551 4086 606 4184 ad
643 4126 685 4183 se
722 4125 887 4184 novam
928 4095 1174 4229 justamque
1211 4090 1429 4228 Reginam
1472 4129 1543 4187 sa-

77 4227 267 4327 lutatum
304 4227 449 4329 venire
467 4268 736 4369 ‚suamque
749 4228 1012 4369 dignitatem
1056 4233 1167 4330 tueri
1208 4229 1434 4332 differrent
1472 4231 1542 4369 vel

76 4382 382 4473 cunctarentur
399 4409 620 4532 ,quotum
656 4367 855 4472 officium
893 4407 997 4472 esset
1033 4374 1245 4501 justitiam
1282 4376 1486 4515 ubique
1475 4415 1542 4475 ιιι-

78 4523 278 4655 corrupte
314 4516 615 4631 constituere,
655 4549 697 4615 et
733 4513 892 4645 injuria
927 4513 1225 4617 laborantibus
1263 4552 1416 4619 contra
1453 4517 1545 4618 im-

75 4654 336 4819 proborum
377 4656 818 4799 superborumque
805 4666 987 4787 injustos
1047 4694 1231 4758 conatus
1283 4659 1544 4767 subveniret

73 4801 393 4947 praesertim
359 4802 409 4906 in
444 4843 575 4905 causa
604 4802 810 4943 publica,
844 4836 888 4904 et
924 4801 981 4903 ad
1017 4840 1202 4909 omnem
1237 4805 1556 4921 Britanniam,

1431 4957 1620 5081 ejus-
