4170 5866
481 401 562 489 188
869 395 955 474 un
993 359 1206 475 nunus
1234 392 1452 478 essars

441 588 598 656 ventus
654 543 972 668 Praefectura,
1010 547 1058 648 in
1107 548 1256 649 locum
1292 547 1485 650 Comitis
1520 545 1687 651 Osorni
1738 590 1902 654 succes·

448 699 531 817 sit,
569 693 650 833 qui
685 694 781 794 vite
816 689 1001 792 absentis
1036 690 1277 797 cardinalis
1311 693 1463 793 Indico
1498 692 1699 794 Consilio
1736 735 1907 835 praces-

453 881 495 941 se
532 836 731 954 solebat,
767 830 1042 974 suffectisque
1080 833 1251 935 duobus
1286 845 1381 970 jure
1418 835 1600 976 peritis,
1634 877 1699 936 res
1751 839 1906 982 digni-

456 1021 609 1123 tasque
656 978 846 1079 Consilii
896 978 945 1077 in
994 975 1226 1118 pristinum
1276 1013 1435 1078 statum
1484 979 1706 1078 redierunt
1738 1056 1752 1101 ,
1790 983 1906 1122 leges

459 1163 639 1265 quoque
690 1121 991 1260 promulgatae
1026 1162 1052 1219 a
1086 1120 1249 1221 Carolo
1284 1121 1474 1221 nimium
1524 1123 1579 1220 ad
1614 1120 1908 1226 Barbarorum

458 1265 701 1369 libertatem
767 1264 1078 1405 pertinentes,
1114 1263 1281 1402 quippe
1331 1262 1492 1404 quibus
1544 1262 1821 1388 cavebatur,
1857 1304 1907 1369 ut

459 1409 636 1515 Barbari
671 1408 829 1507 eodem
864 1415 957 1541 jure
993 1404 1040 1503 in
1075 1408 1292 1544 posterum
1327 1442 1577 1528 uterentur,
1610 1448 1701 1547 quo
1737 1409 1787 1508 in
1821 1410 1908 1509 Hi·
1949 1410 1951 1414 ’
1999 1406 2010 1411 ’

460 1554 609 1693 spania
647 1552 872 1694 populares
908 1547 1076 1689 Regiae
1112 1547 1328 1669 ditionis,
1364 1550 1560 1690 nullique
1593 1589 1822 1691 procemm
1859 1552 1909 1654 in

461 1695 699 1797 clientelam
736 1694 828 1794 dati
862 1690 1067 1791 mortales
1101 1728 1314 1801 utunturs
1349 1728 1586 1833 praeterea,
1605 1730 1656 1795 ut
1679 1695 1770 1833 qui
1807 1734 1910 1834 pro·

461 1839 706 1939 vinciarum
742 1832 1012 1935 Praesidibus
1063 1836 1130 1936 vel
1179 1845 1386 1977 cujusque
1434 1835 1602 1979 generis
1637 1837 1909 1977 Magistrati-

297 1984 315 2004 ”
463 1979 545 2081 bus
560 2021 584 2099 ,·
611 2016 684 2080 aut
720 1976 1007 2079 Ecclesiarum
1040 1975 1321 2079 Antistitibus
1357 1982 1449 2079 dati
1483 2011 1620 2079 essent
1650 1980 1697 2078 in
1732 1980 1911 2079 cliente-

464 2122 587 2242 lam,
624 2122 658 2221 ii
694 2161 845 2222 omnes
880 2120 935 2222 ab
971 2161 1021 2219 ea
1053 2117 1181 2219 liberi
1216 2157 1354 2222 essent
1390 2159 1522 2262 atque
1558 2120 1688 2220 soluti
1706 2197 1721 2239 ‚
1739 2118 1797 2221 'ne
1819 2162 1908 2261 qua

463 2266 672 2407 peccandi
706 2264 877 2366 occasio
913 2260 1229 2402 rempublicam
1262 2261 1662 2365 administrantibus
1698 2265 1910 2403 relinque-

462 2444 615 2527 retur,
654 2399 894 2547 quominus
929 2446 1073 2547 aequo
1108 2416 1199 2538 jure
1249 2443 1407 2509 ceteros
1457 2446 1609 2507 omnes
1661 2405 1715 2505 in‘
1755 2402 1913 2510 officio

465 2551 764 2651 continerent.
801 2548 1097 2690 Reliquorum
1132 2586 1282 2650 autem
1317 2550 1451 2690 siquis
1486 2560 1580 2682 jure
1614 2549 1837 2648 clientelae
1861 2549 1914 2648 in

377 2708 378 2711 ‘
464 2734 572 2812 eos,
609 2732 720 2833 quos
754 2687 1007 2794 liberalitate
1043 2728 1088 2791 et
1122 2691 1357 2832 privilegio
1407 2691 1637 2833 principali
1683 2693 1731 2792 in
1773 2689 1914 2791 fidem

464 2834 724 2976 recepisset,
760 2835 989 2936 crudeliter
1024 2833 1283 2974 imperando
1319 2832 1474 2936 abusus
1508 2829 1636 2934 fitisse
1677 2833 1916 2934 convince-

464 3014 613 3098 retur,
648 2976 720 3077 hic
755 3018 935 3120 quoque
969 2988 1064 3111 jure
1099 2976 1319 3077 clientelae
1356 2977 1625 3116 privaretur.
1673 2986 1825 3096 Item,
1859 3015 1916 3078 nc

467 3160 555 3260 qua
602 3122 650 3219 in
699 3158 923 3259 posterum
971 3120 1139 3218 ratione
1186 3115 1398 3240 Barbari,
1432 3161 1488 3220 ne
1522 3115 1768 3220 rebellionis
1806 3118 1918 3257 qui-

465 3265 569 3362 dem
603 3301 728 3361 causa
756 3340 771 3383 ,
804 3264 852 3362 in
887 3260 1139 3362 servitutem
1181 3262 1505 3403 redigerentur,
1540 3302 1651 3363 neve
1701 3260 1919 3401 cuiquam

464 3403 516 3505 in
564 3404 805 3505 clientelam
855 3406 1164 3511 traderentur3
1202 3441 1418 3544 praeterea
1453 3444 1508 3505 ne
1551 3445 1639 3550 qua
1687 3400 1920 3546 expeditio

465 3546 648 3687 posthac
683 3547 729 3646 in
765 3545 972 3647 Barbaros
1008 3545 1318 3684 susciperetur.

536 3699 749 3789 XXXVI.
820 3690 902 3790 Sed
938 3687 1017 3790 hae
1052 3689 1166 3828 leges
1219 3728 1323 3788 cum
1373 3729 1528 3830 parurn
1568 3687 1797 3831 aequitatis
1833 3687 1919 3789 ha·-

467 3824 567 3929 bere
604 3831 852 3931 viderentur
867 3909 883 3951 ,
901 3871 982 3930 nec
1018 3829 1073 3931 ab
1109 3830 1314 3970 Hispanis
1347 3834 1543 3973 regiones
1577 3833 1668 3933 illas
1704 3832 1920 3934 obtinen-

465 3969 583 4073 tibus
619 4009 819 4111 acceptae
854 4009 987 4093 sunt,
1023 4009 1067 4073 et
1101 4011 1368 4114 magnorum
1402 3978 1514 4075 inter
1549 3976 1666 4116 ipsos
1706 4013 1922 4079 motuum

464 4154 613 4215 causae
649 4109 848 4216 fuerunt.
899 4124 1021 4213 Nam
1058 4126 1149 4247 jure
1185 4150 1228 4214 et
1262 4115 1459 4217 libertate
1496 4119 1673 4257 aequari
1707 4158 1811 4219 cum
1848 4117 1925 4217 vi-

463 4258 657 4358 ctoribus
705 4259 922 4399 longeque
973 4258 1143 4360 virtute·
1183 4258 1310 4358 omni
1368 4260 1752 4399 praestantioribus
1811 4258 1925 4360 viris

462 4398 663 4500 Barbaros
700 4440 743 4500 et
778 4440 918 4544 nuper
954 4437 1129 4541 pacatos
1176 4398 1411 4521 homines,
1449 4403 1655 4542 iniquum
1692 4439 1735 4502 et
1769 4403 1923 4541 impe-

462 4541 517 4639 rii
558 4580 633 4681 per
666 4543 830 4642 emitari
880 4544 1070 4645 alienum
1119 4583 1207 4642 esse
1242 4542 1508 4650 videbaturs
1541 4545 1714 4684 spoliari
1763 4582 1923 4647 autem

458 4682 575 4786 vitos
624 4580 757 4784 liittes
808 4685 1040 4826 praemio,
1077 4724 1169 4826 quo
1205 4684 1376 4787 virtutis
1429 4725 1555 4787 causa
1604 4688 1758 4790 donati
1808 4681 1920 4785 fuis-

1781 4864 1912 4952 sent,
