4170 5866
564 443 648 536 174
937 431 1020 512 ort
1063 429 1268 512 nunus
1315 430 1540 512 cusam

508 589 604 690 duo
641 584 827 731 quoque
864 582 1220 732 Alburquerquii
1257 624 1301 688 et
1337 586 1588 727 Maquedae
1623 597 1803 707 Duces,
1832 579 1985 695 Mora·

507 772 574 835 tae
606 746 802 854 Comes,
826 736 906 874 qui
943 774 1026 876 pro
1063 747 1187 879 Rege
1215 734 1490 876 Aragoniam
1527 730 1817 877 procurabat,
1850 739 1988 839 Cuel

509 878 608 981 laris
646 878 882 999 Marchi0,
896 880 1131 983 Fontium
1166 914 1209 979 et
1246 879 1521 1022 Ribagorzae
1558 878 1788 999 Comites,
1807 917 1852 980 et
1885 924 1977 986 sae

504 1063 625 1166 poa
599 1023 789 1124 anobis
828 1062 1094 1125 memoratus
1132 1062 1263 1163 ,qut
1312 1063 1562 1185 numquam
1599 1065 1624 1123 a
1660 1025 1871 1165 Principis
1917 1028 1984 1128 la-

505 1204 595 1266 tere
634 1166 920 1289 discedebat,
957 1178 1155 1309 Joannes
1187 1167 1416 1329 Zugniga.
1466 1174 1589 1266 Tum
1626 1164 1852 1409 Philippus
1903 1209 1983 1311 per

504 1349 821 1432 sacrosancta,
857 1354 969 1454 quae
1023 1352 1159 1412 manu
1225 1312 1461 1452 contigit,
1500 1312 1704 1456 Evangel
1696 1352 1736 1412 ra
1785 1321 1984 1444 juratus,

503 1494 778 1558 servaturum
832 1498 875 1556 se
928 1458 1134 1620 promisit
1184 1466 1351 1599 leges,
1403 1493 1548 1556 mores
1587 1456 1876 1599 ,privilegia
1939 1496 1985 1559 et

499 1599 698 1702 instituta
733 1585 1124 1744 Aragonensium,
1161 1602 1297 1741 idque
1334 1601 1603 1762 praescriptis
1641 1599 1825 1721 verbis,
1861 1642 1977 1741 quae

498 1783 582 1883 pro
617 1747 716 1908 ipso
753 1787 805 1845 ex
843 1783 964 1847 more
1000 1744 1180 1847 tabellio
1216 1746 1403 1886 Regni,
1439 1748 1732 1845 Protonotarr'us
1798 1679 1973 1866 dictus,

498 1889 752 2036 descripto
790 1890 1124 2054 pronuntiauit.
1165 1889 1249 1988 His
1286 1887 1506 2028 patratis,
1563 1928 1666 1989 cum
1716 1897 1809 2018 jam
1870 1927 1982 1990 esset

499 2071 641 2134 serum
676 2035 800 2154 diei,
836 2036 926 2137 sine
962 2034 1127 2135 velatio
1165 2067 1209 2133 et
1246 2070 1414 2174 pompa
1447 2031 1496 2132 in
1531 2030 1805 2177 hospitium,
1841 2036 1969 2175 quod

498 2177 613 2277 intra
648 2113 850 2280 urbeni
839 2219 888 2280 rn
924 2179 1029 2300 via,
1076 2219 1191 2321 quae
1238 2183 1376 2277 Currus
1429 2176 1630 2304 dicitur,
1670 2210 1874 2320 paratum
1929 2176 1971 2284 ei

503 2358 618 2440 erat,
658 2324 865 2424 divertit.

571 2476 715 2567 XXII
789 2479 909 2567 Cum
945 2467 1094 2610 paucis
1153 2465 1305 2568 diebus
1341 2430 1570 2606 Philippus
1606 2477 1978 2636 Caesaraugustae

388 2631 390 2634 ’
500 2604 647 2710 fuisset
682 2648 1022 2731 commoratus,
1059 2613 1348 2714 Barcinonem
1385 2610 1758 2751 proficiscimur:
1789 2628 1898 2712 nam
1936 2647 1979 2712 et

499 2793 585 2895 ego
622 2797 648 2855 a
684 2757 941 2857 Montisone
979 2755 1236 2920 Philippum
1273 2794 1371 2857 tum
1408 2751 1587 2874 officii,
1627 2792 1725 2855 tum
1764 2755 1974 2896 regiones

498 2898 590 2997 illas
626 2901 927 3001 considerandi
979 2903 1119 3042 gratia
1170 2938 1339 3002 secutus
1391 2895 1558 2998 fueram
1599 2977 1613 3018 ,
1648 2935 1691 2999 et
1728 2937 1803 3040 per
1859 2900 1978 3041 lapi·

498 3043 633 3143 deum
669 3080 887 3182 pontem,
925 3085 1020 3185 quo
1058 3045 1239 3207 egregio
1278 3042 1618 3183 firmissimoque
1654 3041 1803 3142 Iberus
1843 3081 1977 3158 com

499 3185 719 3308 mittitur,
756 3185 913 3289 urbem
951 3228 1143 3331 egressi,
1183 3189 1402 3289 Gallicum
1437 3186 1602 3286 flumen
1638 3190 1694 3288 ad
1732 3188 1822 3287 duo
1865 3188 1981 3288 mil-

499 3329 556 3428 lia
592 3370 798 3471 passuum
850 3332 976 3432 lintre
1014 3333 1298 3495 trajecimus3
1336 3331 1703 3472 aliquamdiuque
1743 3369 1818 3473 per
1855 3330 1982 3432 Iberi

498 3477 799 3576 secundam
767 3516 911 3618 rrpanr
949 3477 1189 3618 progressi,
1230 3477 1276 3575 in
1313 3477 1481 3575 laevam
1518 3475 1802 3595 defleximus,
1838 3513 1883 3576 et
1923 3477 1983 3575 atl

498 3631 682 3780 Fragam
732 3621 954 3721 castellum
1008 3660 1082 3759 pet
1134 3621 1333 3762 ligneum
1388 3657 1574 3759 pontem
1628 3620 1824 3759 Cingam
1886 3619 1979 3720 flu-

498 3801 625 3862 vtum
659 3766 970 3884 ,Catalanos
976 3763 1103 3865 fines
1154 3764 1211 3865 ab
1249 3763 1607 3906 Aragonensibus
1662 3765 1974 3885 dirimentem,

500 3909 772 4072 transgressi,
806 3909 987 4008 Ilerdam
1025 3910 1254 4028 venimus,
1280 3950 1372 4011 non
1410 3912 1549 4010 modo
1585 3909 1779 4010 Caesaris
1817 3944 1860 4008 et
1901 3918 1977 4009 Pe·

499 4053 601 4152 treii
638 4048 899 4193 Afraniique
936 4052 1054 4152 bello
1109 3986 1423 4174 nobilitatam,
1460 4055 1533 4155 sed
1571 4051 1787 4154 celebrem
1841 4053 1980 4154 etiam

502 4235 617 4297 nunc
655 4196 833 4301 ecclesia
869 4194 1141 4318 cathedrali,
1179 4235 1222 4298 et
1259 4199 1425 4341 generis
1475 4198 1621 4301 omnis
1675 4196 1980 4298 doctrinarum

502 4345 736 4480 gymnasio
775 4340 1005 4442 florentem
1044 4340 1236 4462 urbem,
1266 4385 1401 4486 quam
1438 4344 1592 4446 Sicoris
1628 4343 1785 4445 fluvius
1823 4379 1981 4442 amoe-

508 4523 565 4581 na
601 4486 728 4585 simul
767 4521 811 4583 et
850 4484 1035 4588 felici
1002 4524 1099 4628 rrpa
1135 4490 1491 4651 praeterlabitur.

580 4640 742 4728 XXIII.
822 4633 1038 4733 Oriuntut
1075 4669 1223 4733 autem
1262 4671 1357 4733 tum
1393 4634 1544 4735 Sicoris
1581 4668 1623 4733 et
1660 4631 1841 4795 Cinga,
1881 4666 1981 4732 tum

514 4772 703 4874 Gallicus
741 4807 784 4872 et
822 4783 974 4919 Arago
1011 4775 1195 4879 fluvii
1183 4818 1230 4880 rn
1266 4778 1493 4881 montibus
1530 4778 1792 4918 Pyrenaeis,
1825 4771 1980 4877 ferun·

1733 5020 1746 5047 ,
1888 4958 1982 5027 tur-
