4110 5888
380 398 386 408 ·
459 370 571 447 χχιι.
918 359 1424 444 SUMMARIUM.

500 482 685 572 XXXIV.
757 479 904 572 {Iudito
943 486 1148 604 Figueroa,
1395 497 1513 591 LIB.
1558 498 1721 593 XXII.

440 633 628 722 causaque
672 629 910 713 retractata,
957 606 1147 718 Joannem
1323 688 1328 697 .
1870 714 1873 719 ⁹

437 726 635 812 bernalem
668 731 815 814 Lucum
851 748 890 810 et
931 727 1147 813 Gutierrem
1264 725 1292 806 Ι.
1358 677 1430 804 N
1429 723 1566 810 Icaenis
1595 722 1749 814 induciis
1772 756 1797 812 a
1822 724 1917 815 Gal·

437 843 672 962 Velazquem
712 843 925 930 innocentia
966 870 1006 931 et
1051 846 1146 933 inte·
1204 836 1329 926 lorum
1362 847 1420 927 Re
1446 873 1468 929 e
1496 844 1612 960 ruptis
1644 846 1805 933 Carolus
1824 850 1916 934 Cae·

435 963 570 1081 gritate
603 987 792 1079 perspecta
834 962 1058 1070 collaudat,
1088 996 1144 1052 re·
1204 959 1331 1045 satin
1375 874 1546 1079 brigium
1588 993 1655 1078 per
1687 964 1829 1055 Italiam
1863 967 1915 1058 ire

435 1081 557 1198 liquos
586 1083 682 1169 duos
719 1081 942 1169 consiliarios
976 1084 1144 1172 Consilio
1202 1078 1413 1168 constituit.
1457 1081 1603 1166 Coacta
1634 1084 1746 1199 igitur
1777 1083 1912 1193 classe,

434 1229 634 1310 removet,
659 1232 826 1318 quorum
855 1202 1013 1288 alterum
1037 1204 1142 1320 igno
1202 1222 1241 1282 et
1277 1198 1430 1286 Andrea
1470 1200 1590 1285 Doria
1627 1230 1716 1287 cum
1761 1202 1918 1291 trirenri-

432 1319 596 1408 minIosis
626 1321 756 1439 poenis
799 1348 839 1406 et
881 1321 1006 1407 exsilio
1043 1322 1138 1410 mul·
1202 1316 1273 1403 bus
1304 1319 1510 1425 accersito,
1538 1320 1749 1411 Barcmone
1777 1322 1911 1431 solvit,

434 1462 532 1526 ctat.
1202 1459 1242 1522 et
1273 1443 1453 1523 Genuam
1484 1438 1657 1553 appellit.

493 1560 661 1644 XXXV.
720 1558 1032 1675 IegesaCarolo
1057 1591 1143 1676 pro·
1277 1561 1323 1643 II.
1399 1563 1470 1643 Per
1502 1562 1718 1646 Tortonam
1762 1583 1801 1646 et
1842 1565 1912 1647 Pa·

432 1676 626 1793 mulgatae
687 1677 843 1763 nimium
892 1681 1144 1769 barbarorum
1201 1672 1302 1788 piam
1345 1679 1578 1763 Cremonam
1607 1679 1748 1785 venit,
1787 1679 1916 1796 ibique

432 1793 592 1881 libertati
620 1790 806 1884 faventes.
842 1794 938 1882 Illud
979 1825 1143 1912 praeter·
1200 1821 1289 1880 cum
1318 1796 1464 1881 Cosmo
1496 1794 1651 1882 Medice
1684 1797 1914 1911 Principatus

433 1940 480 1999 ea
511 1917 648 2000 Caesar
679 1913 872 2030 imperat,
900 1943 1026 2031 nequa
1075 1947 1142 2004 ex·
1200 1912 1401 1999 Florentini
1469 1914 1665 2032 negotium
1716 1915 1903 2034 transigit.

429 2032 576 2148 peditio
606 2034 764 2149 posthac
803 2034 985 2123 inIndos
1032 2037 1141 2124 susci-
1198 2031 1303 2117 Pauli
1331 2030 1520 2118 Pontificis
1544 2034 1594 2119 ad
1622 2037 1822 2120 Caesarem
1863 2034 1916 2122 le«.

435 2150 574 2265 pianu.
1198 2151 1328 2266 gatio,
1344 2178 1389 2237 ut
1410 2152 1522 2239 ,locus
1555 2151 1797 2270 colloquendi
1823 2181 1910 2272 gra.

492 2272 674 2358 XXXVI.
733 2271 809 2360 Sed
840 2271 912 2358 hae
949 2270 1050 2391 leges
1072 2302 1143 2361 nec
1199 2268 1251 2355 tia
1283 2269 1555 2357 constituatur.

433 2386 484 2472 ab
512 2390 686 2506 Hispanis
717 2391 794 2479 illas
834 2391 1005 2509 regiones
1046 2393 1143 2481 obti-
1255 2391 1318 2472 III.
1375 2393 1575 2476 bussetum
1619 2389 1780 2478 Carolus
1820 2421 1906 2506 pro

429 2507 607 2594 uentibus
645 2508 902 2625 accipiuntur,
921 2534 961 2595 et
988 2540 1143 2630 magno
1197 2535 1342 2624 gressus
1378 2535 1467 2594 cum
1521 2507 1703 2594 Pontifice
1765 2511 1909 2624 saepius

310 2710 311 2713 .
430 2652 517 2714 turn
552 2627 647 2714 inter
679 2630 777 2744 ipsos
813 2653 991 2716 motuum
1032 2633 1143 2748 origo
1197 2624 1426 2761 colloquitur
1449 2655 1474 2729 r3
1504 2626 1571 2711 sed
1613 2628 1690 2714 hoc
1723 2629 1911 2719 Generale

427 2744 629 2834 exsistunt.
660 2750 933 2844 Quorumdam
974 2747 1143 2836 Theolo
1197 2745 1412 2831 Concilium
1444 2743 1740 2834 Ecclesiasticum
1774 2776 1913 2866 cogere

428 2893 596 2980 gorum,
625 2865 766 2983 alioqui
805 2866 1069 2973 eruditorum,
1103 2893 1143 2957 et
1196 2887 1432 2971 recusante,
1468 2864 1534 2950 nisi
1563 2870 1718 2954 Parmae
1750 2893 1790 2952 et
1831 2867 1913 2954 Pla·

432 2981 503 3070 hos
529 2984 715 3070 barbaros
758 2986 890 3097 iniuste
926 3008 966 3069 et
1008 3011 1143 3072 contra
1196 2983 1340 3070 centiae
1380 2983 1631 3098 Principatum
1681 3016 1705 3070 a
1752 3013 1792 3070 se
1835 2983 1914 3074 lilio

430 3097 557 3216 legem
589 3103 757 3191 divinam
790 3103 829 3189 in
864 3101 1047 3188 ditionem
1092 3105 1142 3190 ab
1197 3102 1376 3189 traditum
1399 3133 1423 3187 a
1447 3104 1608 3189 Caesare
1634 3099 1907 3215 confirmetur,

428 3217 605 3333 Hispanis
656 3222 773 3340 redigi
830 3221 1142 3310 contendentium
1196 3248 1238 3307 re
1277 3219 1412 3307 infecta
1445 3220 1659 3310 discedunt.

430 3365 570 3444 error,
603 3341 837 3456 Sepulvedae
866 3341 1037 3426 doctrina
1066 3342 1139 3429 edi·
1256 3343 1324 3426 IV.
1382 3339 1567 3446 Carolus,
1582 3342 1780 3428 Fernando
1795 3344 1907 3432 Gon·

314 3555 318 3562 .
410 3479 477 3543 ,ιο
515 3457 639 3543 libello
669 3459 879 3576 explicata,
904 3456 1142 3548 multifariam
1197 3485 1291 3576 zaga
1330 3483 1369 3545 et
1405 3458 1597 3547 Francisco
1631 3460 1778 3547 Estensi
1818 3489 1908 3550 cum

435 3577 652 3661 convictus.
1080 3582 1084 3590 ’
1198 3577 1384 3662 nonnullis
1430 3577 1545 3692 copiis
1588 3579 1627 3663 In
1666 3579 1912 3667 Germaniam

492 3697 692 3780 XXXVII.
752 3697 824 3781 His
856 3695 966 3782 rebus
1006 3697 1144 3785 consti·
1198 3697 1436 3812 praemissis,
1469 3699 1621 3782 Ducem
1652 3701 1910 3785 Mantuanum

434 3810 523 3895 tutis
550 3814 709 3900 Carolus
741 3813 780 3898 in
809 3813 981 3931 Belgium
1020 3813 1143 3930 profe·
1198 3844 1358 3931 puerum
1403 3841 1490 3900 cum
1534 3841 1654 3902 matre
1700 3846 1740 3903 et
1771 3841 1911 3934 patruo

431 3953 562 4016 cturus
583 3932 795 4048 Philippum
833 3939 971 4050 Regno
1006 3932 1142 4049 praefi·
1198 3934 1386 4022 Cardinali
1401 3958 1471 4042 ,et
1494 3937 1731 4021 Venetorum
1763 3935 1910 4053 legatos

284 4046 288 4053 ’
434 4047 513 4155 cit,
542 4048 695 4166 eiusque
726 4053 983 4170 congressibus
1009 4052 1144 4142 littera·
1198 4054 1333 4142 obvios
1357 4053 1473 4139 habet
1499 4115 1512 4158 ,
1542 4055 1679 4170 quibus
1718 4055 1910 4144 liberaliter

435 4166 495 4251 riis
518 4197 606 4254 cum
623 4171 812 4284 Episcopo
835 4171 1143 4288 Carthaginensi,
1200 4173 1249 4258 de
1285 4201 1351 4258 sua
1382 4170 1581 4258 voluntate
1609 4174 1853 4290 repromittit.

435 4286 685 4373 Honoratum
723 4291 911 4402 Joannem
955 4314 994 4376 et
1024 4298 1144 4377 Gene·
1258 4292 1308 4376 V.
1370 4292 1519 4406 Magna
1560 4319 1649 4377 cum
1682 4292 1911 4409 gratulatio·

435 4401 533 4488 sium
557 4407 734 4495 eumdem
773 4409 1023 4528 Sepulvedam
1038 4409 1145 4498 inter·
1199 4436 1276 4515 ne,
1305 4432 1344 4493 et
1374 4410 1598 4495 caerimonia
1630 4408 1822 4497 Piscariam
1855 4440 1907 4497 re·

436 4548 513 4609 esse
543 4522 679 4638 jubet..
1200 4529 1349 4642 cipitur.
1395 4535 1514 4614 Lacus
1560 4529 1754 4616 Piscariae.
1791 4536 1914 4622 [acus

1194 4646 1355 4728 ,Garrae
1370 4647 1482 4745 ,olim
1502 4654 1692 4750 Berucus,
1710 4649 1914 4763 piscatione

1200 4764 1453 4860 memorabilis
1498 4766 1710 4880 praesertim
1769 4769 1912 4881 carpio·

1796 4917 1908 4973 num.
