<?xml version="1.0" encoding="UTF-8"?>
<!DOCTYPE html PUBLIC "-//W3C//DTD XHTML 1.0 Transitional//EN"
    "http://www.w3.org/TR/xhtml1/DTD/xhtml1-transitional.dtd">
<html xmlns="http://www.w3.org/1999/xhtml" xml:lang="en" lang="en">
 <head>
  <title>
</title>
<meta http-equiv="Content-Type" content="text/html;charset=utf-8" />
  <meta name='ocr-system' content='tesseract 3.04.00' />
  <meta name='ocr-capabilities' content='ocr_page ocr_carea ocr_par ocr_line ocrx_word'/>
</head>
<body>
  <div class='ocr_page' id='page_1' title='image "./joannisgenesiis00sepgoog_0048.png"; bbox 0 0 4110 5888; ppageno 0'>
   <div class='ocr_carea' id='block_1_1' title="bbox 462 310 1523 447">
    <p class='ocr_par' dir='ltr' id='par_1_1' title="bbox 462 310 1523 447">
     <span class='ocr_line' id='line_1_1' title="bbox 462 310 1523 447; baseline -0.009 -1"><span class='ocrx_word' id='word_1_1' title='bbox 462 371 658 447; x_wconf 88' lang='lat' dir='ltr'><strong>xxxvrrr.</strong></span> <span class='ocrx_word' id='word_1_2' title='bbox 941 327 1450 440; x_wconf 69' lang='lat' dir='ltr'><strong>summiserunt.</strong></span> <span class='ocrx_word' id='word_1_3' title='bbox 1520 310 1523 314; x_wconf 8' lang='lat' dir='ltr'><strong>A</strong></span> 
     </span>
    </p>
   </div>
   <div class='ocr_carea' id='block_1_2' title="bbox 439 484 1952 4391">
    <p class='ocr_par' dir='ltr' id='par_1_2' title="bbox 439 484 1952 4391">
     <span class='ocr_line' id='line_1_2' title="bbox 444 484 1766 606; baseline -0.008 -25"><span class='ocrx_word' id='word_1_4' title='bbox 444 495 651 581; x_wconf 89' lang='lat' dir='ltr'><strong>amicorum</strong></span> <span class='ocrx_word' id='word_1_5' title='bbox 688 491 845 580; x_wconf 82' lang='lat' dir='ltr'><strong>tandem</strong></span> <span class='ocrx_word' id='word_1_6' title='bbox 872 488 1043 606; x_wconf 90' lang='lat' dir='ltr'><strong>precibus</strong></span> <span class='ocrx_word' id='word_1_7' title='bbox 1089 515 1152 572; x_wconf 89' lang='lat' dir='ltr'><strong>ex·</strong></span> <span class='ocrx_word' id='word_1_8' title='bbox 1197 485 1274 579; x_wconf 69' lang='lat' dir='ltr'><strong>,dia</strong></span> <span class='ocrx_word' id='word_1_9' title='bbox 1309 484 1674 574; x_wconf 85' lang='lat' dir='ltr'><strong>animadversurum.</strong></span> <span class='ocrx_word' id='word_1_10' title='bbox 1762 498 1766 506; x_wconf 86' lang='lat'>&#39;</span> 
     </span>
     <span class='ocr_line' id='line_1_3' title="bbox 442 603 1924 723; baseline -0.006 -23"><span class='ocrx_word' id='word_1_11' title='bbox 442 641 571 700; x_wconf 89' lang='lat' dir='ltr'><strong>oratus</strong></span> <span class='ocrx_word' id='word_1_12' title='bbox 610 609 823 698; x_wconf 84' lang='lat' dir='ltr'><strong>constitutis</strong></span> <span class='ocrx_word' id='word_1_13' title='bbox 873 605 1154 693; x_wconf 87' lang='lat' dir='ltr'><strong>conditionibus</strong></span> <span class='ocrx_word' id='word_1_14' title='bbox 1271 608 1377 692; x_wconf 86' lang='lat' dir='ltr'><strong>XIX.</strong></span> <span class='ocrx_word' id='word_1_15' title='bbox 1441 606 1689 723; x_wconf 71' lang='lat' dir='ltr'>lantgravius</span> <span class='ocrx_word' id='word_1_16' title='bbox 1724 603 1774 691; x_wconf 92' lang='lat' dir='ltr'><strong>ad</strong></span> <span class='ocrx_word' id='word_1_17' title='bbox 1795 603 1924 692; x_wconf 86' lang='lat' dir='ltr'><strong>Caroli</strong></span> 
     </span>
     <span class='ocr_line' id='line_1_4' title="bbox 441 723 1923 843; baseline -0.006 -25"><span class='ocrx_word' id='word_1_18' title='bbox 441 733 557 818; x_wconf 84' lang='lat' dir='ltr'><strong>Ducis</strong></span> <span class='ocrx_word' id='word_1_19' title='bbox 586 732 685 819; x_wconf 91' lang='lat' dir='ltr'><strong>vitae</strong></span> <span class='ocrx_word' id='word_1_20' title='bbox 709 728 848 843; x_wconf 90' lang='lat' dir='ltr'><strong>parcit.</strong></span> <span class='ocrx_word' id='word_1_21' title='bbox 1207 726 1325 839; x_wconf 89' lang='lat' dir='ltr'><strong>pedes</strong></span> <span class='ocrx_word' id='word_1_22' title='bbox 1358 723 1565 812; x_wconf 88' lang='lat' dir='ltr'><strong>obvolutus</strong></span> <span class='ocrx_word' id='word_1_23' title='bbox 1604 723 1815 809; x_wconf 90' lang='lat' dir='ltr'><strong>orationem</strong></span> <span class='ocrx_word' id='word_1_24' title='bbox 1851 725 1923 809; x_wconf 75' lang='lat' dir='ltr'><strong>ha‘·</strong></span> 
     </span>
     <span class='ocr_line' id='line_1_5' title="bbox 500 841 1922 959; baseline -0.004 -24"><span class='ocrx_word' id='word_1_25' title='bbox 500 853 607 935; x_wconf 88' lang='lat' dir='ltr'><strong>XVl.</strong></span> <span class='ocrx_word' id='word_1_26' title='bbox 688 848 837 941; x_wconf 89' lang='lat' dir='ltr'><strong>Quibus</strong></span> <span class='ocrx_word' id='word_1_27' title='bbox 875 843 1153 930; x_wconf 88' lang='lat' dir='ltr'><strong>conditionibus</strong></span> <span class='ocrx_word' id='word_1_28' title='bbox 1206 843 1302 949; x_wconf 86' lang='lat' dir='ltr'><strong>bet,</strong></span> <span class='ocrx_word' id='word_1_29' title='bbox 1319 872 1397 959; x_wconf 88' lang='lat' dir='ltr'><strong>qua</strong></span> <span class='ocrx_word' id='word_1_30' title='bbox 1418 842 1496 956; x_wconf 83' lang='lat' dir='ltr'><strong>ejus</strong></span> <span class='ocrx_word' id='word_1_31' title='bbox 1526 841 1763 928; x_wconf 83' lang='lat' dir='ltr'><strong>clementiam</strong></span> <span class='ocrx_word' id='word_1_32' title='bbox 1792 843 1922 959; x_wconf 89' lang='lat' dir='ltr'><strong>implo-</strong></span> 
     </span>
     <span class='ocr_line' id='line_1_6' title="bbox 440 963 1910 1079; baseline -0.005 -24"><span class='ocrx_word' id='word_1_33' title='bbox 440 967 575 1055; x_wconf 87' lang='lat' dir='ltr'><strong>afiliis</strong></span> <span class='ocrx_word' id='word_1_34' title='bbox 603 968 714 1054; x_wconf 89' lang='lat' dir='ltr'><strong>etiam</strong></span> <span class='ocrx_word' id='word_1_35' title='bbox 753 963 905 1079; x_wconf 69' lang='lat' dir='ltr'><strong>eiusque</strong></span> <span class='ocrx_word' id='word_1_36' title='bbox 934 991 1056 1047; x_wconf 88' lang='lat' dir='ltr'><strong>uxore</strong></span> <span class='ocrx_word' id='word_1_37' title='bbox 1088 991 1148 1047; x_wconf 93' lang='lat' dir='ltr'><strong>ac·</strong></span> <span class='ocrx_word' id='word_1_38' title='bbox 1207 985 1287 1047; x_wconf 90' lang='lat' dir='ltr'><strong>rat.</strong></span> <span class='ocrx_word' id='word_1_39' title='bbox 1614 991 1622 1006; x_wconf 93' lang='lat'><strong>·</strong></span> <span class='ocrx_word' id='word_1_40' title='bbox 1907 1013 1910 1018; x_wconf 80' lang='lat'><strong>.</strong></span> 
     </span>
     <span class='ocr_line' id='line_1_7' title="bbox 440 1077 1925 1202; baseline -0.003 -29"><span class='ocrx_word' id='word_1_41' title='bbox 440 1088 579 1202; x_wconf 86' lang='lat' dir='ltr'>ceptis,</span> <span class='ocrx_word' id='word_1_42' title='bbox 622 1083 887 1198; x_wconf 89' lang='lat' dir='ltr'><strong>Vitembergae</strong></span> <span class='ocrx_word' id='word_1_43' title='bbox 924 1080 1153 1194; x_wconf 78' lang='lat' dir='ltr'>praesidium</span> <span class='ocrx_word' id='word_1_44' title='bbox 1196 1182 1197 1186; x_wconf 7' lang='grc' dir='ltr'><strong><em>Ν</em></strong></span> <span class='ocrx_word' id='word_1_45' title='bbox 1237 1082 1360 1165; x_wconf 90' lang='lat' dir='ltr'><strong>XX.</strong></span> <span class='ocrx_word' id='word_1_46' title='bbox 1415 1078 1580 1164; x_wconf 56' lang='lat' dir='ltr'><strong>&#39;Carolus</strong></span> <span class='ocrx_word' id='word_1_47' title='bbox 1612 1079 1679 1194; x_wconf 89' lang='lat' dir='ltr'><strong>ipsi</strong></span> <span class='ocrx_word' id='word_1_48' title='bbox 1725 1077 1843 1165; x_wconf 85' lang='lat' dir='ltr'><strong>vitam</strong></span> <span class='ocrx_word' id='word_1_49' title='bbox 1883 1109 1925 1168; x_wconf 89' lang='lat' dir='ltr'><strong>se</strong></span> 
     </span>
     <span class='ocr_line' id='line_1_8' title="bbox 441 1197 1924 1318; baseline -0.005 -26"><span class='ocrx_word' id='word_1_50' title='bbox 441 1205 636 1318; x_wconf 63' lang='lat' dir='ltr'><strong>imponitt</strong></span> <span class='ocrx_word' id='word_1_51' title='bbox 672 1200 847 1285; x_wconf 87' lang='lat' dir='ltr'><strong>Gotham</strong></span> <span class='ocrx_word' id='word_1_52' title='bbox 890 1226 987 1284; x_wconf 86' lang='lat' dir='ltr'><strong>vero</strong></span> <span class='ocrx_word' id='word_1_53' title='bbox 1029 1226 1152 1283; x_wconf 91' lang='lat' dir='ltr'><strong>arcem</strong></span> <span class='ocrx_word' id='word_1_54' title='bbox 1205 1197 1391 1314; x_wconf 90' lang='lat' dir='ltr'><strong>bonaque</strong></span> <span class='ocrx_word' id='word_1_55' title='bbox 1432 1199 1652 1284; x_wconf 90' lang='lat' dir='ltr'><strong>condonare</strong></span> <span class='ocrx_word' id='word_1_56' title='bbox 1696 1199 1924 1309; x_wconf 79' lang='lat' dir='ltr'><strong>respondet,</strong></span> 
     </span>
     <span class='ocr_line' id='line_1_9' title="bbox 443 1315 1927 1438; baseline -0.002 -31"><span class='ocrx_word' id='word_1_57' title='bbox 443 1319 771 1438; x_wconf 83' lang='lat' dir='ltr'>inexpugnabilem</span> <span class='ocrx_word' id='word_1_58' title='bbox 787 1317 884 1403; x_wconf 86' lang='lat' dir='ltr'><strong>solo</strong></span> <span class='ocrx_word' id='word_1_59' title='bbox 899 1340 1056 1431; x_wconf 88' lang='lat' dir='ltr'><strong>aequat.</strong></span> <span class='ocrx_word' id='word_1_60' title='bbox 1083 1316 1153 1400; x_wconf 89' lang='lat' dir='ltr'><strong>Al·</strong></span> <span class='ocrx_word' id='word_1_61' title='bbox 1205 1317 1355 1432; x_wconf 88' lang='lat' dir='ltr'><strong>aliaque</strong></span> <span class='ocrx_word' id='word_1_62' title='bbox 1409 1317 1573 1433; x_wconf 87' lang='lat' dir='ltr'><strong>graviter</strong></span> <span class='ocrx_word' id='word_1_63' title='bbox 1622 1315 1834 1402; x_wconf 87' lang='lat' dir='ltr'><strong>admodum</strong></span> <span class='ocrx_word' id='word_1_64' title='bbox 1885 1340 1927 1404; x_wconf 91' lang='lat' dir='ltr'><strong>et</strong></span> 
     </span>
     <span class='ocr_line' id='line_1_10' title="bbox 442 1433 1439 1527; baseline -0.009 0"><span class='ocrx_word' id='word_1_65' title='bbox 442 1441 570 1527; x_wconf 88' lang='lat' dir='ltr'><strong>bertus</strong></span> <span class='ocrx_word' id='word_1_66' title='bbox 587 1436 762 1523; x_wconf 88' lang='lat' dir='ltr'><strong>Marchio</strong></span> <span class='ocrx_word' id='word_1_67' title='bbox 790 1435 833 1519; x_wconf 85' lang='lat' dir='ltr'><strong>in</strong></span> <span class='ocrx_word' id='word_1_68' title='bbox 848 1434 1056 1520; x_wconf 87' lang='lat' dir='ltr'><strong>libertatem</strong></span> <span class='ocrx_word' id='word_1_69' title='bbox 1071 1434 1152 1520; x_wconf 92' lang='lat' dir='ltr'><strong>vin·</strong></span> <span class='ocrx_word' id='word_1_70' title='bbox 1211 1433 1439 1521; x_wconf 83' lang='lat' dir='ltr'><strong>humaniter.</strong></span> 
     </span>
     <span class='ocr_line' id='line_1_11' title="bbox 443 1552 1925 1646; baseline -0.002 -2"><span class='ocrx_word' id='word_1_71' title='bbox 443 1560 608 1646; x_wconf 88' lang='lat' dir='ltr'><strong>dicatur.</strong></span> <span class='ocrx_word' id='word_1_72' title='bbox 639 1553 801 1640; x_wconf 82' lang='lat' dir='ltr'>Carolus</span> <span class='ocrx_word' id='word_1_73' title='bbox 826 1552 944 1637; x_wconf 90' lang='lat' dir='ltr'><strong>Ducis</strong></span> <span class='ocrx_word' id='word_1_74' title='bbox 967 1552 1153 1638; x_wconf 70' lang='lat' dir='ltr'><strong>saxoniae</strong></span> <span class='ocrx_word' id='word_1_75' title='bbox 1270 1556 1375 1638; x_wconf 91' lang='lat' dir='ltr'><strong>XXl.</strong></span> <span class='ocrx_word' id='word_1_76' title='bbox 1437 1552 1597 1639; x_wconf 90' lang='lat' dir='ltr'><strong>Nullum</strong></span> <span class='ocrx_word' id='word_1_77' title='bbox 1637 1578 1764 1640; x_wconf 89' lang='lat' dir='ltr'><strong>tamen</strong></span> <span class='ocrx_word' id='word_1_78' title='bbox 1798 1553 1925 1642; x_wconf 91' lang='lat' dir='ltr'><strong>hono·</strong></span> 
     </span>
     <span class='ocr_line' id='line_1_12' title="bbox 440 1670 1922 1789; baseline -0.002 -26"><span class='ocrx_word' id='word_1_79' title='bbox 440 1705 601 1763; x_wconf 84' lang='lat' dir='ltr'><strong>uxorem</strong></span> <span class='ocrx_word' id='word_1_80' title='bbox 627 1673 670 1758; x_wconf 88' lang='lat' dir='ltr'><strong>in</strong></span> <span class='ocrx_word' id='word_1_81' title='bbox 697 1696 818 1758; x_wconf 81' lang='lat' dir='ltr'><strong>castra</strong></span> <span class='ocrx_word' id='word_1_82' title='bbox 837 1670 1061 1758; x_wconf 62' lang='lat' dir='ltr'><strong>&#39;venientem</strong></span> <span class='ocrx_word' id='word_1_83' title='bbox 1087 1670 1150 1756; x_wconf 87' lang='lat' dir='ltr'><strong>be·</strong></span> <span class='ocrx_word' id='word_1_84' title='bbox 1210 1698 1290 1757; x_wconf 89' lang='lat' dir='ltr'><strong>rem</strong></span> <span class='ocrx_word' id='word_1_85' title='bbox 1320 1670 1490 1786; x_wconf 90' lang='lat' dir='ltr'><strong>Philippo</strong></span> <span class='ocrx_word' id='word_1_86' title='bbox 1533 1702 1610 1758; x_wconf 91' lang='lat' dir='ltr'><strong>sese</strong></span> <span class='ocrx_word' id='word_1_87' title='bbox 1655 1673 1811 1789; x_wconf 84' lang='lat' dir='ltr'><strong>erigenti</strong></span> <span class='ocrx_word' id='word_1_88' title='bbox 1860 1675 1922 1760; x_wconf 87' lang='lat' dir='ltr'><strong>ha·</strong></span> 
     </span>
     <span class='ocr_line' id='line_1_13' title="bbox 442 1788 1924 1911; baseline -0.001 -30"><span class='ocrx_word' id='word_1_89' title='bbox 442 1795 559 1911; x_wconf 91' lang='lat' dir='ltr'><strong>nigne</strong></span> <span class='ocrx_word' id='word_1_90' title='bbox 584 1791 750 1908; x_wconf 86' lang='lat' dir='ltr'><strong>appellat</strong></span> <span class='ocrx_word' id='word_1_91' title='bbox 763 1852 779 1897; x_wconf 89' lang='lat'><strong>,</strong></span> <span class='ocrx_word' id='word_1_92' title='bbox 792 1815 835 1876; x_wconf 89' lang='lat' dir='ltr'><strong>et</strong></span> <span class='ocrx_word' id='word_1_93' title='bbox 867 1789 1046 1905; x_wconf 85' lang='lat' dir='ltr'><strong>postridie</strong></span> <span class='ocrx_word' id='word_1_94' title='bbox 1073 1788 1153 1874; x_wconf 91' lang='lat' dir='ltr'><strong>ho·</strong></span> <span class='ocrx_word' id='word_1_95' title='bbox 1205 1788 1295 1875; x_wconf 86' lang='lat' dir='ltr'><strong>bet.</strong></span> <span class='ocrx_word' id='word_1_96' title='bbox 1329 1795 1419 1877; x_wconf 89' lang='lat' dir='ltr'><strong>Dux</strong></span> <span class='ocrx_word' id='word_1_97' title='bbox 1444 1790 1616 1883; x_wconf 84' lang='lat' dir='ltr'><strong>Albanus</strong></span> <span class='ocrx_word' id='word_1_98' title='bbox 1651 1792 1924 1910; x_wconf 65' lang='lat' dir='ltr'><strong>lantgravium</strong></span> 
     </span>
     <span class='ocr_line' id='line_1_14' title="bbox 444 1907 1924 2027; baseline -0.001 -29"><span class='ocrx_word' id='word_1_99' title='bbox 444 1913 545 1998; x_wconf 89' lang='lat' dir='ltr'><strong>notis</strong></span> <span class='ocrx_word' id='word_1_100' title='bbox 569 1939 682 1997; x_wconf 84' lang='lat' dir='ltr'><strong>causa</strong></span> <span class='ocrx_word' id='word_1_101' title='bbox 710 1909 854 1997; x_wconf 85' lang='lat' dir='ltr'><strong>invisit.</strong></span> <span class='ocrx_word' id='word_1_102' title='bbox 1208 1907 1260 1992; x_wconf 89' lang='lat' dir='ltr'><strong>ad</strong></span> <span class='ocrx_word' id='word_1_103' title='bbox 1301 1936 1461 1994; x_wconf 90' lang='lat' dir='ltr'><strong>coenam</strong></span> <span class='ocrx_word' id='word_1_104' title='bbox 1489 1908 1653 2022; x_wconf 77' lang='lat' dir='ltr'><strong>invitat,</strong></span> <span class='ocrx_word' id='word_1_105' title='bbox 1697 1935 1924 2027; x_wconf 90' lang='lat' dir='ltr'><strong>peractaque</strong></span> 
     </span>
     <span class='ocr_line' id='line_1_15' title="bbox 500 2023 1919 2142; baseline 0.001 -26"><span class='ocrx_word' id='word_1_106' title='bbox 500 2032 581 2116; x_wconf 94' lang='lat' dir='ltr'><strong>XV</strong></span> <span class='ocrx_word' id='word_1_107' title='bbox 582 2036 626 2115; x_wconf 94' lang='lat' dir='ltr'><strong>lI.</strong></span> <span class='ocrx_word' id='word_1_108' title='bbox 682 2028 814 2115; x_wconf 88' lang='lat' dir='ltr'><strong>Caroli</strong></span> <span class='ocrx_word' id='word_1_109' title='bbox 848 2023 1012 2113; x_wconf 82' lang='lat' dir='ltr'><strong>Caesaris</strong></span> <span class='ocrx_word' id='word_1_110' title='bbox 1054 2025 1153 2113; x_wconf 90' lang='lat' dir='ltr'><strong>cele-</strong></span> <span class='ocrx_word' id='word_1_111' title='bbox 1208 2053 1331 2110; x_wconf 85' lang='lat' dir='ltr'><strong>coena</strong></span> <span class='ocrx_word' id='word_1_112' title='bbox 1388 2028 1466 2140; x_wconf 77' lang='lat' dir='ltr'><strong>ejus</strong></span> <span class='ocrx_word' id='word_1_113' title='bbox 1520 2025 1732 2114; x_wconf 84' lang='lat' dir='ltr'><strong>custodiam</strong></span> <span class='ocrx_word' id='word_1_114' title='bbox 1777 2029 1919 2142; x_wconf 84' lang='lat' dir='ltr'><strong>Joamti</strong></span> 
     </span>
     <span class='ocr_line' id='line_1_16' title="bbox 441 2143 1863 2258; baseline -0.004 -21"><span class='ocrx_word' id='word_1_115' title='bbox 441 2150 532 2237; x_wconf 86' lang='lat' dir='ltr'><strong>ritas</strong></span> <span class='ocrx_word' id='word_1_116' title='bbox 564 2149 613 2258; x_wconf 68' lang='lat' dir='ltr'><strong>gin</strong></span> <span class='ocrx_word' id='word_1_117' title='bbox 653 2145 730 2232; x_wconf 91' lang='lat' dir='ltr'><strong>hoc</strong></span> <span class='ocrx_word' id='word_1_118' title='bbox 763 2145 863 2252; x_wconf 89' lang='lat' dir='ltr'><strong>bello</strong></span> <span class='ocrx_word' id='word_1_119' title='bbox 895 2143 1153 2248; x_wconf 76' lang='lat' dir='ltr'><strong>conficiendo,</strong></span> <span class='ocrx_word' id='word_1_120' title='bbox 1208 2148 1412 2232; x_wconf 89' lang='lat' dir='ltr'><strong>Guevatae</strong></span> <span class='ocrx_word' id='word_1_121' title='bbox 1432 2146 1567 2233; x_wconf 83' lang='lat' dir='ltr'><strong>tradit.</strong></span> <span class='ocrx_word' id='word_1_122' title='bbox 1626 2155 1627 2158; x_wconf 63' lang='lat'>‘</span> <span class='ocrx_word' id='word_1_123' title='bbox 1727 2185 1733 2198; x_wconf 76' lang='grc'><em>·</em></span> <span class='ocrx_word' id='word_1_124' title='bbox 1859 2168 1863 2177; x_wconf 85' lang='grc'><strong>’</strong></span> 
     </span>
     <span class='ocr_line' id='line_1_17' title="bbox 439 2262 1924 2385; baseline 0.003 -32"><span class='ocrx_word' id='word_1_125' title='bbox 439 2297 561 2385; x_wconf 89' lang='lat' dir='ltr'><strong>quam</strong></span> <span class='ocrx_word' id='word_1_126' title='bbox 586 2263 739 2381; x_wconf 89' lang='lat' dir='ltr'><strong>quidem</strong></span> <span class='ocrx_word' id='word_1_127' title='bbox 768 2262 994 2348; x_wconf 85' lang='lat' dir='ltr'><strong>celeritatem</strong></span> <span class='ocrx_word' id='word_1_128' title='bbox 1019 2263 1048 2346; x_wconf 91' lang='lat' dir='ltr'><strong>si</strong></span> <span class='ocrx_word' id='word_1_129' title='bbox 1073 2291 1155 2349; x_wconf 90' lang='lat' dir='ltr'><strong>non</strong></span> <span class='ocrx_word' id='word_1_130' title='bbox 1268 2265 1391 2349; x_wconf 91' lang='lat' dir='ltr'><strong>XXll.</strong></span> <span class='ocrx_word' id='word_1_131' title='bbox 1454 2266 1545 2348; x_wconf 92' lang='lat' dir='ltr'><strong>Hoc</strong></span> <span class='ocrx_word' id='word_1_132' title='bbox 1581 2262 1770 2379; x_wconf 89' lang='lat' dir='ltr'><strong>Philippus</strong></span> <span class='ocrx_word' id='word_1_133' title='bbox 1819 2264 1924 2357; x_wconf 88' lang='lat' dir='ltr'><strong>initio</strong></span> 
     </span>
     <span class='ocr_line' id='line_1_18' title="bbox 441 2377 1927 2495; baseline 0.002 -26"><span class='ocrx_word' id='word_1_134' title='bbox 441 2384 695 2488; x_wconf 88' lang='lat' dir='ltr'><strong>adhibuisset,</strong></span> <span class='ocrx_word' id='word_1_135' title='bbox 717 2381 899 2465; x_wconf 70' lang='lat' dir='ltr'><strong>&#39;Saxoniae</strong></span> <span class='ocrx_word' id='word_1_136' title='bbox 927 2385 1019 2463; x_wconf 90' lang='lat' dir='ltr'><strong>Dux</strong></span> <span class='ocrx_word' id='word_1_137' title='bbox 1056 2383 1156 2465; x_wconf 92' lang='lat' dir='ltr'><strong>intra</strong></span> <span class='ocrx_word' id='word_1_138' title='bbox 1210 2377 1524 2495; x_wconf 86' lang='lat' dir='ltr'><strong>impatientissime</strong></span> <span class='ocrx_word' id='word_1_139' title='bbox 1566 2380 1664 2468; x_wconf 82' lang='lat' dir='ltr'><strong>lert.</strong></span> <span class='ocrx_word' id='word_1_140' title='bbox 1697 2385 1835 2469; x_wconf 86' lang='lat' dir='ltr'><strong>Caesar</strong></span> <span class='ocrx_word' id='word_1_141' title='bbox 1881 2417 1927 2472; x_wconf 89' lang='lat' dir='ltr'><strong>o·</strong></span> 
     </span>
     <span class='ocr_line' id='line_1_19' title="bbox 445 2494 1926 2621; baseline 0.001 -33"><span class='ocrx_word' id='word_1_142' title='bbox 445 2531 587 2619; x_wconf 86' lang='lat' dir='ltr'><strong>paucos</strong></span> <span class='ocrx_word' id='word_1_143' title='bbox 623 2501 700 2586; x_wconf 86' lang='lat' dir='ltr'><strong>dies</strong></span> <span class='ocrx_word' id='word_1_144' title='bbox 730 2498 848 2614; x_wconf 83' lang='lat' dir='ltr'><strong>copiis</strong></span> <span class='ocrx_word' id='word_1_145' title='bbox 881 2496 1046 2612; x_wconf 89' lang='lat' dir='ltr'><strong>superior</strong></span> <span class='ocrx_word' id='word_1_146' title='bbox 1073 2494 1156 2585; x_wconf 87' lang='lat' dir='ltr'><strong>fue·</strong></span> <span class='ocrx_word' id='word_1_147' title='bbox 1208 2527 1317 2584; x_wconf 90' lang='lat' dir='ltr'><strong>mnes</strong></span> <span class='ocrx_word' id='word_1_148' title='bbox 1360 2528 1462 2586; x_wconf 89' lang='lat' dir='ltr'><strong>arces</strong></span> <span class='ocrx_word' id='word_1_149' title='bbox 1501 2499 1541 2583; x_wconf 93' lang='lat' dir='ltr'><strong>in</strong></span> <span class='ocrx_word' id='word_1_150' title='bbox 1581 2500 1716 2585; x_wconf 86' lang='lat' dir='ltr'><strong>finibus</strong></span> <span class='ocrx_word' id='word_1_151' title='bbox 1746 2505 1926 2621; x_wconf 79' lang='lat' dir='ltr'><strong>lantgra-</strong></span> 
     </span>
     <span class='ocr_line' id='line_1_20' title="bbox 442 2614 1925 2735; baseline 0.001 -25"><span class='ocrx_word' id='word_1_152' title='bbox 442 2647 502 2710; x_wconf 90' lang='lat' dir='ltr'><strong>tat</strong></span> <span class='ocrx_word' id='word_1_153' title='bbox 517 2617 692 2708; x_wconf 67' lang='lat' dir='ltr'><strong>iuturus.</strong></span> <span class='ocrx_word' id='word_1_154' title='bbox 893 2622 896 2627; x_wconf 84' lang='grc'><strong>’</strong></span> <span class='ocrx_word' id='word_1_155' title='bbox 1207 2614 1285 2721; x_wconf 92' lang='lat' dir='ltr'><strong>vii,</strong></span> <span class='ocrx_word' id='word_1_156' title='bbox 1318 2646 1398 2703; x_wconf 88' lang='lat' dir='ltr'><strong>una</strong></span> <span class='ocrx_word' id='word_1_157' title='bbox 1427 2641 1581 2735; x_wconf 88' lang='lat' dir='ltr'><strong>excepta</strong></span> <span class='ocrx_word' id='word_1_158' title='bbox 1613 2682 1627 2725; x_wconf 94' lang='lat'><strong>,</strong></span> <span class='ocrx_word' id='word_1_159' title='bbox 1655 2618 1824 2705; x_wconf 90' lang='lat' dir='ltr'><strong>demoliri</strong></span> <span class='ocrx_word' id='word_1_160' title='bbox 1868 2621 1925 2735; x_wconf 87' lang='lat' dir='ltr'><strong>ju·</strong></span> 
     </span>
     <span class='ocr_line' id='line_1_21' title="bbox 485 2732 1925 2856; baseline 0.003 -31"><span class='ocrx_word' id='word_1_161' title='bbox 485 2742 662 2826; x_wconf 89' lang='lat' dir='ltr'><strong>XVIII.</strong></span> <span class='ocrx_word' id='word_1_162' title='bbox 738 2736 803 2825; x_wconf 85' lang='lat' dir='ltr'><strong>Ad</strong></span> <span class='ocrx_word' id='word_1_163' title='bbox 866 2735 1156 2856; x_wconf 86' lang='lat' dir='ltr'><strong>Vitembergam</strong></span> <span class='ocrx_word' id='word_1_164' title='bbox 1206 2732 1304 2840; x_wconf 91' lang='lat' dir='ltr'><strong>bet,</strong></span> <span class='ocrx_word' id='word_1_165' title='bbox 1337 2760 1378 2824; x_wconf 89' lang='lat' dir='ltr'><strong>et</strong></span> <span class='ocrx_word' id='word_1_166' title='bbox 1402 2737 1575 2853; x_wconf 91' lang='lat' dir='ltr'><strong>undique</strong></span> <span class='ocrx_word' id='word_1_167' title='bbox 1601 2762 1792 2825; x_wconf 90' lang='lat' dir='ltr'><strong>tormenta</strong></span> <span class='ocrx_word' id='word_1_168' title='bbox 1819 2738 1925 2829; x_wconf 88' lang='lat' dir='ltr'><strong>belli·</strong></span> 
     </span>
     <span class='ocr_line' id='line_1_22' title="bbox 441 2851 1926 2974; baseline 0.003 -29"><span class='ocrx_word' id='word_1_169' title='bbox 441 2863 579 2946; x_wconf 90' lang='lat' dir='ltr'><strong>Caesat</strong></span> <span class='ocrx_word' id='word_1_170' title='bbox 625 2859 682 2974; x_wconf 72' lang='lat' dir='ltr'><strong>ius</strong></span> <span class='ocrx_word' id='word_1_171' title='bbox 724 2851 932 2973; x_wconf 86' lang='lat' dir='ltr'><strong>suffragii,</strong></span> <span class='ocrx_word' id='word_1_172' title='bbox 975 2883 1015 2942; x_wconf 90' lang='lat' dir='ltr'><strong>et</strong></span> <span class='ocrx_word' id='word_1_173' title='bbox 1069 2857 1157 2943; x_wconf 93' lang='lat' dir='ltr'><strong>huic</strong></span> <span class='ocrx_word' id='word_1_174' title='bbox 1208 2881 1258 2938; x_wconf 88' lang='lat' dir='ltr'><strong>ea</strong></span> <span class='ocrx_word' id='word_1_175' title='bbox 1284 2855 1424 2969; x_wconf 87' lang='lat' dir='ltr'><strong>partim</strong></span> <span class='ocrx_word' id='word_1_176' title='bbox 1452 2855 1491 2942; x_wconf 94' lang='lat' dir='ltr'><strong>in</strong></span> <span class='ocrx_word' id='word_1_177' title='bbox 1515 2855 1765 2973; x_wconf 87' lang='lat' dir='ltr'><strong>Hispaniam,</strong></span> <span class='ocrx_word' id='word_1_178' title='bbox 1789 2859 1926 2972; x_wconf 88' lang='lat' dir='ltr'><strong>partim</strong></span> 
     </span>
     <span class='ocr_line' id='line_1_23' title="bbox 441 2970 1734 3093; baseline -0.003 -31"><span class='ocrx_word' id='word_1_179' title='bbox 441 3005 590 3062; x_wconf 80' lang='lat' dir='ltr'><strong>annexa</strong></span> <span class='ocrx_word' id='word_1_180' title='bbox 635 2973 775 3089; x_wconf 88' lang='lat' dir='ltr'><strong>oppida</strong></span> <span class='ocrx_word' id='word_1_181' title='bbox 837 2976 876 3058; x_wconf 89' lang='lat' dir='ltr'><strong>in</strong></span> <span class='ocrx_word' id='word_1_182' title='bbox 928 2975 1156 3062; x_wconf 87' lang='lat' dir='ltr'><strong>Mauricium</strong></span> <span class='ocrx_word' id='word_1_183' title='bbox 1209 2970 1248 3058; x_wconf 88' lang='lat' dir='ltr'><strong>in</strong></span> <span class='ocrx_word' id='word_1_184' title='bbox 1282 2973 1454 3093; x_wconf 86' lang='lat' dir='ltr'><strong>Belgium</strong></span> <span class='ocrx_word' id='word_1_185' title='bbox 1484 2976 1734 3092; x_wconf 83' lang='lat' dir='ltr'><strong>comportari.</strong></span> 
     </span>
     <span class='ocr_line' id='line_1_24' title="bbox 445 3089 1923 3205; baseline 0.003 -25"><span class='ocrx_word' id='word_1_186' title='bbox 445 3094 602 3180; x_wconf 88' lang='lat' dir='ltr'><strong>Henrici</strong></span> <span class='ocrx_word' id='word_1_187' title='bbox 629 3091 810 3178; x_wconf 75' lang='lat' dir='ltr'><strong>saxoniae</strong></span> <span class='ocrx_word' id='word_1_188' title='bbox 839 3089 1012 3205; x_wconf 88' lang='lat' dir='ltr'><strong>Principis</strong></span> <span class='ocrx_word' id='word_1_189' title='bbox 1039 3090 1156 3178; x_wconf 87' lang='lat' dir='ltr'><strong>filium</strong></span> <span class='ocrx_word' id='word_1_190' title='bbox 1268 3092 1407 3179; x_wconf 88' lang='lat' dir='ltr'><strong>XXlll.</strong></span> <span class='ocrx_word' id='word_1_191' title='bbox 1467 3098 1613 3180; x_wconf 88' lang='lat' dir='ltr'><strong>lnterea</strong></span> <span class='ocrx_word' id='word_1_192' title='bbox 1640 3099 1923 3184; x_wconf 89' lang='lat' dir='ltr'><strong>Germanorum</strong></span> 
     </span>
     <span class='ocr_line' id='line_1_25' title="bbox 443 3207 1952 3328; baseline 0.001 -28"><span class='ocrx_word' id='word_1_193' title='bbox 443 3207 659 3313; x_wconf 75' lang='lat' dir='ltr'><strong>transfert,</strong></span> <span class='ocrx_word' id='word_1_194' title='bbox 691 3209 819 3294; x_wconf 89' lang='lat' dir='ltr'><strong>milites</strong></span> <span class='ocrx_word' id='word_1_195' title='bbox 845 3208 1035 3323; x_wconf 89' lang='lat' dir='ltr'><strong>Hispanos</strong></span> <span class='ocrx_word' id='word_1_196' title='bbox 1063 3240 1151 3324; x_wconf 82' lang='lat' dir='ltr'><strong>pro</strong></span> <span class='ocrx_word' id='word_1_197' title='bbox 1207 3207 1543 3328; x_wconf 86' lang='lat' dir='ltr'><strong>Hispanorumque</strong></span> <span class='ocrx_word' id='word_1_198' title='bbox 1566 3242 1634 3300; x_wconf 82' lang='lat' dir='ltr'><strong>-ex</strong></span> <span class='ocrx_word' id='word_1_199' title='bbox 1694 3212 1768 3301; x_wconf 86' lang='lat' dir='ltr'><strong>levi</strong></span> <span class='ocrx_word' id='word_1_200' title='bbox 1813 3242 1952 3301; x_wconf 86' lang='lat' dir='ltr'><strong>causa·</strong></span> 
     </span>
     <span class='ocr_line' id='line_1_26' title="bbox 444 3325 1929 3447; baseline 0.004 -31"><span class='ocrx_word' id='word_1_201' title='bbox 444 3355 531 3447; x_wconf 90' lang='lat' dir='ltr'><strong>pter</strong></span> <span class='ocrx_word' id='word_1_202' title='bbox 571 3325 712 3414; x_wconf 87' lang='lat' dir='ltr'><strong>facinus</strong></span> <span class='ocrx_word' id='word_1_203' title='bbox 747 3328 798 3412; x_wconf 85' lang='lat' dir='ltr'><strong>ad</strong></span> <span class='ocrx_word' id='word_1_204' title='bbox 834 3327 1071 3444; x_wconf 89' lang='lat' dir='ltr'><strong>Milburgum</strong></span> <span class='ocrx_word' id='word_1_205' title='bbox 1114 3349 1155 3416; x_wconf 83' lang='lat' dir='ltr'><strong>e·</strong></span> <span class='ocrx_word' id='word_1_206' title='bbox 1209 3354 1378 3416; x_wconf 87' lang='lat' dir='ltr'><strong>exortam</strong></span> <span class='ocrx_word' id='word_1_207' title='bbox 1402 3331 1624 3418; x_wconf 88' lang='lat' dir='ltr'><strong>seditionem</strong></span> <span class='ocrx_word' id='word_1_208' title='bbox 1638 3361 1718 3418; x_wconf 91' lang='lat' dir='ltr'><strong>non</strong></span> <span class='ocrx_word' id='word_1_209' title='bbox 1742 3330 1819 3418; x_wconf 90' lang='lat' dir='ltr'><strong>sine</strong></span> <span class='ocrx_word' id='word_1_210' title='bbox 1839 3363 1929 3422; x_wconf 89' lang='lat' dir='ltr'><strong>suo-</strong></span> 
     </span>
     <span class='ocr_line' id='line_1_27' title="bbox 447 3445 1924 3568; baseline 0.001 -32"><span class='ocrx_word' id='word_1_211' title='bbox 447 3450 597 3556; x_wconf 90' lang='lat' dir='ltr'><strong>ditum‚</strong></span> <span class='ocrx_word' id='word_1_212' title='bbox 618 3445 837 3564; x_wconf 88' lang='lat' dir='ltr'><strong>equitesque</strong></span> <span class='ocrx_word' id='word_1_213' title='bbox 867 3448 1072 3563; x_wconf 88' lang='lat' dir='ltr'><strong>Hungaros</strong></span> <span class='ocrx_word' id='word_1_214' title='bbox 1099 3470 1156 3534; x_wconf 89' lang='lat' dir='ltr'><strong>at·</strong></span> <span class='ocrx_word' id='word_1_215' title='bbox 1207 3470 1289 3532; x_wconf 89' lang='lat' dir='ltr'><strong>met</strong></span> <span class='ocrx_word' id='word_1_216' title='bbox 1330 3447 1494 3562; x_wconf 91' lang='lat' dir='ltr'><strong>periculo</strong></span> <span class='ocrx_word' id='word_1_217' title='bbox 1522 3449 1706 3558; x_wconf 85' lang='lat' dir='ltr'><strong>cohibet,</strong></span> <span class='ocrx_word' id='word_1_218' title='bbox 1738 3480 1924 3568; x_wconf 89' lang='lat' dir='ltr'><strong>pugnam·</strong></span> 
     </span>
     <span class='ocr_line' id='line_1_28' title="bbox 448 3561 1929 3682; baseline 0.003 -30"><span class='ocrx_word' id='word_1_219' title='bbox 448 3597 526 3682; x_wconf 88' lang='lat' dir='ltr'><strong>que</strong></span> <span class='ocrx_word' id='word_1_220' title='bbox 554 3597 687 3654; x_wconf 88' lang='lat' dir='ltr'><strong>eorum</strong></span> <span class='ocrx_word' id='word_1_221' title='bbox 711 3561 918 3681; x_wconf 85' lang='lat' dir='ltr'><strong>praefectos</strong></span> <span class='ocrx_word' id='word_1_222' title='bbox 947 3591 1153 3651; x_wconf 88' lang='lat' dir='ltr'><strong>remunera·</strong></span> <span class='ocrx_word' id='word_1_223' title='bbox 1208 3591 1286 3678; x_wconf 91' lang='lat' dir='ltr'><strong>que</strong></span> <span class='ocrx_word' id='word_1_224' title='bbox 1312 3565 1468 3654; x_wconf 89' lang='lat' dir='ltr'><strong>dirimit.</strong></span> <span class='ocrx_word' id='word_1_225' title='bbox 1497 3567 1602 3656; x_wconf 92' lang='lat' dir='ltr'><strong>Pauli</strong></span> <span class='ocrx_word' id='word_1_226' title='bbox 1626 3573 1687 3654; x_wconf 84' lang='grc' dir='ltr'><strong>[Η.</strong></span> <span class='ocrx_word' id='word_1_227' title='bbox 1724 3571 1775 3656; x_wconf 91' lang='lat' dir='ltr'><strong>de</strong></span> <span class='ocrx_word' id='word_1_228' title='bbox 1808 3570 1929 3657; x_wconf 87' lang='lat' dir='ltr'><strong>victo·</strong></span> 
     </span>
     <span class='ocr_line' id='line_1_29' title="bbox 448 3682 1928 3803; baseline 0.004 -33"><span class='ocrx_word' id='word_1_229' title='bbox 448 3708 534 3770; x_wconf 88' lang='lat' dir='ltr'><strong>tur.</strong></span> <span class='ocrx_word' id='word_1_230' title='bbox 572 3686 785 3770; x_wconf 87' lang='lat' dir='ltr'><strong>Fernandus</strong></span> <span class='ocrx_word' id='word_1_231' title='bbox 818 3687 900 3768; x_wconf 90' lang='lat' dir='ltr'><strong>Rex</strong></span> <span class='ocrx_word' id='word_1_232' title='bbox 941 3683 992 3767; x_wconf 90' lang='lat' dir='ltr'><strong>ad</strong></span> <span class='ocrx_word' id='word_1_233' title='bbox 1016 3684 1152 3770; x_wconf 93' lang='lat' dir='ltr'><strong>tumul·</strong></span> <span class='ocrx_word' id='word_1_234' title='bbox 1208 3682 1262 3765; x_wconf 90' lang='lat' dir='ltr'><strong>ria</strong></span> <span class='ocrx_word' id='word_1_235' title='bbox 1289 3684 1513 3803; x_wconf 86' lang='lat' dir='ltr'><strong>gratulatio.</strong></span> <span class='ocrx_word' id='word_1_236' title='bbox 1565 3685 1733 3773; x_wconf 86' lang='lat' dir='ltr'><strong>Caesaris</strong></span> <span class='ocrx_word' id='word_1_237' title='bbox 1771 3690 1928 3776; x_wconf 87' lang='lat' dir='ltr'><strong>tandem</strong></span> 
     </span>
     <span class='ocr_line' id='line_1_30' title="bbox 448 3799 1929 3925; baseline 0.004 -37"><span class='ocrx_word' id='word_1_238' title='bbox 448 3826 598 3888; x_wconf 87' lang='lat' dir='ltr'><strong>tuantes</strong></span> <span class='ocrx_word' id='word_1_239' title='bbox 628 3802 830 3887; x_wconf 87' lang='lat' dir='ltr'><strong>Bohemiae</strong></span> <span class='ocrx_word' id='word_1_240' title='bbox 858 3801 1019 3915; x_wconf 91' lang='lat' dir='ltr'><strong>populos</strong></span> <span class='ocrx_word' id='word_1_241' title='bbox 1044 3801 1157 3917; x_wconf 87' lang='lat' dir='ltr'><strong>proli·</strong></span> <span class='ocrx_word' id='word_1_242' title='bbox 1209 3799 1261 3886; x_wconf 89' lang='lat' dir='ltr'><strong>ad</strong></span> <span class='ocrx_word' id='word_1_243' title='bbox 1275 3807 1489 3921; x_wconf 81' lang='lat' dir='ltr'><strong>Augustam</strong></span> <span class='ocrx_word' id='word_1_244' title='bbox 1505 3804 1817 3914; x_wconf 89' lang='lat' dir='ltr'><strong>Vindelicorum,</strong></span> <span class='ocrx_word' id='word_1_245' title='bbox 1844 3838 1929 3925; x_wconf 92' lang='lat' dir='ltr'><strong>quo</strong></span> 
     </span>
     <span class='ocr_line' id='line_1_31' title="bbox 448 3920 1927 4036; baseline 0.004 -29"><span class='ocrx_word' id='word_1_246' title='bbox 448 3921 615 4007; x_wconf 89' lang='lat' dir='ltr'><strong>ciscitur.</strong></span> <span class='ocrx_word' id='word_1_247' title='bbox 648 3920 799 4005; x_wconf 89' lang='lat' dir='ltr'><strong>Hessiae</strong></span> <span class='ocrx_word' id='word_1_248' title='bbox 828 3920 1075 4036; x_wconf 86' lang='lat' dir='ltr'><strong>Lantgtavius</strong></span> <span class='ocrx_word' id='word_1_249' title='bbox 1101 3950 1157 4008; x_wconf 90' lang='lat' dir='ltr'><strong>re·</strong></span> <span class='ocrx_word' id='word_1_250' title='bbox 1210 3923 1438 4008; x_wconf 88' lang='lat' dir='ltr'><strong>Germaniae</strong></span> <span class='ocrx_word' id='word_1_251' title='bbox 1468 3922 1584 4010; x_wconf 91' lang='lat' dir='ltr'><strong>totius</strong></span> <span class='ocrx_word' id='word_1_252' title='bbox 1616 3923 1829 4012; x_wconf 87' lang='lat' dir='ltr'><strong>Concilium</strong></span> <span class='ocrx_word' id='word_1_253' title='bbox 1873 3925 1927 4012; x_wconf 88' lang='lat' dir='ltr'><strong>in·</strong></span> 
     </span>
     <span class='ocr_line' id='line_1_32' title="bbox 450 4035 1618 4152; baseline 0.003 -28"><span class='ocrx_word' id='word_1_254' title='bbox 450 4038 521 4126; x_wconf 91' lang='lat' dir='ltr'><strong>bus</strong></span> <span class='ocrx_word' id='word_1_255' title='bbox 551 4038 748 4152; x_wconf 87' lang='lat' dir='ltr'><strong>desperatis</strong></span> <span class='ocrx_word' id='word_1_256' title='bbox 779 4035 829 4122; x_wconf 91' lang='lat' dir='ltr'><strong>ad</strong></span> <span class='ocrx_word' id='word_1_257' title='bbox 862 4038 1052 4149; x_wconf 81' lang='lat' dir='ltr'><strong>Carolum¹</strong></span> <span class='ocrx_word' id='word_1_258' title='bbox 1066 4066 1157 4125; x_wconf 92' lang='lat' dir='ltr'><strong>con·</strong></span> <span class='ocrx_word' id='word_1_259' title='bbox 1211 4036 1388 4146; x_wconf 85' lang='lat' dir='ltr'><strong>dixerat,</strong></span> <span class='ocrx_word' id='word_1_260' title='bbox 1412 4040 1618 4128; x_wconf 87' lang='lat' dir='ltr'><strong>adventus.</strong></span> 
     </span>
     <span class='ocr_line' id='line_1_33' title="bbox 449 4147 1928 4278; baseline 0.007 -38"><span class='ocrx_word' id='word_1_261' title='bbox 449 4152 595 4274; x_wconf 83' lang='lat' dir='ltr'><strong>fugiens</strong></span> <span class='ocrx_word' id='word_1_262' title='bbox 622 4147 944 4270; x_wconf 87' lang='lat' dir='ltr'><strong>Brandeburgensi</strong></span> <span class='ocrx_word' id='word_1_263' title='bbox 959 4156 1158 4245; x_wconf 90' lang='lat' dir='ltr'><strong>Delectore</strong></span> <span class='ocrx_word' id='word_1_264' title='bbox 1291 4161 1438 4245; x_wconf 85' lang='lat' dir='ltr'><strong>XXIV.</strong></span> <span class='ocrx_word' id='word_1_265' title='bbox 1512 4165 1583 4245; x_wconf 89' lang='lat' dir='ltr'><strong>Per</strong></span> <span class='ocrx_word' id='word_1_266' title='bbox 1630 4159 1732 4247; x_wconf 91' lang='lat' dir='ltr'><strong>idem</strong></span> <span class='ocrx_word' id='word_1_267' title='bbox 1778 4184 1928 4278; x_wconf 83' lang='lat' dir='ltr'><strong>tempus</strong></span> 
     </span>
     <span class='ocr_line' id='line_1_34' title="bbox 449 4272 1930 4391; baseline 0.006 -33"><span class='ocrx_word' id='word_1_268' title='bbox 449 4300 490 4360; x_wconf 91' lang='lat' dir='ltr'><strong>et</strong></span> <span class='ocrx_word' id='word_1_269' title='bbox 534 4273 719 4359; x_wconf 91' lang='lat' dir='ltr'><strong>Mauricio</strong></span> <span class='ocrx_word' id='word_1_270' title='bbox 764 4278 874 4372; x_wconf 88' lang='lat' dir='ltr'><strong>Duce</strong></span> <span class='ocrx_word' id='word_1_271' title='bbox 915 4272 1158 4388; x_wconf 87' lang='lat' dir='ltr'><strong>deprecatori·</strong></span> <span class='ocrx_word' id='word_1_272' title='bbox 1211 4284 1373 4365; x_wconf 85' lang='lat' dir='ltr'><strong>Genuae</strong></span> <span class='ocrx_word' id='word_1_273' title='bbox 1416 4276 1585 4391; x_wconf 87' lang='lat' dir='ltr'><strong>Joannes</strong></span> <span class='ocrx_word' id='word_1_274' title='bbox 1629 4279 1789 4366; x_wconf 85' lang='lat' dir='ltr'><strong>Aloisius</strong></span> <span class='ocrx_word' id='word_1_275' title='bbox 1833 4281 1930 4367; x_wconf 92' lang='lat' dir='ltr'><strong>ado·</strong></span> 
     </span>
    </p>
   </div>
   <div class='ocr_carea' id='block_1_3' title="bbox 343 4391 1927 4483">
    <p class='ocr_par' dir='ltr' id='par_1_3' title="bbox 343 4391 1927 4483">
     <span class='ocr_line' id='line_1_35' title="bbox 343 4391 1927 4483; baseline 0.009 -14"><span class='ocrx_word' id='word_1_276' title='bbox 343 4465 347 4469; x_wconf 81' lang='grc'>.</span> <span class='ocrx_word' id='word_1_277' title='bbox 449 4391 522 4477; x_wconf 90' lang='lat' dir='ltr'><strong>bus</strong></span> <span class='ocrx_word' id='word_1_278' title='bbox 553 4393 702 4477; x_wconf 88' lang='lat' dir='ltr'><strong>veniam</strong></span> <span class='ocrx_word' id='word_1_279' title='bbox 740 4391 845 4477; x_wconf 88' lang='lat' dir='ltr'><strong>certis</strong></span> <span class='ocrx_word' id='word_1_280' title='bbox 883 4392 1159 4481; x_wconf 90' lang='lat' dir='ltr'><strong>conditionibus</strong></span> <span class='ocrx_word' id='word_1_281' title='bbox 1212 4395 1350 4483; x_wconf 89' lang='lat' dir='ltr'><strong>lescens</strong></span> <span class='ocrx_word' id='word_1_282' title='bbox 1383 4423 1430 4482; x_wconf 90' lang='lat' dir='ltr'><strong>ex</strong></span> <span class='ocrx_word' id='word_1_283' title='bbox 1455 4396 1655 4483; x_wconf 85' lang='lat' dir='ltr'><strong>Fliscorum</strong></span> <span class='ocrx_word' id='word_1_284' title='bbox 1679 4393 1815 4480; x_wconf 86' lang='lat' dir='ltr'><strong>familia</strong></span> <span class='ocrx_word' id='word_1_285' title='bbox 1837 4424 1927 4483; x_wconf 88' lang='lat' dir='ltr'><strong>con·</strong></span> 
     </span>
    </p>
   </div>
   <div class='ocr_carea' id='block_1_4' title="bbox 447 4507 1929 4744">
    <p class='ocr_par' dir='ltr' id='par_1_4' title="bbox 447 4507 1929 4744">
     <span class='ocr_line' id='line_1_36' title="bbox 448 4507 1929 4622; baseline 0.005 -28"><span class='ocrx_word' id='word_1_286' title='bbox 448 4507 663 4622; x_wconf 78' lang='lat' dir='ltr'><strong>impetrat,</strong></span> <span class='ocrx_word' id='word_1_287' title='bbox 701 4509 842 4593; x_wconf 87' lang='lat' dir='ltr'><strong>Carolo</strong></span> <span class='ocrx_word' id='word_1_288' title='bbox 891 4509 968 4594; x_wconf 91' lang='lat' dir='ltr'><strong>hoc</strong></span> <span class='ocrx_word' id='word_1_289' title='bbox 1011 4535 1160 4597; x_wconf 90' lang='lat' dir='ltr'><strong>tantum</strong></span> <span class='ocrx_word' id='word_1_290' title='bbox 1211 4515 1331 4599; x_wconf 89' lang='lat' dir='ltr'><strong>silium</strong></span> <span class='ocrx_word' id='word_1_291' title='bbox 1374 4513 1598 4598; x_wconf 89' lang='lat' dir='ltr'><strong>concidendi</strong></span> <span class='ocrx_word' id='word_1_292' title='bbox 1626 4511 1760 4598; x_wconf 90' lang='lat' dir='ltr'><strong>Dorias</strong></span> <span class='ocrx_word' id='word_1_293' title='bbox 1791 4532 1831 4598; x_wconf 87' lang='lat' dir='ltr'><strong>et</strong></span> <span class='ocrx_word' id='word_1_294' title='bbox 1864 4542 1929 4602; x_wconf 87' lang='lat' dir='ltr'><strong>ur·</strong></span> 
     </span>
     <span class='ocr_line' id='line_1_37' title="bbox 447 4624 1928 4744; baseline 0.007 -35"><span class='ocrx_word' id='word_1_295' title='bbox 447 4627 645 4740; x_wconf 89' lang='lat' dir='ltr'><strong>pollicente</strong></span> <span class='ocrx_word' id='word_1_296' title='bbox 689 4655 727 4711; x_wconf 90' lang='lat' dir='ltr'><strong>se</strong></span> <span class='ocrx_word' id='word_1_297' title='bbox 759 4652 828 4710; x_wconf 91' lang='lat' dir='ltr'><strong>nec</strong></span> <span class='ocrx_word' id='word_1_298' title='bbox 874 4624 912 4708; x_wconf 93' lang='lat' dir='ltr'><strong>in</strong></span> <span class='ocrx_word' id='word_1_299' title='bbox 948 4627 1159 4742; x_wconf 91' lang='lat' dir='ltr'><strong>Philippum</strong></span> <span class='ocrx_word' id='word_1_300' title='bbox 1212 4629 1300 4713; x_wconf 90' lang='lat' dir='ltr'><strong>bem</strong></span> <span class='ocrx_word' id='word_1_301' title='bbox 1326 4628 1538 4743; x_wconf 88' lang='lat' dir='ltr'><strong>occupandi</strong></span> <span class='ocrx_word' id='word_1_302' title='bbox 1570 4658 1658 4714; x_wconf 91' lang='lat' dir='ltr'><strong>cum</strong></span> <span class='ocrx_word' id='word_1_303' title='bbox 1685 4630 1928 4744; x_wconf 91' lang='lat' dir='ltr'><strong>Hieronymo</strong></span> 
     </span>
    </p>
   </div>
   <div class='ocr_carea' id='block_1_5' title="bbox 408 4742 1927 4952">
    <p class='ocr_par' dir='ltr' id='par_1_5' title="bbox 408 4742 1927 4952">
     <span class='ocr_line' id='line_1_38' title="bbox 408 4742 1927 4952; baseline 0.005 -124"><span class='ocrx_word' id='word_1_304' title='bbox 408 4751 411 4755; x_wconf 85' lang='grc'>’</span> <span class='ocrx_word' id='word_1_305' title='bbox 446 4742 679 4860; x_wconf 85' lang='lat' dir='ltr'><strong>capitaliter,</strong></span> <span class='ocrx_word' id='word_1_306' title='bbox 706 4773 776 4831; x_wconf 90' lang='lat' dir='ltr'><strong>nec</strong></span> <span class='ocrx_word' id='word_1_307' title='bbox 818 4769 999 4860; x_wconf 82' lang='lat' dir='ltr'><strong>perpensa</strong></span> <span class='ocrx_word' id='word_1_308' title='bbox 1041 4769 1159 4834; x_wconf 88' lang='lat' dir='ltr'><strong>custo</strong></span> <span class='ocrx_word' id='word_1_309' title='bbox 1212 4770 1254 4835; x_wconf 89' lang='lat' dir='ltr'><strong>et</strong></span> <span class='ocrx_word' id='word_1_310' title='bbox 1269 4744 1684 4858; x_wconf 86' lang='lat' dir='ltr'><strong>Ottobonofrattibus,</strong></span> <span class='ocrx_word' id='word_1_311' title='bbox 1703 4777 1791 4836; x_wconf 89' lang='lat' dir='ltr'><strong>cum</strong></span> <span class='ocrx_word' id='word_1_312' title='bbox 1809 4752 1927 4952; x_wconf 41' lang='lat' dir='ltr'><strong>szllo</strong></span> 
     </span>
     <span class='ocr_line' id='line_1_39' title="bbox 1890 4894 1923 4952; baseline 0 0"><span class='ocrx_word' id='word_1_313' title='bbox 1890 4894 1923 4952; x_wconf 80' lang='lat' dir='ltr'><strong>e·</strong></span> 
     </span>
    </p>
   </div>
   <div class='ocr_carea' id='block_1_6' title="bbox 0 0 2063 5888">
    <p class='ocr_par' dir='ltr' id='par_1_6' title="bbox 0 0 2063 5888">
     <span class='ocr_line' id='line_1_40' title="bbox 0 0 2063 5888; baseline 0 0"><span class='ocrx_word' id='word_1_314' title='bbox 0 0 2063 5888; x_wconf 95' lang='lat' dir='ltr'><strong> </strong></span> 
     </span>
    </p>
   </div>
  </div>
 </body>
</html>
