4170 5866
550 439 629 532 140
935 423 1019 504 os
1059 418 1266 501 ussus
1314 417 1539 498 onssrs

510 588 684 687 neribus
719 577 909 686 studiose
944 615 1043 681 sunt
1076 577 1320 720 prosecuti.

375 730 378 744 ’
498 787 503 814 1
584 742 660 830 XI.
733 740 897 829 Interea
947 740 1051 827 Dux
1086 720 1280 824 Albanus
1333 761 1436 823 cum
1487 715 1670 821 navibus
1724 718 1965 845 onerariis,

511 915 625 1015 quae
661 871 926 1013 quingentos
969 870 1134 1010 equites
1169 864 1401 1007 fabrosque
1452 905 1553 967 cum
1589 865 1856 966 administris
1908 871 1967 969 ad

513 1016 804 1158 octingentis,
823 1050 866 1115 et
901 1051 1172 1115 commeatus
1208 1053 1257 1110 ac
1291 1045 1509 1112 tormenta
1545 1044 1825 1150 ceterumque
1864 1007 1967 1113 belli

509 1198 763 1300 apparatum
801 1160 1092 1275 sustulerant,
1122 1154 1329 1256 Kalendis
1364 1153 1571 1254 Octobris
1608 1195 1661 1252 ex
1696 1193 1813 1252 nova
1848 1165 1968 1256 Cat-

507 1304 685 1444 thagine
738 1298 995 1443 profectus,
1029 1303 1075 1399 in
1110 1298 1453 1416 Colubrariam‚
1490 1298 1647 1396 deinde
1688 1299 1735 1399 in
1770 1297 1969 1400 Ebusum

507 1447 779 1564 advehitur,
814 1445 1017 1545 Balearici
1068 1443 1201 1542 maris
1238 1442 1394 1541 insulas
1437 1443 1749 1571 (Formenreram
1807 1479 1849 1541 et
1886 1449 1969 1544 Ibi-

506 1633 596 1711 <om
633 1630 750 1690 nunc
785 1589 1033 1730 appellant)
1076 1623 1119 1686 ct
1154 1626 1256 1687 cum
1283 1626 1349 1684 ⁴co
1387 1624 1584 1724 proceres
1621 1585 1811 1724 Hispani
1848 1625 1970 1688 non·

508 1734 654 1853 nulli,
691 1734 769 1874 qui
805 1732 1040 1832 voluntarii
1077 1768 1120 1831 et
1157 1729 1354 1831 invocati
1404 1731 1459 1827 ad
1511 1727 1596 1829 hoc
1644 1728 1809 1829 bellum
1858 1770 1971 1830 con-

508 1914 756 1976 currerunt.
800 1877 866 1974 Hi
903 1913 1049 1977 autem
1084 1871 1202 1973 fuere
1255 1872 1468 1973 Gonsalus
1511 1875 1748 1974 Femandus
1787 1877 1970 1975 Cordus

506 2019 562 2119 ba
597 2020 778 2118 Gonsali
819 2019 976 2161 Magni
1012 2058 1181 2159 nepos,
1218 2031 1441 2119 Suessanus
1478 2025 1588 2118 Dux
1623 2018 1831 2158 idemque
1874 2031 1968 2118 Ca-

506 2161 665 2263 bremis
701 2177 902 2281 Comes,
938 2200 981 2261 et
1017 2161 1145 2296 hujus
1183 2163 1355 2303 gentilis
1392 2198 1524 2300 arque
1574 2161 1853 2302 propinquus
1890 2173 1970 2262 Pe-

508 2339 597 2403 trus
634 2311 873 2407 Fernandes
901 2306 1144 2424 Corduba,
1164 2307 1305 2406 Feriae
1342 2317 1506 2404 Comes
1543 2342 1586 2404 ct
1613 2305 1814 2405 Marcbio
1850 2309 1971 2406 Pric-

509 2448 686 2589 gensis,
731 2491 833 2548 cum
887 2448 1058 2550 duobus
1093 2444 1295 2551 fratribus
1331 2450 1551 2551 Gomezio
1588 2484 1630 2548 et
1666 2444 1888 2568 Alfonso,
1925 2453 1971 2550 i-

388 2672 411 2702 „
512 2627 690 2731 temque
726 2594 946 2692 Francisco
982 2597 1207 2694 Fetnando
1251 2595 1621 2737 consanguinee,
1658 2594 1738 2732 qui
1773 2594 1971 2694 Guadal-

510 2737 651 2835 cazari
704 2736 1006 2878 imperitabat.
1060 2748 1280 2842 Praeterea
1329 2739 1578 2839 Ludovicus
1631 2737 1767 2836 Leiva
1818 2736 1971 2837 Asculi

510 2880 745 3020 Princeps,
785 2882 993 2982 Claudius
1028 2882 1351 3024 Quignonius,
1388 2892 1535 2983 Petrus
1571 2883 1701 2981 Veles
1737 2891 1939 2983 Guevara
1954 2959 1972 3000 ,

511 3027 661 3122 Petrus
696 3026 951 3133 Bovadilla3
989 3035 1172 3145 Lunae,
1211 3039 1450 3167 Ognatae,
1491 3061 1534 3124 er
1570 3023 1840 3127 Cbincbonis
1877 3039 1971 3126 Co-

510 3166 674 3275 mites3
710 3172 951 3270 chandus
986 3183 1161 3270 Castrus
1212 3170 1339 3269 Lemi
1391 3165 1562 3270 futurus
1597 3183 1802 3286 Comes,
1833 3182 1971 3270 Fran-

510 3308 644 3409 ciscus
696 3323 850 3411 Cueva
901 3313 1105 3413 Cuellatis
1155 3312 1362 3414 Marchio
1396 3390 1411 3432 ‚
1452 3313 1696 3412 Femandus
1747 3313 1970 3414 Cotresius

510 3452 716 3554 Marchio
755 3457 928 3575 Vallis,
961 3496 1073 3597 quae
1109 3457 1231 3599 regio
1269 3494 1332 3558 est
1367 3455 1415 3555 in
1450 3456 1574 3556 Orbe
1610 3496 1732 3556 novo
1766 3496 1907 3600 nuper
1943 3497 1971 3557 a

510 3599 667 3698 nostris
703 3638 799 3699 non
828 3601 966 3698 modo
1002 3638 1212 3740 tepert0,
1250 3603 1325 3702 sed
1362 3602 1496 3701 etiam
1533 3598 1620 3699 boc
1655 3603 1765 3701 duce
1808 3642 1971 3744 magna

511 3775 563 3838 ex
600 3775 720 3878 parte
757 3743 805 3840 in
841 3742 1058 3843 ditionem
1093 3746 1296 3852 redactos
1336 3754 1485 3846 Petrus
1520 3756 1674 3844 Cueva
1711 3745 1971 3887 Religioso-

508 3918 607 3980 rum
659 3886 860 4024 equitum
896 3887 1154 3987 Alcantarae
1204 3884 1441 3989 Praefectus
1473 3966 1506 4007 ‚,
1529 3889 1751 3987 Federicus
1787 3891 1972 3991 Tolerus

508 4026 712 4167 Claviger
747 4029 1035 4151 Alcantarae,
1073 4034 1197 4173 quod
1232 4070 1297 4132 est
1333 4024 1475 4131 officii
1514 4070 1681 4132 nomen
1724 4032 1771 4133 in
1814 4035 1974 4134 eadem

508 4171 710 4308 Equestri
745 4172 994 4315 religiones
1021 4212 1063 4276 et
1100 4177 1174 4276 alii
1210 4211 1443 4317 praeterea,
1462 4174 1553 4274 sine
1590 4177 1723 4276 titulo
1760 4176 1844 4277 viri
1882 4217 1975 4278 no-

508 4309 744 4434 bilissimi,
781 4357 832 4416 ac
867 4318 916 4416 in
951 4316 1018 4418 his
1054 4327 1248 4456 Joannes
1284 4331 1409 4461 Vega
1445 4320 1628 4449 Grajalis
1663 4320 1896 4458 Princeps,
1929 4358 1975 4420 et

507 4458 757 4558 Ludovicus
791 4474 1056 4597 Sotomayor
1093 4463 1207 4564 filius
1257 4464 1449 4565 Comitis
1486 4462 1804 4567 Belalcazaris3
1847 4500 1976 4600 quo-

507 4636 606 4699 tum
658 4600 732 4698 ille
760 4680 774 4722 ,
807 4644 908 4704 cum
959 4606 1150 4706 reditum
1203 4643 1266 4705 est
1316 4608 1363 4703 iu
1401 4604 1699 4746 Hispaniam,
1743 4608 1975 4709 Navarrae

506 4778 591 4882 pro
627 4754 751 4888 Rege
794 4743 1032 4885 praefectus
1081 4744 1200 4872 fuit,
1239 4747 1489 4852 Ludovicus
1540 4786 1710 4893 partem
1763 4786 1807 4853 et
1855 4751 1971 4850 alios

1823 4933 1970 5036 quos·
