4124 5880
522 433 860 550 CAROLIV.
910 441 1026 520 LIB
1060 443 1187 522 XVI
1483 463 1532 518 21
1627 457 1629 464 ⁴

129 637 242 763 quae
288 597 344 700 ad
379 592 545 696 bellum
591 585 918 691 defendendum
950 546 1302 739 ,Regnumque
1347 603 1582 705 tutandum

128 744 223 845 usui
270 774 461 856 essent,
507 746 625 866 jussu
660 734 840 836 Caroli
847 776 1223 878 comparaverat,
1264 784 1306 844 et
1348 748 1584 848 exercitum

128 881 373 989 confecerat
423 880 624 1021 peditum
667 879 973 1020 Hispanorum
1020 918 1063 981 et
1102 885 1350 990 Italicorum
1397 892 1585 1032 quinde

128 1032 215 1132 cim
260 1027 498 1145 millium,
543 1022 747 1162 equitum
788 1063 894 1124 vero
948 1024 1329 1164 cataphractorum
1382 1036 1588 1173 quadrin

129 1211 401 1319 gentorum,
439 1103 559 1269 mille
595 1201 743 1265 aurem
780 1203 824 1267 et
859 1168 1206 1331 quingentorum
1241 1173 1415 1275 levioris
1451 1216 1589 1277 arma

131 1356 252 1422 turae
269 1349 471 1475 ,practer
504 1350 703 1452 proceres
738 1313 888 1474 Regni
922 1313 1239 1476 Neapolitani
1269 1318 1350 1455 qui
1384 1324 1590 1424 nomina-

133 1464 218 1565 tim
254 1495 462 1579 evocari,
497 1496 600 1556 cum
636 1496 714 1555 suo
751 1457 939 1597 quisque
975 1459 1186 1558 comitatu
1226 1460 1419 1562 celeriter
1454 1462 1588 1565 affue

132 1640 263 1708 runt.
301 1617 438 1726 Quas
462 1600 611 1742 copias
647 1599 834 1699 Tolerus
878 1603 933 1701 ad
970 1602 1179 1703 nuntium
1214 1605 1416 1793 appulsae
1441 1607 1589 1711 classis

130 1748 176 1853 in
213 1747 389 1850 hostem
425 1746 631 1846 inducere
666 1744 842 1884 coepit.

197 1903 326 1995 XXI.
401 1901 564 1992 Interea
601 1889 901 2026 Hieronymus
954 1891 1195 2012 Pisaums,
1236 1890 1374 1994 factus
1428 1895 1586 1999 certior

129 2040 182 2139 de
219 2034 462 2139 Charadini
511 2077 563 2135 ex
599 2033 775 2136 Aulone
811 2036 1040 2156 discessu,
1093 2075 1378 2179 metuensque
1427 2078 1482 2138 ne
1531 2038 1588 2140 ab

128 2181 229 2282 irari
280 2181 507 2317 Solymaui
556 2178 684 2279 classe
735 2179 1172 2301 circumveniretur,
1212 2221 1343 2282 naves
1392 2194 1591 2320 Corcyra

125 2326 276 2468 prima
329 2324 482 2468 vigilia
532 2324 759 2441 deducit,
797 2325 1097 2464 Apuliamque
1134 2362 1278 2426 versus
1328 2327 1584 2437 contendit3

127 2507 174 2570 et
218 2505 370 2570 nactus
422 2508 468 2570 tn
522 2467 674 2570 itinere
722 2506 859 2566 unam
893 2477 1138 2573 Turcarum
1187 2471 1446 2592 triremem,
1481 2470 1593 2571 hanc

116 2611 389 2716 mortalibus
426 2608 633 2713 omnibus
684 2612 741 2711 ad
776 2652 916 2714 unum
953 2614 1136 2715 concisis
1173 2612 1422 2756 depressit,
1472 2614 1595 2715 dein

117 2761 187 2859 de
225 2759 367 2859 ventis
403 2759 625 2919 dejectus,
647 2796 749 2857 cum
786 2760 895 2860 circa
931 2758 1162 2895 Hydrunti
1196 2760 1422 2899 regionem
1460 2798 1596 2897 quar

114 2936 178 3002 ta
218 2903 370 3042 vigilia
404 2903 708 3040 processisset,
731 2902 779 3000 in
815 2902 990 3001 classem
1005 2944 1154 3044 ,quae
1183 2911 1347 3003 Turcas
1382 2936 1425 3001 et
1458 2900 1595 3000 Luth

108 3043 324 3187 phinum
360 3079 766 3185 transportaverat,
795 3042 990 3165 incidit,
1024 3086 1118 3146 non
1154 3083 1255 3144 ante
1291 3082 1597 3185 conspectam,

109 3229 277 3353 quam
308 3225 493 3289 ventum
540 3222 648 3288 esser
695 3188 807 3286 intra
856 3191 982 3289 teli
966 3227 1158 3320 Jacrum
1212 3197 1345 3289 Tunc
1382 3229 1485 3290 vero
1521 3190 1593 3287 in

113 3334 261 3476 genti
298 3369 620 3435 tormentorum
655 3327 824 3474 fragore
861 3333 1017 3435 Turcis
1053 3333 1399 3455 invadentibus,
1435 3330 1598 3436 Veneti

112 3517 292 3579 eorum
330 3479 551 3642 impetum
586 3472 698 3576 ferre
734 3515 1041 3620 nequeuntes,
1078 3473 1229 3621 firgam
1264 3511 1408 3616 capess
1391 3511 1524 3596 sunt,
1553 3508 1598 3574 et

114 3659 302 3764 magno
338 3624 563 3793 remigum
611 3621 758 3722 studio
809 3659 944 3766 atque
998 3620 1147 3724 labore
1193 3621 1469 3762 periculum,
1504 3658 1598 3720 non

121 3803 287 3867 tamen
323 3807 414 3868 stne
458 3777 627 3900 jactura
655 3802 885 3931 ..quatuor
891 3768 1110 3889 navium,
1147 3802 1399 3868 evaserunt.
1455 3762 1601 3864 Lesb-2

124 3908 301 4050 phinus
339 3947 519 4031 aurem,
556 3910 719 4052 partim
761 3913 920 4012 nuntio
964 3913 1189 4013 deterritus
1240 3909 1599 4069 convenientium

128 4051 529 4178 Christianorum,
569 4055 730 4196 partim
781 4092 977 4157 metuens
1032 4096 1089 4158 ne
1125 4057 1324 4181 Veneri,
1357 4050 1600 4184 conjunctis

138 4197 308 4299 duabus
351 4129 590 4320 classibris,
626 4241 670 4299 se
720 4239 938 4350 suasque
952 4241 1083 4325 naves
1136 4202 1484 4343 opprimerent,
1521 4193 1605 4296 tri-

140 4342 280 4442 duum
317 4347 457 4445 modo
507 4345 565 4443 ad
601 4357 805 4446 Castrum
842 4385 1187 4464 commoratus,
1220 4344 1308 4442 hoc
1359 4341 1529 4481 oppido
1565 4373 1609 4438 et

151 4484 427 4588 omnibus
390 4528 559 4590 crrcum
595 4485 851 4589 aedificiis
841 4489 1058 4607 rncensis,
1092 4526 1188 4587 suos
1223 4488 1279 4585 ad
1316 4524 1445 4586 naves
1484 4485 1615 4592 redu.

146 4629 241 4749 cit,
277 4672 328 4731 ac
366 4635 508 4774 pridie
545 4633 868 4733 Kalendarum·
854 4632 1066 4772 0Augusti
1101 4630 1321 4747 discedit,
1364 4629 1613 4730 Aulonem-

149 4802 232 4913 que
271 4779 477 4898 revertit,
503 4786 625 4912 cujus
661 4772 828 4880 factum
865 4775 1182 4919 consiliumque
1220 4775 1477 4910 Solymanus
1515 4810 1617 4911 pro-

1530 4913 1614 5012 ba
