3998 5850
413 453 666 542 cauom
702 458 756 540 v.
799 461 917 541 ans.
948 458 1181 544 xxvnr.
1399 392 1488 572 469

62 618 118 723 ad
154 613 388 737 Insubres,
427 615 482 717 ad
520 611 676 718 urbem
711 625 909 717 Romam
949 691 965 737 ‚
999 622 1222 756 postremo
1258 617 1313 719 a'd
1349 607 1532 764 Neapo-

56 764 137 868 lim
174 799 331 906 parta,
358 799 543 863 ornnem
579 798 703 902 spem
739 754 921 859 bellicae
956 758 1174 863 vindictae
1211 763 1409 865 Henrico
1446 772 1531 870 susss

57 909 222 1012 tulisset
261 985 276 1022 ,
310 906 394 1006 alia
432 905 505 1008 via
542 903 707 1006 Carolo
745 901 997 1005 molestiam
1033 940 1076 1006 ct
1112 906 1346 1049 negotium
1396 903 1533 1012 faces-

58 1092 150 1154 sere
199 1051 393 1152 decrevit
447 1087 525 1191 per
582 1045 847 1151 Catherinac
898 1047 1046 1150 uxoris
1102 1085 1146 1150 ct
1196 1050 1365 1151 Mariae
1418 1050 1532 1155 filiae

58 1195 373 1298 contumeliam
407 1269 423 1313 ,
465 1232 580 1336 quae
617 1192 674 1293 ad
711 1191 921 1297 Carolum
954 1234 1143 1336 quoque
1195 1232 1374 1336 propter
1425 1199 1532 1299 con-

59 1337 362 1483 sanguinitatis
419 1337 779 1471 conjunctionem
815 1337 1083 1478 pertineret.
1137 1349 1289 1479 ltaque
1325 1337 1532 1442 Catheri-

59 1523 166 1586 nam
202 1523 385 1587 uxorem
419 1522 536 1582 anno
576 1480 853 1582 matrimonii
889 1481 1109 1623 vigesimo
1162 1481 1412 1626 repudiavit
1440 1564 1456 1605 ,
1485 1523 1530 1589 ct

65 1628 261 1730 Mariam
298 1626 435 1728 filiam
470 1623 658 1728 notlram
693 1665 782 1726 esse
817 1626 1059 1766 praeconio
1093 1625 1217 1760 jussit
1256 1627 1415 1769 passim
1484 1670 1530 1734 er

64 1783 276 1921 Regnum
315 1770 626 1914 pronuntiari,
663 1806 707 1871 et
744 1775 922 1874 Annam
958 1770 1170 1872 Bolenam
1220 1770 1380 1874 eximia
1433 1669 1530 1876 ffr-

60 1952 135 2016 ma
187 1917 380 2059 puellam
442 1912 784 2056 superinduxits
821 1913 994 2053 repudii
1033 1913 1152 2013 illata
1200 1952 1326 2013 causa
1382 1955 1527 2019 neue

60 2053 165 2162 vcra
217 2099 360 2202 neque
399 2058 526 2202 gravi
561 2134 577 2178 ,
613 2057 739 2199 quod
777 2093 852 2195 per
902 2055 1019 2198 leges
1060 2053 1325 2157 Christianas
1361 1956 1528 2161 casle-

62 2204 207 2306 tinam
261 2204 308 2302 in
361 2200 702 2303 matrimonium
743 2201 914 2335 ‘ducere
961 2239 1054 2302 non
1102 2200 1361 2342 potuisset,
1414 2244 1529 2345 quae

60 2346 182 2487 prius
233 2342 359 2447 fratri
394 2351 584 2447 Arcturo
634 2379 887 2483 nupserat,
929 2342 1007 2443 etsi
1056 2342 1281 2447 Pontificis
1336 2347 1529 2453 Maximi

62 2489 298 2593 auctoritas
348 2529 427 2633 per
463 2489 687 2590 decretum
724 2522 768 2599 et
816 2490 1125 2621 dispensationem
1159 2488 1423 2730 appellatam
1459 2490 1529 2599 inf

62 2633 311 2736 terccssissct
349 2711 363 2755 ,
413 2667 465 2734 ut
517 2631 857 2740 intercesserat3
900 2669 983 2729 nec
1019 2631 1141 2732 enirn
1196 2632 1305 2732 uisse
1340 2633 1532 2736 Pontifi-

61 2775 156 2878 ciae
217 2774 442 2919 potestatis
491 2774 540 2876 in
593 2815 643 2875 ea
679 2812 807 2875 causa
861 2770 1029 2914 legibus
1079 2774 1245 2875 solvere
1286 2777 1531 2882 Henricum

61 2956 105 3029 et
151 2920 471 3025 Catherinarn.
526 2933 657 3040 Quae
705 2914 878 3059 repudii
929 2956 1053 3017 causa
1101 2955 1207 3020 curn
1249 2929 1422 3021 Romae
1472 2924 1532 3028 ad

63 3060 255 3172 tribunal
290 3060 575 3167 Pontificiuni
612 3100 774 3204 magna
825 3058 1021 3201 partium
1055 3060 1338 3163 contentione
1392 3065 1529 3208 agita-2

61 3245 216 3328 retur,
254 3209 418 3314 Carolo
453 3207 676 3349 Reginam
720 3239 1043 3325 materteram,
1072 3242 1127 3304 ne
1183 3203 1378 3347 opibus,
1415 3247 1527 3337 neye

62 3351 294 3456 calumniis
346 3350 733 3457 circumveniretur
768 3425 783 3471 ,
817 3342 1043 3470 fovente,
1090 3383 1242 3451 contra
1276 3350 1526 3487 Henricum

62 3497 408 3638 pronuntiatum
444 3533 528 3601 cst.

135 3650 293 3744 XLIV.
366 3650 447 3744 Per
467 3643 529 3753 ¹id
566 3680 652 3785 ego
687 3673 859 3782 tempus
895 3650 1071 3744 Rornae
1105 3637 1447 3761 commorabar,
1468 3641 1522 3744 li·

61 3780 317 3927 bellumque
389 3789 435 3885 de
494 3794 578 3886 ‘ritu
631 3794 845 3922 nuptiarum
905 3816 946 3885 et
1014 3789 1285 3919 dispensatione
1346 3784 1522 3915 corpseci,

63 3927 291 4069 edidique
308 3967 413 4032 curn
447 3968 614 4074 magno
651 3932 888 4031 doctorum
925 3927 1163 4029 hominum
1199 3967 1399 4046 assensu,
1428 3967 1522 4069 quo

63 4110 240 4172 causam
297 4074 494 4214 Reginae
545 4076 767 4216 amplexus
821 4112 967 4198 sum,
1008 4110 1052 4174 et
1104 4072 1232 4176 bonis
1284 4070 1524 4212 aequisque

67 4212 277 4318 omnibus
331 4214 548 4356 probavi.
601 4219 778 4321 Deinde
827 4215 988 4320 librum
1042 4216 1226 4318 alterurn
1284 4214 1523 4317 Clementis

65 4360 250 4499 Septimi
304 4359 524 4463 Pontificis
558 4361 756 4471 Maximi
792 4362 1020 4466 voluntate
1069 4363 1115 4459 ale
1150 4364 1342 4459 Ecclesiae
1379 4361 1524 4466 trona-

60 4541 131 4604 nae
171 4508 448 4641 Pontificisqae
469 4565 474 4569 ·
495 4536 682 4645 potestate
738 4506 905 4617 conseri
956 4504 967 4522 ⁸
1006 4581 1021 4622 ,
1056 4502 1265 4643 missique
1298 4502 1370 4602 ad‘
1396 4541 1524 4604 curn·

65 4645 170 4745 dem
207 4651 451 4755 Henricum
474 4727 488 4771 ,
514 4652 572 4753 ab
606 4649 794 4753 Ecclesia
829 4661 913 4755 Cat
945 4646 1058 4759 olica
1095 4644 1276 4748 deficere
1310 4645 1525 4787 incipien2
1672 4680 1677 4689 ’

63 4823 198 4894 tem:
234 4830 328 4936 quo
362 4790 511 4896 libello
548 4796 737 4940 supplex
766 4832 869 4902 turn
904 4834 930 4897 a
966 4793 1154 4935 suscepti
1188 4787 1362 4905 consilii
1404 4790 1525 4948 inju·
1675 4921 1677 4924 .

1446 4967 1526 5030 str-
