3998 5850
337 477 339 481 ’
423 462 665 546 CAROLI
700 456 919 544 V.'Lrss.
954 464 1161 547 XXVIL
1378 490 1467 579 429

59 633 186 734 bono
224 614 496 735 animo'esse
534 622 703 754 jubet,
740 663 871 764 seque
913 618 1151 765 pollicetur*
1174 621 1320 765 paucis
1362 629 1516 732 diebus

61 777 120 874 ad
158 771 374 873 Carolum
410 770 606 885 iturum,
640 804 683 865 et
716 805 817 866 cum
853 768 950 907 ipso
990 770 1045 867 de
1076 771 1324 909 Lanrgravii
1363 772 1516 874 libera-

61 915 183 1015 tione
222 953 436 1054 perquam
474 909 703 1050 diligenter
740 942 971 1016 acturum3
1010 949 1140 1047 seque
1177 948 1307 1052 negat
1341 915 1518 1017 dubita-t

60 1096 142 1176 te,
176 1058 285 1196 quin
326 1051 457 1152 frater
494 1051 578 1150 suis
618 1050 812 1192 precibus
846 1053 901 1151 sit
941 1090 1241 1151 concessurus.
1296 1063 1395 1153 Hac
1442 1097 1517 1196 spe

62 1196 298 1300 Mauricius
334 1199 380 1296 in
414 1229 549 1295 castra
581 1195 818 1333 regreditur
850 1236 859 1293 :
892 1206 988 1295 Rex
1026 1193 1246 1295 Villacum
1283 1199 1338 1295 ad
1375 1212 1518 1300 Caro-

63 1343 157 1441 lum
195 1340 482 1480 proficiscitur
523 1336 624 1460 ,ab
661 1377 802 1477 eoque
842 1337 1058 1436 Mauricio
1098 1337 1274 1436 veniam
1309 1376 1351 1438 et
1386 1350 1518 1442 Laut·-v

67 1486 210 1626 gravii
249 1483 554 1585 liberationem
592 1479 878 1617 impetravit3
921 1520 970 1577 ea
1007 1479 1138 1618 lege,
1169 1514 1218 1579 ut
1252 1484 1522 1605 Mauricius,

70 1667 177 1768 quas
199 1626 360 1764 'copias
396 1622 636 1740 ductabat,
670 1623 718 1721 in
750 1622 1016 1720 Pannoniam
1049 1615 1304 1723 inferiorem
1341 1626 1519 1728 induce·

64 1807 166 1888 ret,
207 1766 309 1867 belli
349 1805 429 1908 pro
466 1767 561 1904 ipso
594 1766 817 1863 Fetnando
858 1776 982 1905 Rege
1022 1801 1126 1863 cum
1158 1767 1314 1867 Turcis
1359 1809 1526 1909 geren-->¹

67 1913 114 2011 di
154 1951 279 2011 causa
317 1985 331 2028 ,
367 1947 410 2009 et
449 1910 504 2007 ad
539 1943 709 2019 certum
759 1942 929 2045 tempus
967 1906 1050 2003 suis
1089 1906 1302 2006 sumtibus
1356 1912 1520 2023 aletet3

66 2091 341 2194 quamquam
378 2066 427 2151 ea
465 2047 740 2189 potissimum
776 2047 889 2147 ratio
915 2049 1124 2150 Carolum
1161 2050 1368 2189 impulit,
1394 2056 1520 2193 quod

68 2194 316 2295 domesticis
352 2190 689 2310 dissensionibus
727 2188 782 2290 ab
818 2191 969 2322 injusti
1008 2229 1051 2291 et
1087 2188 1326 2293 turbulenti
1362 2198 1520 2336 Regis,

65 2339 141 2437 cui
178 2373 333 2436 cuncta
369 2334 484 2436 mala
535 2368 709 2472 accepta
747 2329 913 2432 ferebat
950 2411 964 2451 ,
1011 2333 1179 2466 injuriis
1218 2338 1522 2477 persequendis

66 2481 241 2579 avocari
294 2478 362 2579 vel
395 2474 599 2616 impediri
650 2472 852 2574 nolebat.
897 2475 1036 2614 Igitur
1071 2476 1276 2617 Philippo
1312 2489 1520 2621 Lantgra-

68 2623 146 2721 vio
182 2622 354 2721 libertas
392 2621 444 2720 iis
479 2615 810 2717 conditionibus
846 2619 1011 2717 reddita
1052 2657 1147 2740 est,
1186 2660 1299 2759 quae
1338 2623 1392 2719 ad
1428 2634 1522 2722 Ha-

67 2766 157 2864 lam
193 2763 398 2865 Saxoniae
440 2763 581 2862 dictae
617 2755 787 2858 fuerant
804 2838 817 2880 ,
838 2795 881 2859 et
901 2762 1080 2899 sponsio
1111 2800 1349 2863 renovata.
1389 2773 1522 2864 Mau·

67 2907 193 3009 ricius
232 2946 376 3008 autem
414 2945 516 3005 cum
558 2901 697 3044 copiis
750 2903 798 3003 in
834 2905 1156 3024 Pannoniam,
1197 2906 1263 3005 uti
1302 2945 1522 3009 convene·
1559 2994 1560 2997 t

65 3086 167 3169 rat,
204 3048 449 3191 profectus.
584 3172 585 3175 Ν
670 3080 672 3083 ’
1531 3187 1533 3190 ¹

142 3206 358 3295 XXXIV.
436 3186 642 3294 Albertus
695 3189 815 3289 enim
864 3187 1252 3332 Brandeburgensis
1290 3192 1523 3310 Marchio,

69 3371 124 3435 ut
156 3373 244 3436 etat
282 3335 423 3436 homo
457 3335 732 3458 seditiosus,
773 3369 815 3433 et
847 3334 992 3433 minus
1027 3337 1082 3433 de
1120 3335 1374 3474 Lantgravii
1413 3335 1523 3434 libe·
1632 3460 1636 3461 7

67 3480 238 3580 tatione
276 3477 531 3595 laborabat,
573 3478 732 3577 omissa
772 3519 821 3577 ea
855 3516 988 3597 cura,
1028 3479 1166 3619 magis
1203 3517 1346 3576 terum
1381 3517 1528 3618 nova-¹

70 3660 169 3721 rum
218 3624 364 3723 studio
398 3618 678 3739 ducebatur,
717 3659 766 3719 ac
803 3661 870 3720 eas
908 3621 1142 3760 regiones,
1182 3662 1292 3761 quae
1333 3658 1431 3720 sunt
1468 3623 1524 3721 ad

71 3762 278 3865 Rhenum
316 3764 499 3863 fluvium
533 3842 547 3882 ,
582 3761 899 3863 incursionibus
938 3759 1171 3881 infestare,
1208 3797 1251 3861 et
1288 3764 1432 3863 modis
1470 3805 1525 3862 o-

70 3905 249 4006 mnibus
290 3909 401 4006 male
436 3905 591 4007 habere
622 3946 715 4006 non
751 3903 1006 4004 desistebat,
1048 3906 1229 4006 Carolus
1259 3919 1421 4006 Caesar
1448 3907 1530 4004 ad-

73 4045 163 4147 huc
199 4090 286 4148 sese
323 4047 511 4149 Villachi
551 4045 804 4148 continebat
839 4125 861 4166 ‚.
891 4048 953 4147 ita
985 4049 1180 4188 odioque
1222 4049 1405 4189 flagrans
1435 4087 1529 4147 non

69 4224 163 4290 tam
208 4193 255 4291 in
306 4189 534 4291 seditiosos
565 4185 807 4291 Germanos
843 4269 857 4310 ,
899 4230 1034 4331 quam
1072 4192 1120 4291 in
1154 4204 1324 4331 Regem
1364 4191 1532 4293 Henti-

49 4372 173 4433 -cum
211 4335 468 4464 injuriarum
486 4334 731 4472 principem
762 4370 805 4439 et
838 4370 1095 4451 auctorem,
1119 4372 1251 4471 quem
1293 4330 1406 4431 bello
1433 4371 1531 4474 per-

75 4477 202 4614 sequi
238 4479 389 4576 animo
422 4514 521 4574 cum
564 4478 925 4592 arderet,tamen
961 4477 1295 4614 exspecta-ndum
1328 4473 1530 4577 sibivsta-

72 4618 159 4724 tuit
181 4656 278 4735 ‚ut
311 4657 427 4720 nova
467 4658 618 4719 manus
657 4660 709 4717 ex
747 4617 963 4759 Hispania
1003 4657 1105 4717 cum
1142 4619 1327 4757 pecunia
1365 4620 1424 4720 ad
1457 4619 1532 4720 sti-

69 4761 290 4904 pendium
317 4756 862 4869 milltate'submitteretur
886 4804 895 4861 :
917 4770 1039 4897 cujus
1071 4800 1134 4865 tet
1170 4803 1299 4902 causa·
1334 4762 1532 4919 superio·
1596 4844 1599 4849 Α
1738 4751 1743 4759 ’

1469 4942 1535 5005 11·
