4170 5866
518 101 598 185 128
783 202 785 207 .
896 108 982 190 ou
1030 103 1229 186 nunus
1277 99 1499 206 eie-sris

467 265 687 367 venissent
726 341 738 382 ,
784 264 862 365 ubi
915 265 1161 409 complures
1214 265 1405 407 Hispani
1458 305 1510 362 ex
1565 256 1734 363 familia
1785 260 1939 370 Caroli

468 411 661 524 Caesaris
698 407 1017 532 morabantur,
1054 410 1233 511 Diazius
1271 449 1355 545 'nee
1392 408 1560 509 crimen
1597 407 1817 509 occultans
1854 452 1939 513 nec

466 551 704 678 infamiam
758 594 945 678 verens,
981 555 1095 656 inter
1144 556 1262 696 ipsos
1307 552 1579 658 versabatur.
1636 552 1936 686 Quinetiam

466 701 675 841 Hispanis
725 699 927 802 miseram
978 699 1234 800 caecitatem
1300 734 1542 839 tetramque
1597 695 1829 837 'perfidiam
1889 739 1935 803 et

329 946 332 953 ,
465 845 551 942 toti
580 843 759 954 ,nationi
794 844 1057 985 probrosam
1092 842 1443 975 objicientibus,
1480 837 1565 939 sibi
1601 879 1737 962 veto,
1754 881 1938 984 respon-

466 986 642 1108 debat,
677 987 1037 1091 miserabiliorem
1091 989 1290 1128 ipsorum
1346 990 1653 1128 Hispanorum
1701 990 1937 1089 conditio-

467 1171 608 1252 nem,
647 1169 689 1232 et
732 1173 804 1234 eos
841 1132 980 1276 magis
1015 1170 1161 1233 caecos
1198 1127 1339 1238 videri
1369 1207 1386 1261 ,
1417 1131 1499 1274 qui
1534 1132 1591 1230 ad
1625 1129 1771 1232 lucem
1807 1174 1936 1276 aper*

467 1311 562 1378 tam
598 1277 862 1420 caligarent.

516 1432 750 1525 XXXVII.
803 1433 904 1523 Erat
940 1419 1100 1526 eodem
1135 1458 1334 1569 tempore
1368 1417 1542 1526 Romae
1578 1416 1788 1525 Allonsus
1814 1422 1933 1525 Dia*

464 1565 589 1685 zius,
625 1567 815 1702 Joannis
850 1564 979 1700 hujus
1014 1565 1146 1670 frater
1182 1609 1451 1712 germanus,
1487 1567 1592 1698 juris
1633 1569 1828 1709 peritus,
1865 1570 1933 1669 vit

463 1709 631 1852 probus
668 1747 711 1810 et
748 1708 891 1812 bonae
926 1706 1068 1813 famae
1103 1716 1315 1856 cupidus.
1365 1725 1404 1813 Is
1439 1712 1519 1814 ubi
1556 1713 1611 1811 de
1647 1704 1787 1811 fratris
1837 1712 1931 1813 im-

462 1856 543 1994 pio
580 1848 728 1956 furore
743 1933 758 1975 ,
794 1855 876 1997 qui
914 1895 990 1996 per
1026 1856 1378 1998 ignominiosam
1425 1854 1656 1996 perfidiam
1699 1896 1725 1953 a
1760 1855 1931 1958 Catho-

465 1999 550 2098 lica
587 1998 674 2100 lide
709 2036 753 2098 et
790 2039 892 2101 vera
929 2001 1090 2138 pietate
1142 1996 1395 2121 defecisset,
1430 1999 1676 2100 multorum
1725 2036 1836 2099 voce
1888 2036 1933 2101 et

464 2142 617 2243 litteris
652 2139 818 2245 factum
854 2142 1160 2246 detestantium
1197 2143 1443 2287 cognovit,
1481 2143 1685 2244 dolorem
1720 2183 1771 2242 ex
1806 2179 1931 2246 tanta

463 2281 604 2387 fratris
629 2286 911 2407 calamitate,
948 2323 991 2388 et
1028 2288 1324 2430 ignominiam
1367 2290 1423 2388 ad
1461 2329 1503 2387 se
1540 2327 1722 2429 quoque
1759 2316 1818 2386 et'
1853 2324 1931 2397 to-¹

462 2465 556 2531 tam
592 2426 808 2533 familiam
844 2431 1131 2573 pertinentem
1159 2474 1251 2536 non
1287 2429 1484 2532 ferebat.
1524 2443 1708 2574 ltaque,
1745 2468 1794 2530 ut
1831 2464 1932 2534 tan:

462 2575 517 2675 tis
555 2578 678 2677 malis
729 2611 1005 2694 occurreret,
1045 2612 1088 2675 et
1122 2571 1332 2680 fraternae
1379 2575 1572 2675 invidiae
1610 2613 1653 2675 et
1689 2581 1929 2685 communi

461 2714 722 2844 infamiae,
758 2759 1036 2860 quacumque
1087 2722 1256 2821 ratione
1312 2755 1503 2863 posset,
1538 2720 1784 2823 mederetur
1830 2724 1926 2841 ,in

462 2866 747 2966 Germaniam
782 2867 839 2965 ad
881 2862 1057 2965 fratrem
1109 2863 1426 3006 proficiscitur,
1463 2904 1599 3005 quern
1650 2866 1705 2966 ad
1741 2864 1928 2966 Nubur-

462 3046 573 3149 gum
610 3008 826 3129 offendit,
864 3010 1083 3151 oppidum
1117 3012 1164 3109 in
1200 3009 1294 3150 ripa
1320 3007 1517 3111 Danubii
1553 3049 1682 3154 supra
1711 3009 1947 3123 Ratisbo-:l

460 3189 600 3266 nam3
628 3153 723 3271 ‚huc
760 3153 880 3254 enim
916 3195 941 3251 a
976 3157 1143 3255 Bucero
1180 3153 1332 3254 missus
1367 3194 1575 3275 venerat,
1621 3192 1671 3255 ut
1721 3154 1935 3263 excusio-a

460 3331 567 3400 nem
602 3300 827 3431 cujusdam
863 3295 965 3398 libri
1002 3307 1093 3428 ejus
1130 3299 1365 3441 dirigeret.
1404 3310 1524 3399 Cum
1560 3340 1603 3399 se
1636 3293 1783 3399 fratres
1818 3326 1927 3427 mul

460 3477 540 3543 tuo
577 3445 812 3585 complexu
848 3441 1177 3563 salutavissent,
1213 3438 1455 3561 Alfonsus,
1487 3480 1685 3544 accusata
1719 3440 1918 3576 fortunal

461 3588 728 3728 iniquitate,
766 3627 879 3727 quae
924 3596 1149 3724 Joannem
1200 3583 1374 3687 fratrem
1423 3624 1525 3727 post
1574 3624 1643 3688 tot
1686 3625 1822 3687 annos
1874 3587 1908 3697 il

458 3731 705 3834 litterarum
740 3731 1102 3873 Theologiaeque
1137 3731 1284 3834 studio
1321 3767 1606 3851 consumtos,
1638 3772 1693 3831 eo
1736 3732 1897 3835 caecitd

460 3875 515 3976 tis
551 3912 611 3977 et
629 3876 881 3978 calamitatis
934 3877 1188 4008 dejecisset,
1224 3876 1368 4016 ipsum
1418 3874 1568 3976 multis
1617 3875 1821 4013 lacrymis
1871 3865 1888 3986 l

460 4015 657 4122 fraternis
694 4020 893 4165 precibus
930 4056 1057 4140 orat,
1095 4063 1150 4123 ne
1187 4062 1230 4121 se
1265 4014 1518 4121 foedissimo
1562 4019 1794 4163 impioque
1838 4011 1878 4122 fll

460 4165 576 4306 gitio
614 4170 830 4307 perditum
867 4166 931 4266 ire
968 4203 1152 4308 pergat,
1195 4206 1304 4268 neve
1339 4204 1414 4309 per
1456 4203 1679 4266 summum
1731 4164 1865 4265 dedra

377 4346 387 4357 ”
458 4346 665 4448 properet
701 4314 756 4411 ad
793 4311 1042 4412 immortale
1076 4312 1378 4451 supplicium,
1412 4307 1583 4450 sibique
1629 4344 1673 4406 et
1720 4308 1805 4407 toti
1841 4301 1858 4411 l

461 4452 610 4558 miliae
667 4495 762 4561 eam
818 4494 973 4558 notam
1023 4455 1167 4559 inurat
1203 4533 1219 4581 ,
1255 4495 1367 4598 quae
1412 4452 1641 4558 infamiam
1690 4439 1848 4599 pariatl

1829 4615 1835 4678 l
