4102 5864
401 323 488 408 324
792 297 876 381 DE
924 295 1122 378 REBUS
1175 291 1394 376 Gusrrs

362 460 520 586 „meis
556 451 820 573 clientibus,
858 455 936 596 qui
972 496 1015 556 se
1052 452 1135 554 tibi
1172 466 1402 591 tamquam
1449 485 1655 591 supremo
1701 443 1826 548 Prin-

365 607 499 746 „cipi
519 682 533 725 ,
570 643 641 703 me
678 640 859 743 quoque
896 601 1104 715 volente,
1145 599 1352 712 tradunt,
1390 631 1616 733 praeesse,
1654 627 1704 694 ut
1740 592 1825 694 tuis

368 829 398 874 „
417 747 636 891 imperatis
691 746 783 844 sine
832 743 919 843 ulla
957 742 1213 882 exceptione
1262 777 1512 880 parcamus.
1565 750 1663 880 Ego
1708 737 1825 838 enirn
1970 830 2012 863 Α

368 895 472 1017 „sic
509 890 603 991 fore
642 887 856 1029 promitto
893 965 907 1007 ,
942 924 986 987 et
1027 887 1112 988 tibi
1146 922 1280 986 omne
1318 922 1468 984 meum
1502 884 1733 1000 studium,
1770 879 1827 980 fi·
1935 961 2012 986 s

367 1039 518 1159 „dem
571 1029 860 1172 officiumque
896 1031 1132 1173 polliceor.
1196 1035 1321 1129 Nam
1357 1067 1451 1168 quo
1488 1027 1663 1168 gravius
1701 1027 1747 1126 in
1785 1060 1830 1125 te
1866 1082 2012 1147 Q

284 1252 286 1256 -
368 1259 400 1303 „
415 1178 619 1320 deliqui,
656 1176 742 1278 lroc
778 1178 876 1276 data
913 1175 1028 1276 mihi
1063 1172 1193 1275 venia
1228 1174 1310 1272 erit
1347 1207 1423 1271 tua
1458 1171 1690 1302 clementia
1736 1209 2012 1296 max«x

370 1335 513 1456 „jor·‚
535 1323 607 1421 cui
642 1361 735 1420 non
770 1356 896 1462 grato
932 1320 1084 1420 animo
1120 1357 1198 1459 per
1234 1354 1369 1419 omne
1405 1310 1609 1415 officium
1644 1356 1697 1452 ac
1734 1315 2012 1455 pie-x=

369 1505 553 1593 „tatem
591 1466 879 1607 respondere,
920 1463 1115 1604 impium
1150 1498 1257 1562 esset
1292 1497 1422 1600 atque
1459 1456 1704 1561 nefarium.
1727 1477 1761 1519 “

442 1621 549 1712 XX.
627 1611 699 1710 nd
735 1607 841 1709 haec
878 1607 1059 1709 Carolus
1096 1616 1347 1747 perunum
1399 1646 1451 1703 cx
1485 1606 1626 1746 Belgis
1662 1599 2012 1732 Consi-KQ]

371 1754 504 1855 liariis
540 1754 587 1853 in
613 1751 729 1852 hunc
766 1753 954 1852 modum
989 1750 1254 1895 respondit:
1289 1826 1320 1870 „
1340 1747 1597 1890 Philippum
1617 1757 2012 1890 Lantgrasxg,

373 1975 404 2019 „
419 1900 581 2021 vium,
621 1933 670 1996 ut
707 1897 864 1996 scirent
899 1934 1087 2015 omnes,
1125 1932 1168 1994 et
1206 1890 1297 2035 ipse
1333 1892 1644 2012 confiteretur,
1679 1892 1744 1992 ita
1781 1894 1902 1991 d-
1957 1918 2005 2021 J,

372 2084 458 2162 „se
511 2040 717 2140 meritum
768 2081 890 2159 esse,
926 2077 1024 2159 ut,
1067 2038 1290 2181 quidquid
1342 2040 1398 2138 de
1450 2035 1537 2137 hoc
1588 2035 1804 2136 statuisset
1975 2141 1991 2177 2

373 2263 404 2305 „
423 2185 536 2283 nulla
573 2224 714 2324 poena
748 2193 865 2314 justo
902 2185 1078 2325 gravior
1115 2178 1261 2284 firtura
1307 2178 1435 2282 fuisse
1471 2183 1730 2288 videreturs
1767 2215 1864 2283 ta.
1896 2264 1981 2293 ,.

376 2368 524 2448 „men
560 2365 664 2426 cum
700 2325 821 2426 idem
859 2328 1053 2468 supplice
1089 2368 1139 2428 ac
1194 2326 1448 2469 poenitente
1496 2327 1648 2427 animo
1701 2364 1854 2466 seqtl
1903 2384 1970 2439 „e

375 2547 406 2591 „
424 2507 467 2572 et
502 2511 576 2570 sua
623 2471 776 2570 omnia
810 2471 856 2570 in
891 2508 1155 2612 potestatem
1205 2471 1490 2612 permiserit,
1532 2472 1680 2611 ipsum
1718 2510 1962 2611 quo-‹-

373 2691 404 2736 „
427 2655 514 2754 que
551 2654 631 2754 pro
684 2656 758 2715 sua
812 2652 965 2716 natura
1014 2618 1069 2716 de
1119 2616 1343 2717 severitate
1394 2614 1718 2732 remissurum,
1757 2607 1961 2755 qumi

375 2755 703 2878 „humanitatis
740 2760 909 2900 magis,
933 2800 1068 2901 quam
1108 2760 1368 2889 injuriarum
1403 2760 1450 2859 in
1486 2759 1757 2901 supplicibus
1792 2769 1968 2856 μὶ·

375 2976 407 3021 „
422 2900 583 3019 nimis,
621 2898 914 3045 libentiusque
950 2901 1199 3006 meminisse
1236 2905 1419 3012 soleret3
1459 2943 1537 3044 pro
1588 2942 1663 3003 sua
1700 2889 1978 3041 igitutztss

376 3043 778 3164 „consuetudine,
821 3046 1039 3188 simulque
1081 3084 1132 3148 ut
1167 3047 1272 3150 viris
1307 3043 1582 3187 Principibus
1631 3045 1827 3147 interces-
1876 3026 1977 3105 ‘²

375 3263 405 3308 „
428 3184 597 3288 soribus
635 3265 650 3306 ,
686 3226 881 3327 quorum
916 3191 962 3290 in
1012 3232 1056 3291 se
1091 3191 1366 3292 voluntatem
1417 3192 1652 3292 secundam
1704 3224 1831 3331 atque
1893 3189 1973 3257 :9¹

374 3329 558 3454 „fidem
594 3332 874 3472 perspexisset
900 3411 915 3453 ,
950 3333 1244 3476 gratificetur,
1268 3334 1472 3477 Philippo
1509 3335 1679 3453 vitam,
1701 3375 1834 3474 quarn

375 3476 597 3614 „optimo
643 3485 738 3605 jure
775 3473 942 3578 auferre
993 3516 1170 3618 posset,
1206 3478 1414 3620 bonaque
1465 3479 1760 3587 condonare3
1795 3517 1836 3580 et
1949 3509 1966 3605 q

374 3656 560 3758 „quem
606 3658 720 3758 aqua
756 3655 808 3719 :et
858 3622 962 3758 igne
1012 3623 1331 3742 interdixisset,
1368 3622 1415 3722 in
1466 3621 1704 3763 pristinum
1757 3659 1836 3723 sta-
1896 3627 1958 3738 ἢ

374 3793 522 3884 „turn
559 3763 813 3871 restitueres
856 3803 937 3864 nec
974 3804 1076 3865 eum
1111 3766 1218 3869 velle
1254 3802 1467 3907 perpetuo
1504 3803 1675 3865 carcere
1713 3780 1837 3866 coer·
1882 3776 1946 3874 ‘l

373 3906 507 4024 „ceri
523 3983 538 4025 ,
582 3908 656 4004 sed
694 3908 753 4003 ita
789 3904 895 4007 haec
932 3909 1083 4011 omnia
1119 3908 1215 4010 fieri
1251 3988 1264 4024 ,
1294 3910 1678 4052 quemadmodum
1730 3908 1838 4009 datis
1861 3888 1938 4017 zl

372 4047 588 4191 „legibus
639 4043 789 4149 fuisset
840 4052 1160 4154 constitutum.
1213 4063 1438 4155 Praeterea
1488 4093 1531 4152 se
1577 4053 1833 4194 Lantgravii
1861 4042 1926 4177 il

298 4297 306 4309 ,
372 4193 596 4309 „clientes
631 4192 680 4293 in
715 4231 839 4293 suam
875 4193 1011 4299 fidem
1064 4197 1292 4338 recipere,
1328 4234 1371 4298 et
1405 4199 1717 4328 jusjurandum
1768 4237 1898 4297 ας,-

372 4408 403 4451 „
420 4334 594 4475 cipere,
637 4338 762 4477 quod
798 4371 893 4438 tum
930 4340 1015 4481 ipsi
1052 4350 1072 4459 ',
1102 4376 1196 4441 rum
1233 4340 1458 4482 Philippus
1495 4340 1616 4440 idem
1653 4341 1805 4440 darent
1881 4418 1888 4431 ,

369 4552 401 4595 „
418 4476 533 4617 ipsos
583 4519 828 4621 numquam
880 4485 938 4585 ab
988 4478 1140 4585 officio
1190 4485 1483 4603 discessuros,
1518 4518 1563 4582 et
1609 4484 1805 4626 quidqui

364 4623 469 4740 „ad
505 4624 694 4743 Caroli,
730 4634 910 4771 ejusque
945 4626 994 4733 in
1029 4629 1268 4770 Imperium
1304 4666 1598 4733 successorum
1633 4629 1808 4771 dignita
1867 4751 1868 4755 p

1663 4851 1728 4898 .„
1744 4813 1786 4877 te
