3998 5850
501 472 593 562 414
772 513 775 519 .
873 447 957 542 'DE
1006 462 1214 543 REBUS
1263 461 1481 542 GESTIS

452 622 804 738 sarisvoluntas,
835 619 891 717 ad
930 657 1065 757 quem
1103 656 1288 756 propere
1325 617 1504 718 nuntius
1532 621 1696 720 delatus
1721 650 1813 742 est,
1846 659 1919 721 eo-

453 811 541 911 que
576 767 755 901 jubente
792 765 840 865 in
876 802 1030 864 arcensw
1056 762 1442 865 Mediolanensem
1478 764 1639 885 missi,
1677 764 1913 865 custodiae-

448 955 541 1056 que
577 911 696 1027 dati,

345 1062 347 1065 ’
524 1066 619 1157 Xll.
692 1066 856 1155 Interea
892 1052 1085 1153 Brisacus
1119 1050 1306 1153 Henrici
1339 1052 1475 1193 Regis
1512 1050 1749 1194 praefectus
1789 1130 1803 1171 ,
1837 1051 1912 1190 qui

449 1201 672 1301 Taurinos
709 1236 751 1297 et
785 1197 1068 1338 Subalpinam
1131 1194 1355 1337 regionem
1392 1198 1613 1336 praesidiis
1649 1194 1910 1313 obtinebat,

451 1346 571 1445 velut
622 1344 827 1444 insciente
863 1354 987 1484 Rege
1025 1419 1040 1462 ,
1077 1337 1289 1441 Clrierum
1326 1377 1368 1440 et
1399 1355 1606 1441 Sanctum
1641 1339 1910 1454 Damianum

451 1488 620 1589 castella
653 1488 760 1586 dolo
796 1487 948 1624 cepit,
984 1521 1026 1588 et
1063 1485 1206 1625 pretio
1242 1485 1459 1625 corruptis
1496 1484 1752 1585 custodibus
1775 1562 1787 1600 ,
1808 1522 1905 1582 con·

450 1670 519 1732 t-ra
554 1626 707 1730 foedus
742 1669 784 1730 et
820 1630 951 1730 fidem
988 1669 1013 1727 a
1048 1640 1172 1768 Rege
1209 1630 1355 1730 datam
1392 1629 1672 1770 occupavit,
1711 1669 1763 1728 ea
1808 1665 1904 1724 vero

452 1776 622 1876 castella
658 1774 925 1877 Caesarianis
977 1773 1236 1914 praesidiis,
1274 1776 1344 1875 sed
1382 1775 1520 1874 Italici
1557 1772 1764 1915 generis,
1799 1807 1903 1869 tene-

451 1919 640 2023 bantur.
681 1913 914 2018 Henricus'
934 1917 1095 2034 enirn,
1129 1953 1180 2014 ut
1207 1914 1382 2018 bellum
1416 1996 1431 2036 ,
1468 1919 1592 2058 quod
1629 1915 1784 2015 animo
1821 1916 1898 2054 agi-

451 2063 607 2182 tabat,
641 2062 918 2163 commodius
956 2096 1124 2200 pararet
1156 2138 1172 2178 ,
1210 2096 1253 2160 et
1289 2063 1500 2163 Carolum
1547 2060 1710 2160 fiducia
1766 2053 1897 2157 foede·

450 2207 506 2305 ris
543 2209 805 2347 imparatum
843 2205 1111 2316 invaderet,
1147 2239 1242 2304 non
1277 2205 1326 2304 vi
1377 2238 1523 2347 aperta
1561 2204 1767 2305 hostilem
1820 2201 1907 2299 ani

452 2388 579 2449 mum
617 2347 880 2489 praeferebat
914 2427 928 2468 ,
966 2349 1047 2447 sed.
1078 2348 1185 2447 dolo
1222 2385 1266 2447 et
1301 2348 1428 2447 illatis
1465 2350 1600 2448 causis
1638 2385 1714 2488 pet
1751 2343 1896 2444 amicos

451 2529 497 2591 et
532 2488 772 2633 praefectos
807 2486 959 2590 foedus
994 2485 1279 2590 multifariam
1317 2491 1535 2598 violabatt
1582 2491 1695 2630 qui,
1734 2485 1894 2588 cumei

451 2674 530 2776 per
566 2638 760 2778 legatum
796 2627 1057 2763 objiceretur
1091 2711 1106 2754 ,
1143 2636 1267 2774 quod
1304 2633 1421 2735 bello
1458 2633 1680 2735 Parmensi
1717 2631 1892 2731 concita-

450 2816 502 2878 to
539 2817 693 2880 contra
728 2774 882 2879 foedus
918 2774 1057 2878 facere
1089 2776 1357 2898 videretur,
1403 2819 1446 2878 se
1483 2818 1588 2878 vero
1625 2776 1893 2918 respondita

448 2917 625 3023 foedere
662 2963 755 3023 non
792 2923 1060 3046 discessisse,
1098 2961 1176 3023 nec
1213 2921 1378 3023 bellum
1416 2924 1650 3041 excitasse,
1688 2922 1764 3019 sed
1799 2918 1894 3017 ami-

452 3106 510 3164 co
541 3106 642 3177 ,suo
695 3064 833 3177 fidem
866 3103 1020 3186 contra
1056 3066 1351 3166 violentorum
1410 3055 1615 3199 injuriam
1662 3058 1894 3204 imploranti

450 3209 720 3349 praesidium
739 3286 753 3328 ,
790 3248 884 3349 quo
914 3250 964 3338 se
1000 3243 1223 3331 tueretur,
1258 3209 1537 3328 submisisse,
1576 3247 1714 3349 quem
1749 3209 1797 3306 in
1832 3245 1893 3345 pe·

450 3352 594 3452 riculo
630 3355 817 3451 deserere
854 3389 1006 3452 contra
1050 3349 1252 3452 officium
1290 3394 1376 3453 esse
1413 3353 1642 3484 judicasset
1675 3391 1689 3458 3
1731 3385 1895 3489 excepto

450 3494 588 3636 igitur
622 3495 842 3596 Parmensi
878 3494 1093 3637 negotio,
1138 3537 1180 3596 se
1217 3499 1367 3596 ceteris
1405 3497 1454 3595 in
1488 3496 1614 3596 rebus
1649 3495 1802 3596 Caroli
1835 3531 1897 3592 vo·

450 3638 610 3740 luntati
645 3640 698 3739 de
735 3635 910 3740 foedere
947 3633 1285 3740 satisfacturum.
1331 3653 1541 3742 Ceterum
1577 3653 1793 3780 Gonzaga
1829 3676 1896 3777 pa-

449 3823 548 3883 cem
583 3825 609 3884 a
643 3784 775 3883 Gallis
808 3782 954 3885 verbis
1005 3785 1212 3884 ostentari
1246 3861 1260 3903 ,
1298 3822 1343 3884 re
1394 3823 1543 3885 autem
1600 3783 1769 3885 bellum
1821 3777 1900 3921 geri

451 3928 845 4045 animadvertens,
884 3967 1104 4026 summam
1159 3938 1250 4061 ejus
1300 3927 1403 4031 belli
1440 3967 1483 4029 et
1519 3923 1765 4028 obsidionis
1812 3931 1903 4022 Par·

450 4071 615 4208 mensis
667 4106 782 4172 cum‘
823 4071 1075 4169 Italicorum
1125 4109 1367 4212 quatuor,
1410 4066 1715 4212 Hispanorum
1784 4069 1905 4168 tribus

453 4215 681 4336 millibus,
716 4214 941 4317 Germanis
978 4214 1096 4313 mille
1140 4216 1335 4315 ducentis
1371 4215 1617 4359 Melignani
1662 4206 1907 4314 Marchioni

451 4361 633 4480 tradit,
671 4361 762 4498 ipse
798 4364 950 4458 Astam
987 4358 1206 4499 oppidum
1256 4398 1358 4458 cum
1408 4396 1528 4500 parte
1564 4355 1796 4498 copiarum
1828 4392 1909 4454 uo-

452 4501 620 4600 luntate
656 4503 807 4604 Caroli
845 4504 1111 4621 contendit,
1140 4542 1190 4604 ut
1212 4504 1440 4604 Gallorum
1475 4499 1698 4604 fraudibus
1736 4545 1789 4603 ea
1823 4536 1916 4640 par·

449 4681 534 4764 te,
575 4682 620 4743 et
655 4644 884 4746 conatibus
921 4646 1173 4750 obsisteret.
1866 4751 1870 4757 .

533 4799 649 4895 ΧΙΙΙ.
722 4802 889 4891 Interea
923 4797 1124 4928 Joannes
1171 4792 1361 4935 Baptista
1396 4792 1600 4897 Montius
1640 4788 1918 4895 Mirandulae

1834 4929 1916 5034 ob·
