4102 5864
498 401 746 490 cauom
788 400 841 483 u.
885 403 1003 484 rm.
1032 403 1206 490 xxvi.
1425 386 1516 498 387

103 579 286 705 qu'oque
337 589 527 702 quatuor
577 559 1020 695 Hierosolymitanae
1059 558 1303 703 Religionis
1361 562 1558 677 triremes

95 740 390 817 accesserunt.
442 699 620 825 Quibus
669 701 891 842 praesidiis
936 701 1107 806 munita
1150 744 1362 846 auctaque
1404 711 1574 831 classe,

99 851 241 951 Doria
294 844 406 949 nihil
448 847 505 946 ad
556 885 773 948 summam
823 847 1097 990 diligentiam
1148 848 1310 992 reliqui
1355 849 1439 956 sibi
1486 850 1555 954 fa·

100 990 272 1093 ciebat.
1199 1019 1201 1021 ’

164 1143 307 1235 LXV.
381 1146 589 1241 Ceterum
620 1149 859 1279 ‘Dragutes
895 1131 1037 1236 homo
1091 1135 1270 1237 callidus
1316 1170 1360 1236 et
1409 1158 1574 1247 rerum:

92 1277 415 1378 maritimarum
463 1279 786 1419 peritissimus,
832 1277 1170 1418 speculatoribus
1220 1303 1575 1420 quoquoversus»

93 1417 400 1540 dimittendis,
438 1457 482 1519 et
517 1420 775 1524 stationibus
811 1421 995 1523 subinde
1031 1423 1285 1541 mutandis,
1328 1422 1553 1561 periculis-

95 1600 182 1701 que
218 1563 419 1661 cavendis
433 1637 449 1684 ,
482 1600 661 1665 conatus
698 1572 788 1694 ejus
824 1558 1137 1664 frustrabatur.
1180 1563 1320 1665 Doria
1336 1607 1338 1611 ’
1356 1560 1553 1705 flagitan-

91 1737 185 1805 tem
220 1704 297 1824 diu
338 1703 639 1842 nequidquam
682 1706 955 1824 insectatus,
991 1744 1048 1806 nc
1083 1705 1207 1847 longi
1254 1709 1461 1847 temporis
1498 1749 1553 1809 o·

93 1885 245 1988 peram
278 1881 322 1946 et
356 1845 554 1947 laborem
588 1842 743 1950 frustra
778 1846 1061 1950 consumsisse
1095 1847 1338 1970 videretur,
1360 1849 1408 1948 in
1436 1844 1554 1951 Afri·

93 2026 194 2086 cam
229 1989 532 2104 convertitur,
573 2025 615 2089 et
649 1991 972 2098 Monastetium
1009 1990 1227 2129 oppidum
1253 1991 1312 2091 'in
1348 2029 1425 2090 ora
1461 2029 1552 2092 ma·

93 2129 243 2230 ritima
286 2168 380 2230 non
437 2129 570 2270 longe
613 2129 668 2231 ab
710 2130 989 2275 Aphrodisio'
1044 2150 1299 2273 oppugnare
1347 2134 1553 2274 aggredi-

93 2303 202 2379 turr
237 2308 456 2414 captoque
495 2272 664 2414 oppido
699 2274 891 2379 nonita
933 2273 1145 2393 munito,
1186 2314 1327 2377 arcem
1371 2315 1553 2417 quoque

95 2449 345 2556 expugnat.
389 2423 513 2515 Tum
547 2456 738 2518 successu
782 2416 1031 2538 invitante,
1066 2416 1387 2558 Aphrodisium
1431 2457 1553 2558 quo-

93 2596 183 2698 que
216 2558 518 2698 praedonum,
553 2561 619 2659 uti
654 2559 871 2679 diximus,
909 2562 1265 2701 receptaculum,
1308 2574 1401 2701 pets
1421 2601 1562 2665 occas

95 2702 268 2800 sionem
304 2698 489 2806 absentis
531 2701 738 2843 Dragutis
774 2712 935 2828 majore
978 2738 1188 2843 apparatu
1222 2711 1391 2803 tentare
1440 2742 1553 2804 con-

96 2841 267 2950 stituit-'3
303 2842 629 2984 sedquoniam
665 2844 756 2944 sine
789 2845 1018 2945 voluntate
1054 2878 1098 2942 et
1133 2882 1219 2984 ope
1255 2843 1445 2981 Joannis
1472 2856 1554 2982 Ve-

130 3025 179 3083 ae
202 3060 223 3105 ,.
265 2983 433 3084 Siciliae
485 2986 684 3126 Proregis
736 3020 941 3086 conatum
997 2981 1152 3086 frustra
1197 2978 1291 3088 fore
1329 2985 1553 3129 ‚intelligo

95 3024 175 3227 bat
189 3202 204 3245 ,
245 3125 475 3227 consilium
514 3165 617 3227 cum
652 3169 707 3228 eo
742 3127 1161 3228 communicandum
1197 3164 1346 3248 ratus,
1370 3122 1552 3233 Pernan·

96 3269 207 3367 dum
241 3278 416 3410 Vegam
453 3268 594 3371 filium
629 3269 768 3411 stirpis
805 3269 1048 3371 maximum
1075 3272 1131 3376 ad
1166 3311 1210 3370 se
1250 3307 1380 3372 vocat
1414 3274 1568 3407 (namt

96 3408 171 3532 hic
217 3450 444 3552 quoque,
493 3446 542 3522 ut
585 3413 769 3514 Alvarus
813 3408 986 3532 frater,
1029 3453 1081 3513 ex
1131 3411 1274 3514 Sicilia
1319 3451 1554 3513 conscensa

97 3554 314 3694 praetoria
350 3553 589 3655 Sicularum
626 3554 870 3655 triremium
925 3551 1113 3655 Dotiam
1164 3556 1339 3657 secutus
1379 3549 1552 3689 fuerat)

96 3733 143 3795 er
183 3697 253 3797 sui
294 3696 462 3798 consilii
505 3697 733 3803 certiorem
772 3694 907 3816 facit,
943 3692 1257 3836 hortaturque,
1294 3734 1344 3805 ut
1377 3698 1435 3795 ad
1471 3735 1555 3836 pa-

96 3875 213 3938 trem
248 3837 580 3980 proficiscatur,
617 3875 659 3943 et
693 3877 833 3979 suum¹
855 3837 1086 3943 consilium
1127 3838 1434 3980 judiciumque
1471 3841 1564 3939 de·-

93 3973 240 4083 ferat.
765 4063 768 4075 .
1033 4072 1038 4085 ,
1237 4032 1241 4039 ·
1314 4014 1316 4021 ’

169 4131 331 4227 LXVI.
403 4139 485 4234 Per
526 4133 645 4235 hunc
695 4128 832 4276 igitur
872 4169 975 4234 cum
1024 4135 1211 4272 Prorege
1264 4162 1386 4267 patre
1430 4121 1556 4266 agit,

95 4263 144 4366 'et
178 4266 498 4410 Aphrodisium
533 4315 702 4418 quanto
743 4314 878 4417 opere
920 4274 1065 4376 Italiae
1085 4352 1099 4394 ,
1121 4313 1191 4379 ,ac
1226 4270 1395 4392 Siciliae
1436 4305 1554 4367 cere·

100 4407 243 4549 risque
279 4414 575 4543 adjacentibus
612 4419 754 4521 insulis
790 4417 1016 4519 immineat
1048 4413 1359 4537 ,considerare
1396 4409 1553 4542 jubet,

99 4585 148 4648 et
175 4641 181 4650 ,γ
197 4550 413 4691 quantum
461 4555 672 4663 facultatis
711 4560 868 4662 Turcis
918 4556 1208 4700 praedonibus
1253 4553 1454 4697 praebeat
1506 4553 1565 4656 ad

99 4689 372 4800 Christianos
407 4699 704 4826 insectandos,
720 4707 961 4828 admonet,
983 4736 1024 4801 et
1056 4701 1255 4842 publicae
1289 4699 1435 4800 salutis
1467 4697 1564 4857 plue

151 4893 153 4897 J
186 4857 188 4862 ’
218 4857 222 4863 ’
965 4855 1104 4946 Ccca
1503 4872 1567 4936 11·
