4124 5880
555 404 613 499 86
944 413 1026 495 DE
1067 411 1270 493 REBUS
1309 408 1535 491 GESTIS

497 654 530 700 „
547 575 639 679 Etsi
676 568 820 677 multis
862 568 908 673 in
945 567 1070 669 rebus
1121 604 1356 707 procerum
1392 567 1437 670 in
1481 606 1524 667 se
1561 561 1763 669 animum
1810 571 1975 716 cogni-

498 797 529 843 „
548 757 645 821 tum
683 756 727 821 et
759 750 1034 861 perspectum
1070 710 1278 832 haberet,
1311 726 1460 813 tamen
1499 715 1693 843 ejusdem
1732 716 1870 818 animi
1908 722 1976 826 de·

498 865 828 986 „clarationem
872 899 951 1004 per
988 857 1284 959 internuntios
1321 857 1527 998 proxime
1562 852 1725 959 factam
1762 858 1847 962 sibi
1915 904 1973 966 er-

496 1046 716 1153 „gratam
758 1002 933 1124 fuisse,
979 1042 1113 1145 seque
1159 1040 1315 1104 eorum
1358 1002 1597 1103 voluntatis
1655 1038 1788 1146 atque
1833 903 1974 1112 ollicii

494 1191 793 1274 „memorem
829 1145 959 1256 fores
998 1188 1078 1250 nec
1113 1146 1342 1265 dubitare,
1380 1146 1489 1286 quin
1524 1185 1762 1286 proceres,
1800 1154 1974 1291 quoties

494 1293 680 1418 „officii
725 1296 836 1397 ratio
880 1326 1067 1434 poscat,
1116 1286 1243 1391 rebus
1290 1291 1374 1389 sint
1418 1291 1632 1411 abunde,
1669 1335 1783 1434 quae
1826 1296 1970 1400 verbis

495 1516 528 1561 „
546 1441 781 1542 liberaliter
818 1438 1113 1577 recepissent,
1149 1433 1425 1576 praestituri:
1448 1475 1537 1577 qua
1572 1435 1734 1537 fiducia
1757 1436 1844 1540 hoc
1882 1436 1972 1542 dif-

494 1661 529 1706 „
547 1583 746 1686 ficillimo
783 1621 984 1723 tempore
1020 1581 1139 1720 ipsos
1181 1579 1228 1680 in
1264 1578 1418 1720 primis
1462 1582 1518 1680 ad
1554 1582 1812 1684 Concilium
1858 1627 1974 1689 con-

496 1802 527 1848 „
547 1765 782 1848 vocasset,
819 1761 868 1827 ut
906 1725 965 1827 eis
1010 1722 1293 1864 potissimum
1336 1720 1674 1867 suffragantibus
1722 1766 1856 1870 atque
1899 1741 1974 1861 ju-

495 1873 750 2000 „vantibus
786 1908 965 2012 magnas
1001 1906 1146 1970 retum
1178 1867 1513 1970 necessariarum
1557 1872 1778 2012 angustias
1806 1910 1850 1973 et
1886 1872 1973 1975 dii·

492 2091 524 2135 „
541 2014 750 2117 ficultates
829 2013 1096 2154 expediret3
1155 2050 1348 2154 quotum
1399 2012 1792 2117 incommodorum
1865 2020 1974 2160 quia

492 2158 941 2299 „praesentissimum
980 2158 1261 2300 maximeque
1304 2190 1607 2298 opportunum
1642 2161 1888 2262 remedium
1924 2164 1974 2263 in

489 2376 522 2422 „
539 2310 630 2404 Sira
679 2305 877 2444 positum
914 2342 1001 2404 esse
1060 2302 1305 2434 judicaret,
1343 2300 1509 2410 idcirco
1559 2305 1613 2404 de
1656 2301 1736 2404 hac
1787 2306 1972 2445 potissi-

493 2484 668 2566 „mum
704 2448 976 2590 imponenda
1022 2447 1078 2545 ad
1115 2487 1190 2547 eos
1228 2443 1468 2566 retulisset,
1505 2443 1703 2548 hortatus
1738 2446 1900 2570 simul,
1920 2484 1973 2551 ut

490 2589 622 2708 „alia
665 2630 848 2732 quoque
888 2590 1121 2711 remedia,
1161 2590 1323 2731 siquod
1365 2590 1511 2693 visum
1556 2629 1706 2708 esset,
1754 2633 1966 2695 commo·

489 2733 630 2852 „dius
665 2736 1013 2841 considerarent.
1052 2742 1177 2835 Haec
1214 2734 1348 2877 igitur
1374 2768 1423 2835 ut
1458 2736 1607 2835 denuo
1645 2732 1832 2857 faciant,
1865 2738 1967 2840 hot⁴

487 2952 519 2997 ,‚
536 2879 620 2979 tari
651 2878 814 2981 iterum
850 2914 985 3019 atque
1020 2876 1183 2982 iterum
1219 2916 1264 2980 et
1301 2915 1455 3020 rogare
1479 2916 1491 2986 3
1517 2881 1592 2980 sed
1633 2879 1887 3025 diligentius
1925 2918 1967 2984 et

490 3094 522 3140 „
536 3014 851 3144 festinantius,
893 3059 1026 3163 prout
1060 3024 1237 3166 inopiae
1280 3017 1571 3124 multifariam
1614 3028 1803 3166 urgentis
1850 3027 1961 3126 ratio

489 3165 773 3302 „postularet
809 3208 820 3268 ε
853 3164 958 3266 haec
996 3205 1101 3268 cum
1145 3165 1445 3310 peregissent,
1481 3201 1533 3303 et,
1559 3207 1670 3309 quae
1706 3171 1763 3269 ad
1811 3170 1963 3272 levan-

491 3383 522 3428 „
536 3308 640 3408 dam
677 3309 899 3453 publicam
934 3310 1231 3454 indigentiam
1278 3310 1642 3412 commodissima
1679 3314 1970 3435 viderentur,

491 3526 522 3574 „
536 3453 896 3576 constituissent,
931 3491 1038 3555 tunc
1073 3491 1124 3557 ut
1159 3495 1222 3556 res
1259 3456 1494 3558 communi
1530 3457 1741 3559 omnium
1778 3460 1968 3562 consilio

495 3671 527 3713 „
543 3632 586 3695 et
621 3638 834 3701 consensu
878 3600 1093 3701 sanciatur
1122 3676 1137 3721 ,
1172 3635 1335 3702 ceteros
1355 3677 1371 3721 ,
1395 3640 1509 3743 quos
1557 3601 1803 3742 oportuerit
1829 3644 1971 3724 ,cum

488 3738 651 3880 „ipsis
687 3778 1007 3846 conventuros.
1047 3757 1297 3866 Ceterum,
1329 3781 1575 3887 utcumque
1611 3784 1676 3846 tes
1710 3749 1877 3868 cadat,
1916 3749 1972 3850 si-

488 3878 586 4004 „bi
621 3882 852 4025 publicum
888 3889 1041 4031 Regni
1086 3889 1296 4012 bonum,
1333 3927 1377 3991 et
1413 3930 1513 3990 suae
1551 3888 1655 3989 fidei
1699 3891 1971 3994 commisso-

490 4103 523 4147 „
543 4065 643 4130 tum
680 4030 938 4134 mortalium
975 4032 1158 4137 salutem
1201 4071 1245 4153 et
1286 4033 1622 4139 commoditates
1668 4073 1839 4177 semper
1877 4031 1974 4139 fore

491 4248 525 4292 „
547 4210 736 4316 magnae
774 4214 929 4277 curae.
949 4192 981 4236 “

564 4328 689 4420 XVI.
769 4326 899 4423 Tunc
937 4320 1108 4462 placuit
1144 4321 1435 4429 decemviros
1470 4320 1654 4464 pristina
1689 4323 1856 4426 ratione
1894 4327 1973 4426 de-

491 4457 616 4600 ligi,
651 4463 1001 4607 quisepatatim
1050 4505 1100 4570 ut
1136 4471 1372 4574 duodecim
1408 4468 1687 4610 superiores,
1723 4466 1973 4609 eademque

493 4636 709 4743 potestate
755 4641 799 4706 et
843 4610 1101 4713 auctoritate
1145 4651 1228 4754 pto
1269 4612 1430 4716 cunctis
1472 4613 1521 4714 in
1555 4615 1708 4716 Caroli
1752 4612 1972 4754 postulata

495 4746 815 4873 deliberarent.
864 4754 1037 4857 Delecti
1074 4795 1174 4860 sunt
1213 4771 1317 4862 Dux
1353 4769 1578 4896 Najatae,
1624 4756 1969 5000 Comestabilisl,

1591 4920 1600 4932 s,
1891 4912 1970 5002 E-
