3998 5850
445 447 691 528 cauom
726 445 779 524 ιι.
818 445 944 524 ιιι..
973 448 1119 525 ιιιιιι
1386 449 1469 536 511

52 649 180 730 sunt,
218 607 298 750 qui
334 643 417 747 pro
451 601 770 720 Quietinisl
713 603 899 701 Thurini
926 601 1074 739 vulgo
1112 598 1445 717 dicebantur3·
1434 609 1521 751 rpsi

51 796 197 860 tamen
233 788 418 853 numero
454 783 498 846 ct
534 745 834 885 opinionem
865 745 962 844 dics
992 784 1308 908 augescentes,
1333 790 1519 892 praeser-

55 902 139 1005 tim
175 900 223 997 in
259 891 503 1033 Hispania,
533 895 714 1024 jesuitas
750 930 799 988 se
829 888 1058 988 nominari
1087 891 1342 1013 malebant,
1368 932 1422 996 et
1447 897 1523 1000 in·

56 1044 258 1146 stitutum
299 1074 432 1137 suum
478 1034 538 1133 ad
584 1032 824 1172 Egnatium
870 1032 1079 1163 Lojolam
1112 1073 1363 1158 auctorem,
1399 1042 1525 1180 opti

59 1225 187 1288 mum
239 1219 288 1283 et
332 1177 534 1341 egregiae
586 1174 907 1277 sanctimoniae
955 1177 1244 1342 ejusdemque
1286 1184 1531 1286 memoriae

60 1332 209 1432 virum
245 1363 390 1464 magis
424 1316 710 1438 referebant,
746 1358 1023 1460 quamquam·
1057 1323 1245 1421 suntin
1276 1324 1396 1426 Italia
1432 1368 1526 1430 non

58 1513 198 1616 pauca
234 1465 491 1597 hujusmodi
527 1394 766 1565 hominrim
802 1462 1049 1582 coenobia,
1086 1466 1165 1626 qui
1200 1502 1244 1564 et
1279 1466 1364 1608 ipsi
1393 1475 1524 1605 Jesur'·

59 1650 149 1735 tae,
185 1649 231 1714 et
255 1618 420 1745 Jesuati
454 1608 776 1725 nominantur,
818 1603 960 1706 nihilo
996 1609 1134 1749 magis
1171 1644 1380 1712 votorum
1424 1615 1528 1715 vin

62 1758 169 1862 culis
220 1751 447 1873 adstrictI,
483 1791 579 1891 quo
609 1748 762 1849 minus
811 1749 990 1850 ualeant
1032 1750 1268 1854 consilium
1322 1792 1365 1855 et
1412 1758 1529 1860 vitae

63 1901 279 2006 rationem
315 1931 518 2011 mutare,
553 1929 746 2052 quorum
782 1891 895 1992 item
929 1893 1158 1992 convictus
1199 1893 1528 2001 honestissimus

63 2080 128 2145 est
179 2082 229 2139 ac
280 2038 554 2176 religiosus,
594 2072 679 2132 ιιιιι
715 2035 839 2194 quod
874 2030 965 2133 fere
1002 2033 1058 2135 ab
1094 2037 1246 2137 studiis
1283 2036 1534 2147 litterarum
1650 2043 1652 2047 ¹

69 2183 337 2299 abhorrent,
378 2218 515 2337 quae
529 2175 577 2276 hi
610 2178 751 2276 nostri
785 2175 1020 2318 diligenter
1050 2179 1360 2284 aemulantur..

140 2339 207 2428 ΙΙΙ.
282 2334 462 2423 Horum
501 2319 701 2418 instituto
738 2360 763 2417 a
805 2320 986 2443 Paulo,
1024 2359 1078 2423 ut
1111 2325 1221 2422 de
1208 2328 1309 2464 rpsis
1351 2327 1530 2451 audivi,

70 2469 286 2608 julioque
305 2463 464 2565 Tertiis
501 2462 788 2563 Pontificibus
826 2463 1036 2563 Maximis
1072 2466 1398 2629 comprobato,
1417 2473 1534 2572 mul

68 2649 165 2713 tum
201 2606 468 2711 auctoritatis
506 2606 677 2705 addidit
714 2605 955 2706 franciscus
991 2610 1155 2748 Borgia
1186 2623 1290 2710 Dux
1321 2617 1533 2736 Gandiae,

69 2757 151 2925 qui
186 2754 489 2912 principatum
517 2747 611 2846 lilio
649 2747 870 2847 tradens
858 2786 906 2848 rn
941 2748 1106 2850 horum
1139 2792 1190 2850 se
1219 2789 1397 2855 coetum
1425 2797 1532 2858 con·

69 2897 202 3030 jecit,
237 2932 280 2994 et
315 2931 441 2993 sacrrs
477 2891 670 2989 initiatus
706 2890 906 3029 exemplo
952 2894 1246 2995 sanctissimae
1282 2898 1396 2999 virae
1435 2901 1534 3002 reli

74 3039 315 3201 gionisque
344 3031 631 3136 concionibus
676 3072 759 3173 per
799 3073 984 3135 ornnem
1024 3037 1287 3202 Hispaniam
1328 3041 1533 3143 homines

76 3184 133 3282 ad
169 3182 377 3281 virtutem
415 3213 458 3278 et
493 3177 754 3340 religionem
791 3175 1076 3300 adhortatur,
1107 3219 1151 3281 et
1187 3182 1297 3282 irem
1314 3188 1535 3289 Antonius

78 3322 291 3428 Corduba
325 3324 468 3423 Feriae
504 3322 693 3422 Comitis
729 3321 1061 3465 Priegensisque
1093 3324 1361 3427 Marchesiae
1404 3329 1537 3449 lilius,

78 3467 295 3637 quicum
333 3464 472 3567 sodali
507 3465 665 3626 Borgia
706 3461 973 3565 Cordubam
1002 3465 1164 3568 urbem
1194 3469 1378 3608 patriam
1408 3548 1423 3590 ,
1455 3511 1535 3571 cu-

78 3621 146 3744 jus
187 3612 401 3712 Ecclesiae
437 3610 686 3710 Canonicus
729 3645 816 3708 erat
869 3645 913 3708 et
964 3623 1266 3729 Concentor,
1308 3616 1430 3751 quod
1474 3649 1538 3714 est

79 3794 247 3857 nomen
283 3753 512 3895 primariae
549 3752 808 3891 dignitatis,
829 3791 932 3851 cum
967 3753 1185 3853 venisset
1166 3755 1424 3897 ,utriusque
1461 3797 1536 3858 au-

81 3898 284 3997 ctoritate
321 3935 365 3998 et
407 3894 707 3997 exhortatione
745 3892 988 4059 perfectum
1027 3930 1130 4015 est,
1175 3935 1231 3996 ut
1268 3901 1540 4033 Jesuitarum

81 4039 321 4201 collegium
362 4076 491 4181 atque
527 4036 797 4140 coenobium
843 4039 1220 4159 constitueretur,
1248 4043 1408 4181 partim
1453 4082 1539 4180 pu-

81 4182 270 4282 blica
233 4183 430 4282 civitatis
452 4184 688 4322 impensa,
726 4182 894 4322 partim
924 4186 1090 4321 privata
1125 4184 1312 4345 Joannis
1356 4187 1537 4286 Cordu-

83 4321 166 4425 bae
203 4324 486 4442 liberalitate,
500 4327 688 4428 Comitis
724 4327 961 4427 Cabrensis
984 4324 1098 4447 filii,
1119 4327 1201 4464 qui
1234 4338 1540 4429 Decanuserat

56 4471 278 4598 'ejusdem
329 4470 537 4570 Ecclesiae
606 4469 901 4609 Rutensisque
942 4465 1115 4567 Abbas
1175 4479 1212 4566 Is
1257 4471 1375 4569 enim
1416 4473 1540 4570 aedes

89 4649 115 4706 a
152 4650 195 4708 se
232 4615 399 4752 magnis
437 4609 650 4712 sumtibus
687 4649 845 4712 erectas
891 4610 1067 4744 Jesuitis
1104 4611 1228 4710 dono
1265 4614 1424 4731 dedit,
1466 4612 1545 4713 ubi

86 4754 260 4854 sodales.
290 4756 644 4858 commodissime
679 4752 922 4875 habitant,
957 4753 1216 4896 alunturque
1251 4755 1540 4898 vectigalibus

1471 4937 1544 4997 ec-
