4170 5866
515 412 598 498 152
890 393 973 474 DE
1015 391 1221 473 REBUS
1270 383 1496 472 GESTIS

459 582 565 674 tur,
605 553 670 652 inl
690 548 955 692 Hispaniam
991 547 1225 666 transiret,
1263 587 1314 646 ac
1365 585 1440 687 per
1493 538 1805 684 impunitatem
1855 544 1932 651 itr-

462 699 694 797 olesceret.
735 709 884 835 Itaque
921 689 1193 794 Praetoribus
1231 691 1398 791 Aulicis
1434 689 1667 831 negotium
1718 691 1794 790 dat
1848 703 1937 795 au-'

459 874 626 942 ctorem
663 839 799 939 libelli
835 839 1070 980 diligenter
1122 835 1418 976 inquirendi,
1450 866 1491 934 et
1527 835 1693 934 cunctis
1745 837 1930 940 tationi-

396 1027 398 1033 ·
456 983 539 1084 bus
573 984 888 1125 investigandi.
928 983 963 1082 Ii
1000 979 1151 1081 omnia
1187 979 1488 1120 nequidquam
1526 980 1728 1118 experti,
1764 1019 1808 1080 et
1836 993 1927 1081 La-

455 1127 545 1225 tine
583 1129 735 1227 doctos
770 1123 856 1227 fere
894 1166 1047 1227 omnes
1096 1119 1529 1263 percunctationibus
1567 1160 1671 1221 cum
1725 1124 1929 1228 solicitas-

457 1306 550 1371 sent
581 1273 597 1390 ,
634 1307 803 1412 praeter
839 1309 962 1410 spem
1006 1267 1174 1369 indicio
1214 1268 1336 1407 pueri
1374 1269 1428 1366 de
1466 1265 1717 1367 auctoribus
1752 1309 1929 1412 cogno-

456 1451 614 1515 verunt
653 1494 668 1534 ‚
715 1415 787 1513 cui
839 1453 976 1555 puero
1014 1412 1301 1512 adolescentes
1355 1410 1541 1509 alterum
1593 1408 1729 1513 libelli
1778 1453 1929 1518 exem-

458 1557 585 1697 plum
621 1559 675 1657 ad
711 1559 944 1660 Beneventi
977 1556 1207 1657 Comitem
1245 1551 1550 1696 perferendum
1587 1591 1763 1674 nocte,
1810 1599 1928 1699 quae

425 1695 585 1803 illum
622 1702 818 1840 primum
854 1703 974 1803 diem
1011 1730 1152 1841 secuta
1188 1736 1287 1820 est,
1325 1735 1486 1800 temere
1521 1739 1571 1798 ac
1607 1700 1757 1800 leviter
1792 1739 1924 1804 com-

458 1845 690 1947 miserant.
748 1846 839 1946 Hic
874 1846 995 1945 enim
1032 1884 1140 1986 puer
1177 1841 1234 1943 ab
1284 1844 1420 1944 altero
1475 1884 1527 1942 ex
1564 1842 1755 1943 Comitis
1812 1885 1924 1985 pue-

456 1989 548 2108 ris,
574 1991 659 2111 xcui
695 1988 894 2091 libellum
930 1990 1051 2089 velut
1088 1987 1368 2129 epistolatum
1403 1982 1678 2088 fascisculum
1730 2028 1926 2094 coenan-

455 2133 488 2233 ti
522 2134 710 2234 domino
746 2135 1021 2235 reddendum
1057 2133 1331 2251 tradiderat,
1369 2168 1469 2274 post
1505 2131 1596 2232 dies
1632 2170 1796 2275 paucos
1848 2175 1923 2279 ag-

455 2276 572 2378 nitus
610 2316 708 2399 est,
745 2280 880 2378 etad
917 2289 1134 2378 Praetores
1171 2278 1407 2381 deductus.
1517 2372 1520 2376 ,
1619 2342 1621 2349 ,

527 2432 696 2524 XXIV.
770 2435 876 2523 Duo
911 2423 1044 2564 igitur
1079 2419 1372 2522 adolescentes
1419 2419 1667 2564 improviso
1716 2459 1924 2567 compte-

457 2563 577 2666 hensi
613 2568 747 2697 (nam
784 2567 968 2687 tertius,
1005 2606 1048 2667 re
1087 2567 1404 2710 praecognita,
1442 2605 1485 2665 se
1535 2562 1642 2710 fuga
1678 2568 1924 2707 subtraxit)

455 2744 498 2807 et
534 2750 587 2808 ex
623 2710 807 2811 vinculis
842 2750 1018 2811 causam
1054 2712 1198 2811 dicere
1235 2710 1338 2840 jussi
1375 2751 1386 2819 3
1423 2710 1502 2851 qui
1552 2712 1749 2851 primum
1800 2715 1925 2814 testi-

344 2888 349 2896 ’
454 2853 612 2954 monio
650 2857 773 2993 pueri
809 2891 852 2954 et
888 2851 1126 2956 manifestis
1179 2852 1424 2954 chartarum
1459 2889 1502 2954 et
1538 2894 1694 2956 manus
1744 2856 1923 2959 indiciis

455 2998 683 3116 convicti,
720 3000 875 3099 deinde
912 3001 1141 3106 tormentis
1178 2998 1399 3099 intentatis
1437 3000 1573 3100 etiam
1609 2994 1822 3123 confessi,
1853 3044 1925 3103 ca-

455 3141 548 3281 pite
574 3141 860 3243 damnantur:
883 3142 976 3259 illi,
998 3144 1080 3244 hac
1116 3145 1396 3283 pronuntiata
1433 3146 1675 3264 sententia,
1698 3185 1790 3245 non
1827 3155 1924 3279 jam

454 3279 708 3386 manifestae
762 3286 918 3386 noxiae
979 3287 1278 3430 nequidquam
1339 3288 1647 3389 liberationem
1705 3329 1925 3429 quaeren-

456 3431 561 3530 dam
589 3468 602 3538 3
635 3432 708 3531 sed
744 3430 1115 3572 interponendum
1152 3433 1342 3572 spatium
1378 3434 1433 3532 ad
1469 3433 1646 3534 veniam
1694 3473 1720 3532 a
1756 3437 1921 3536 Carolo

454 3612 533 3714 per
569 3576 734 3676 amicos
771 3612 814 3676 et
850 3614 1063 3719 cognatos
1100 3575 1425 3718 implorandam
1476 3576 1714 3717 putabant.
1769 3588 1922 3722 Itaque

455 3716 512 3817 ab
549 3718 713 3818 eisdem
748 3721 1061 3843 Praetoribus,
1098 3764 1123 3822 a
1159 3722 1321 3861 quibus
1357 3720 1486 3822 nulla
1513 3758 1604 3822 erat
1655 3722 1704 3821 in
1748 3724 1920 3856 judiciis

456 3859 714 4002 capitalibus
750 3867 1049 4003 provocati0,
1085 3866 1330 4005 supplices,
1356 3866 1403 3965 id
1441 3867 1561 4006 quod
1598 3904 1677 4006 per
1712 3866 1827 4009 leges
1864 3870 1920 3971 li-

456 4006 615 4127 cebat,
652 4007 958 4146 postularunt,
995 4045 1045 4109 ut
1081 4010 1219 4109 iidem
1268 4049 1441 4109 causam
1491 4009 1740 4150 diligentius
1792 4052 1920 4114 teco-

459 4189 715 4292 gnoscerent
760 4193 770 4252 :
812 4192 905 4294 quo
961 4153 1188 4296 divulgato
1224 4231 1239 4274 ,
1274 4151 1499 4254 nobilium
1547 4155 1921 4280 adolescentium,

456 4335 569 4434 quos
607 4297 847 4399 temeritate
883 4336 933 4396 ac
969 4298 1144 4398 levitate
1181 4298 1363 4441 magis,
1400 4339 1536 4440 quam
1573 4300 1682 4405 odio
1719 4301 1787 4400 uel
1825 4342 1920 4403 ma·

456 4438 561 4541 litia
589 4441 817 4581 deliquisse
853 4441 1113 4560 constabat,
1150 4479 1271 4544 tanta
1306 4442 1440 4544 subiit
1493 4446 1662 4544 animos
1711 4445 1921 4551 omniurn

456 4583 714 4703 miseratio,
750 4622 801 4683 ut
838 4626 912 4684 eos
949 4587 1113 4705 etiam,
1151 4627 1263 4726 quos
1315 4587 1521 4690 omnium
1571 4588 1763 4689 maxime
1818 4632 1920 4693 car-

459 4724 653 4829 minibus
689 4729 929 4851 laeserant,
966 4731 1168 4874 supplicii
1204 4733 1504 4873 deprecatores
1550 4735 1667 4875 apud
1701 4734 1922 4837 Carolum

1840 4878 1922 4981 ha·
