3998 5850
372 399 664 501 canons
706 417 760 499 v.
802 419 923 499 ιιι.
967 420 1193 501 xxvrrr.
1405 405 1492 516 465

66 568 209 676 Castri
245 608 320 672 et
316 570 544 717 Francisci
580 570 716 713 Regis
752 608 929 712 gener,
978 572 1034 672 de
1070 612 1163 713 quo
1199 610 1325 717 supra
1361 615 1535 682 memo-

65 755 211 823 rarum
245 753 351 837 est,
386 711 468 858 qui
502 751 650 818 tamen
685 715 852 816 illaesus
889 715 1054 817 decidit
1073 716 1370 860 ,hastaque
1359 723 1534 825 innixus

36 889 154 968 ‚sese
192 862 359 981 erexit,
379 896 422 960 et
456 859 679 1002 intrepido
710 861 863 962 animo
899 862 956 961 ad
990 866 1368 1004 propugnandum
1404 906 1533 969 com

64 1007 283 1169 paravit,
318 1007 393 1106 sed
429 1005 624 1126 statim,
669 1042 719 1108 ut
754 1032 842 1107 ctat
883 1005 975 1106 telis
1012 1002 1241 1108 hostilibus
1278 1010 1531 1149 expositus,

65 1162 244 1284 majotrs
278 1149 489 1251 tormenti
541 1151 631 1249 telo
682 1151 832 1250 avulso
869 1150 994 1250 laevo
1046 1148 1230 1251 brachio
1262 1153 1531 1317 ,simulque

64 1298 293 1459 scloppeto
319 1289 567 1414 confossus,
588 1293 853 1395 trucidatur.
890 1301 1063 1396 Verum
1083 1293 1212 1395 lrac
1200 1295 1314 1438 ignis
1339 1297 1534 1437 eruptio

65 1481 120 1545 ne
155 1456 314 1581 parum
350 1475 414 1540 est
451 1439 506 1538 de
557 1434 884 1539 munitionibus
921 1439 1221 1559 detractum,
1252 1479 1354 1541 narn
1392 1447 1575 1563 terras

67 1624 182 1727 quae
218 1620 446 1686 commota
480 1577 705 1702 fuerat,
693 1620 802 1682 rtem
838 1584 1018 1686 materia
1053 1619 1097 1684 et
1132 1518 1297 1723 lapides
1334 1585 1532 1689 reciden-

68 1764 131 1830 tes
167 1767 393 1829 ascensum
428 1661 711 1828 decliviorim
748 1726 1059 1847 reddiderant,
1090 1766 1134 1831 et
1170 1764 1395 1830 excavatos
1432 1767 1532 1872 gra-

66 1872 149 1973 dus
184 1873 502 2014 impleverant
540 1870 698 1975 Nostri
733 1905 883 1972 tamen
909 1804 1063 1971 eadeni
1099 1870 1378 1975 simulatione
1413 1911 1534 1974 extra

66 2009 298 2116 fossam
267 2054 393 2156 signa
428 2051 616 2132 canere,
653 2047 697 2112 et
731 2048 829 2114 turn
865 2011 1102 2146 majoribus
1139 2015 1403 2133 tormentis,
1434 2052 1534 2116 tum

68 2148 300 2300 scloppetis
335 2155 482 2257 Gallos
518 2157 689 2258 eminus
724 2156 923 2260 lacessere
957 2197 1050 2259 non
1086 2158 1329 2263 desistunt.
1381 2157 1496 2259 Illi
1484 2197 1534 2260 tn

69 2301 248 2409 locum
275 2300 541 2464 apertiorem
590 2300 904 2443 propugnandi
955 2300 1099 2444 gratia
1145 2341 1248 2405 curn
1298 2300 1534 2444 processis-

69 2477 198 2564 sent,
235 2479 279 2544 et
314 2442 445 2544 multi
480 2443 840 2566 vulnerarentur,
859 2479 935 2544 aut
971 2446 1106 2546 etiam
1141 2447 1377 2557 caderent,
1398 2485 1534 2548 nemo

69 2620 218 2690 tamen
253 2587 404 2690 locum
439 2623 515 2687 aut
552 2587 758 2688 ordinem
795 2586 1060 2692 deserebat:
1112 2611 1241 2697 tanto
1278 2589 1433 2689 animo
1468 2591 1534 2690 ir-

70 2728 289 2874 ruptionis
341 2732 562 2873 impetum
604 2729 937 2873 exspectabant.
995 2741 1133 2894 Cujus
1171 2730 1235 2830 rei
1271 2733 1406 2874 gra—tia
1442 2742 1533 2863 jam

70 2869 234 2977 fossam
269 2873 525 2976 hominibus
575 2875 752 3014 plenam
805 2915 893 2976 esse
945 2874 1061 2995 rati,
1093 2873 1360 3016 pulverem,
1390 2913 1532 3017 quern

72 3016 158 3159 ipsi
192 3059 376 3182 quoque
411 3018 622 3119 cuniculis
665 3022 722 3120 ad
756 3013 918 3120 fossam
965 2952 1336 3139 occultaverant,
1379 3019 1533 3123 incen-

73 3163 229 3283 dunt,
266 3163 347 3305 qui
394 3200 605 3306 magnam
642 3162 826 3326 quidem
861 3195 998 3263 terrae
1050 3162 1262 3264 molem
1249 3201 1298 3266 ιιι
1348 3162 1534 3265 sublime

73 3306 318 3447 protrusit,
354 3308 604 3447 multosque
640 3306 804 3447 lapides
840 3305 1067 3425 involvit,
1090 3307 1247 3408 nostris
1284 3341 1465 3425 tamen,
1482 3340 1533 3407 ut

74 3483 195 3551 extra
240 3444 401 3559 fossam
449 3449 767 3568 constiterant,
805 3447 917 3550 nihil
970 3446 1156 3571 offecit,
1192 3447 1380 3589 exceptis
1417 3487 1533 3588 qua-

74 3627 178 3695 tuor
227 3627 302 3695 aut
361 3593 589 3757 quinque
581 3590 876 3715 militibus,
929 3626 975 3693 et
1009 3602 1189 3694 Bezerra
1242 3591 1532 3712 centurione,

75 3737 190 3899 qui,
215 3774 266 3839 ut
299 3737 484 3913 propius
520 3770 807 3864 accesserant,
842 3733 991 3838 obruti
1023 3769 1138 3838 terra
1173 3771 1273 3839 sunt
1311 3771 1354 3842 et
1387 3734 1535 3839 exani·

76 3880 216 3982 mati.

148 4032 380 4130 XXXVII
455 4028 625 4131 Eodem
669 4061 868 4170 tempore
917 4063 1078 4171 magna
1129 4064 1225 4170 pars
1260 4018 1537 4130 tormentarii
1669 4160 1670 4163 Ν

76 4166 268 4309 pulveris
304 4204 347 4271 et
382 4209 533 4273 earum
569 4210 766 4294 terum,
805 4210 912 4315 quas
947 4172 1062 4277 Galli
1097 4170 1331 4273 artificiose
1366 4170 1421 4271 ad
1458 4207 1537 4269 ex-

77 4311 365 4413 citandum
353 4349 506 4456 ignem
555 4352 951 4480 comparaverant,
987 4349 1206 4458 concepto
1251 4315 1395 4457 igne,
1425 4348 1538 4412 con-

78 4453 410 4595 flagraverunt,
446 4493 571 4561 tanto
607 4458 814 4571 incendio
850 4452 990 4579 fuso,
1025 4493 1075 4559 ut
1125 4459 1271 4560 ardere
1321 4490 1394 4558 arx
1427 4488 1541 4557 ιοιι

77 4596 321 4703 uideretur
365 4609 473 4713 Hoc
509 4602 675 4713 malurn
709 4634 937 4743 tantopere
964 4536 1113 4703 Gallos
1147 4596 1334 4721 afflixit,
1353 4634 1403 4715 ιιι
1439 4636 1542 4739 prae

79 4739 238 4988 ardqre
275 4780 396 4851 arma
429 4739 540 4859 ferre
575 4787 670 4850 non
704 4766 908 4890 possent,
930 4745 1119 4888 quidam
1156 4745 1292 4862 etiam
1326 4781 1405 4889 per
1441 4777 1546 4844 mu

193 4924 266 4988 om.
287 4894 341 4985 II.
1065 4895 1177 4994 Nnn
1483 4880 1553 4985 ni·
