3998 5850
411 456 415 464 ·
504 430 585 539 506
831 502 836 511 „
921 444 1007 526 DE
1055 442 1253 525 REBUS
1299 443 1526 528 GESTlS

462 680 494 725 „
509 638 632 702 mam
635 594 913 703 libertatem
949 599 1230 740 relinquere:
1279 635 1324 701 ar
1362 596 1576 702 Britannis
1611 591 1669 698 ab
1719 595 1911 702 Henrico

464 757 632 885 „Rege
668 782 723 842 ne
759 743 879 842 illam
915 743 1097 905 quidem
1134 743 1378 846 libertatem
1413 743 1608 843 relictam
1651 780 1741 841 esse
1789 741 1907 845 Chri·

464 926 628 1012 „stum
666 899 813 988 Deum
849 888 993 1052 patrio
1042 927 1166 989 more
1218 924 1263 989 et
1311 890 1397 991 ritu
1439 885 1672 990 Catholico
1711 886 1909 1009 colendi,

463 1034 621 1155 „dum
655 1033 784 1131 vellet
818 1072 893 1133 sua
929 1033 1055 1134 ruina
1093 1034 1323 1195 populares
1358 1072 1512 1133 omnes
1560 1065 1803 1170 totumque
1829 1043 1911 1133 Re-

462 1214 648 1340 „gnum
690 1177 953 1296 involvere,
996 1177 1217 1277 multis
1175 1216 1279 1276 vans
1277 1176 1502 1347 ”optimis
1543 1175 1757 1316 singulari
1807 1216 1912 1276 con

465 1356 666 1443 „stanna
703 1354 746 1418 et
781 1321 978 1461 pietate,
1019 1320 1190 1462 quod
1179 1319 1328 1460 impiis
1363 1329 1453 1451 ejus
1490 1354 1534 1419 et
1569 1318 1812 1455 tyrannicis
1844 1360 1911 1419 co-

464 1464 690 1588 „natibus
729 1503 821 1565 non
863 1461 1245 1635 suffragarentur,
1284 1466 1338 1565 de
1380 1461 1532 1563 medio
1577 1460 1785 1562 sublatis.
1838 1464 1913 1562 His

469 1645 650 1748 „porto
687 1601 1029 1708 fundamentis
1016 1608 1172 1740 jactis,
1211 1611 1265 1709 ad
1302 1608 1522 1748 reliquum
1565 1646 1677 1747 opus
1719 1604 1913 1706 homines

468 1751 707 1889 „perditae
743 1751 948 1852 audaciae
992 1788 1035 1851 et
1071 1751 1313 1871 avaritiae,
1354 1750 1485 1851 alieni
1518 1779 1562 1851 et
1596 1788 1747 1850 rerum
1783 1789 1910 1849 nova·

469 1932 617 2014 „rum
669 1895 895 2034 cupidos,
923 1930 1152 2036 tamquam
1205 1830 1459 1995 architectos
1497 1929 1539 1992 et
1589 1889 1789 2012 fabros,
1821 1932 1910 1992 cum

470 2036 705 2199 „ipsum
737 2074 833 2137 tum
867 2040 1120 2138 Eduardum
1157 2034 1298 2138 filium
1335 2035 1613 2145 adhibuisse3
1651 1971 1819 2177 quibits
1847 2038 1910 2136 ad-

471 2179 729 2300 „ministris
765 2221 857 2320 quo
894 2183 1113 2282 malorum
1149 2221 1240 2282 rem
1277 2181 1577 2298 deduxissent,
1616 2217 1661 2280 et
1699 2217 1816 2319 quot
1848 2181 1910 2279 de

473 2322 621 2442 „inde
668 2356 710 2420 et
753 2358 937 2464 quantae
980 2325 1242 2425 calamitates
1282 2362 1324 2425 et
1368 2361 1528 2465 strages
1573 2361 1651 2463 per
1692 2325 1839 2423 civiles
1875 2356 1912 2421 et

470 2464 737 2585 „intestinas
783 2466 1019 2567 discordias
1063 2465 1242 2568 fuissent
1284 2504 1583 2588 consecutae,
1623 2508 1764 2626 quern
1796 2505 1913 2606 posse

468 2607 605 2729 „sine
641 2647 817 2708 summo
852 2611 1007 2708 dolore
1041 2639 1412 2713 commemorare>
1457 2619 1562 2712 Post
1598 2645 1669 2709 tot
1707 2607 1881 2769 igitur
1868 2644 1910 2707 et

472 2826 504 2870 „
519 2787 611 2849 tam
646 2747 793 2853 foedas
828 2787 1100 2894 tempestates
1144 2789 1186 2853 et
1225 2753 1527 2895 naufragia,
1516 2793 1565 2852 m
1601 2786 1728 2852 tanto
1769 2749 1910 2851 immi·

471 2893 716 3013 „nentium
751 2897 971 2996 malorum
1012 2896 1248 3036 periculo,
1286 2899 1388 2998 tales
1425 2895 1681 3035 Principes,
1719 2930 1811 2996 tarn
1849 2903 1914 3025 ju-

471 3070 606 3156 „stos
643 3072 687 3136 et
721 3038 984 3198 religiosos,
1029 3041 1151 3178 quasi
1193 3040 1285 3139 duo
1321 3039 1518 3140 salutaria
1561 3040 1702 3137 sidera
1749 3075 1913 3138 munere

474 3251 506 3296 „
519 3178 605 3276 Der
641 3178 852 3279 Britannis
888 3179 1090 3282 affulsisse
1127 3182 1276 3323 ,ipsis
1318 3181 1451 3281 etiam
1491 3216 1620 3320 atque
1664 3180 1798 3280 etiam
1838 3182 1914 3279 lae·

475 3322 708 3438 „tandum
744 3364 871 3441 esse,
898 3361 940 3426 et
975 3338 1075 3425 Deo
1112 3364 1194 3465 pto
1230 3361 1353 3424 tanto
1388 3321 1604 3424 beneficio
1649 3323 1917 3464 supplicatio-

474 3537 506 3583 „
522 3500 623 3562 nem
660 3401 1001 3569 decernendam.
1039 3477 1138 3567 Nec
1174 3467 1292 3568 enim
1328 3507 1457 3584 casu,
1477 3501 1551 3566 aut
1584 3463 1790 3565 humano
1824 3505 1917 3566 con·

478 3605 622 3725 „silio
671 3610 902 3752 contigisse
951 3611 1122 3711 credere
1157 3606 1219 3710 fas
1255 3651 1373 3735 esse,
1407 3611 1482 3709 sed
1518 3608 1672 3710 divina
1708 3611 1918 3749 provisio·

476 3823 509 3867 „
528 3787 581 3846 ne
621 3744 833 3873 factum,
869 3788 919 3852 ur
961 3754 1008 3852 in
1055 3790 1174 3855 tanta
1216 3792 1359 3854 rerum
1412 3752 1644 3893 iniquitate
1685 3752 1919 3853 Britanniae

473 3902 728 4031 „Regnum
764 3897 818 3994 ad
854 3896 955 3995 tales
991 3897 1204 4040 Principes
1242 3897 1516 4059 perveniret,
1548 3933 1628 4036 qur
1663 3893 1753 3996 hoc
1792 3897 1920 3996 solum

472 4108 506 4153 „
523 4072 693 4175 agant,
728 4035 814 4137 hoc
852 4039 1138 4162 moliantur,
1179 4041 1349 4181 totique
1392 4080 1439 4140 rn
1482 4079 1579 4139 eam
1628 4079 1783 4140 curam
1824 4038 1921 4138 insi·

476 4213 678 4297 „stant
722 4215 772 4279 ut
807 4178 930 4281 bono
978 4181 1159 4319 publico
1200 4185 1469 4300 consulant,
1512 4182 1764 4284 exulceratis
1803 4179 1921 4280 rebus

469 4323 831 4444 „medeantur
869 4326 1153 4444 commodis,
1188 4327 1432 4466 dignitati,
1482 4364 1754 4487 suorumque
1802 4321 1925 4422 saluti

471 4534 506 4578 .‚,
522 4465 814 4603 prospiciant.
868 4453 1057 4568 Proinde
1110 4510 1153 4569 se
1201 4471 1363 4609 patriae
1432 4469 1713 4609 notionisque
1764 4503 1925 4605 semper

473 4644 763 4725 „amatorem
791 4620 1035 4754 ,ejusque
1080 4610 1334 4732 libertatis,
1377 4613 1521 4711 salutis
1588 4653 1638 4711 ac
1703 4609 1924 4754 dignitatis

474 4820 505 4866 ,‚
520 4687 908 4872 studiosissinium,
925 4790 968 4856 et
996 4756 1142 4859 multis
1177 4691 1492 4857 calamitatibus
1523 4792 1566 4858 et
1600 4755 1858 4897 periculis
1847 4793 1925 4853 rm·

1793 4938 1924 5041 „pro-
