4034 5858
482 408 568 521 51⁶
890 421 974 504 ou
1017 419 1230 502 ursus
1269 418 1493 504 crsrrs

439 623 588 690 autem
623 575 795 684 Summi
828 577 1080 679 Sacerdotis
1106 616 1200 678 non
1242 617 1330 677 esse
1370 574 1541 679 arbitrii
1588 574 1903 723 potestatisque

440 773 539 834 suae
576 723 813 845 Ecclesias,
848 723 966 823 unde
1002 717 1180 825 fuissent
1214 707 1378 864 legati,
1417 761 1531 864 quae
1566 723 1741 867 legibus
1777 731 1893 868 Apo-

442 872 603 977 stolicis
673 905 806 1010 atque
849 865 1025 969 Divinis
1068 865 1285 967 immunes
1344 903 1484 967 essent
1542 907 1677 1010 atque
1719 867 1896 990 liberae,

444 1015 616 1120 tributis
653 1052 696 1114 et
731 1008 1031 1148 exactionibus
1079 1048 1292 1173 gravare,
1325 1045 1401 1110 aut
1436 1049 1618 1152 gravate
1653 1010 1900 1114 volentibus

444 1158 723 1277 consentire,
760 1194 912 1257 contra
948 1194 1056 1297 quas
1091 1153 1247 1305 siquid
1272 1146 1419 1254 fiiisset
1454 1153 1748 1296 superioribus
1783 1158 1901 1259 annis

444 1303 770 1421 constitutum,
791 1302 838 1403 id
873 1340 965 1400 non
1001 1339 1080 1398 suo
1119 1333 1162 1398 et
1203 1335 1447 1400 ceterorum
1482 1301 1752 1403 Clericorum
1787 1301 1900 1472 judi·

447 1451 519 1551 cio
556 1442 719 1548 factum
756 1487 890 1566 esse,-
885 1446 995 1545 sed
1030 1440 1253 1543 Pontificis
1290 1431 1480 1544 Maximi
1525 1447 1746 1563 decreto,
1789 1455 1904 1575 cujus

448 1628 556 1693 esset
590 1591 637 1691 in
671 1590 906 1728 Ecclesia
892 1628 959 1718 Jus
1020 1627 1279 1728 summaque
1315 1622 1550 1750 potestas,
1593 1587 1903 1690 Ecclesiasticas

450 1735 565 1877 leges
602 1772 683 1875 pto
732 1770 876 1834 rerum
924 1768 1264 1892 temporumque
1300 1730 1472 1833 ratione
1508 1733 1579 1875 pie
1628 1769 1765 1873 atque
1810 1773 1903 1874 pru

449 1881 598 1981 denter
649 1873 947 1983 moderandi,
993 1912 1118 2015 qum
1145 1911 1278 1974 etiam
1314 1916 1357 1975 se
1391 1876 1518 2015 Regi
1554 1876 1771 2018 supplices
1824 1916 1902 1975 esse

451 2022 682 2141 dixerunt,
706 2029 885 2159 ejusque
922 2017 1057 2120 fidem
1094 2009 1329 2137 obtestari,
1349 2052 1400 2118 ut
1429 2019 1702 2121 Clericorum
1727 2054 1786 2129 et
1809 2057 1901 2160 pau

451 2204 609 2310 perum
644 2161 772 2266 bonis
806 2159 1108 2263 Ecclesiasticis
1131 2161 1402 2262 alendorum
1437 2161 1660 2284 misertus,
1680 2161 1819 2262 finem
1836 2162 1905 2263 ali·

453 2309 635 2450 quando
680 2304 852 2407 tributis
892 2302 1077 2423 faceret,
1122 2300 1337 2444 quibus
1323 2346 1414 2436 Jam
1448 2345 1585 2407 annos
1620 2305 1904 2448 quadraginta

455 2451 731 2552 continenter
766 2442 1040 2589 conferendis
1074 2445 1316 2565 Ecclesiae,
1346 2450 1647 2568 monasteria,
1676 2484 1721 2549 et
1752 2489 1906 2589 egeno.

456 2633 558 2697 rum
593 2582 894 2730 xenodochia
903 2582 1039 2693 essent
1076 2584 1301 2692 exhausta.
1353 2593 1420 2691 Sic
1453 2591 1588 2734 igitur
1623 2595 1737 2734 apud
1764 2597 1901 2752 Joan

456 2777 560 2840 nam
596 2737 734 2838 locuti
767 2772 865 2840 sunt
898 2729 1175 2838 Clericorum
1208 2732 1377 2876 legati,
1408 2774 1490 2837 nec
1525 2736 1580 2841 ab
1617 2776 1669 2837 ca
1705 2733 1903 2838 sententia

461 2881 622 2985 deduci
657 2917 927 3021 potuerunt.

531 3035 590 3124 X.
663 3035 828 3126 Interea
870 3036 1044 3127 Romae
1085 3023 1237 3127 Caroli
1284 3023 1448 3168 legatus
1485 3025 1540 3128 ab
1583 3028 1747 3128 eodem
1781 3021 1907 3127 Paulo

461 3164 708 3286 Pontifice,
743 3203 792 3268 ut
829 3169 1052 3270 decretum
1094 3169 1272 3307 Julii
1247 3207 1297 3267 ac
1337 3172 1581 3312 irrogatum
1618 3171 1788 3273 Carolo
1826 3168 1910 3309 pri·

462 3304 676 3454 vilegium
712 3310 1045 3445 confirmaret
999 3311 1314 3452 ,impetravita
1349 3314 1423 3414 sed
1429 3257 1575 3417 haec
1601 3315 1722 3414 Pauli
1761 3314 1909 3472 episto

462 3455 507 3555 la
556 3490 600 3554 et
635 3454 799 3582 decreti
835 3454 950 3591 Julii
995 3454 1230 3556 declaratio
1285 3493 1328 3554 et
1363 3455 1639 3558 confirmatio
1688 3496 1798 3558 cum
1844 3454 1916 3555 diu

464 3634 753 3719 moraretur,
802 3634 993 3738 quatuor
1029 3586 1250 3700 mensibus
1301 3637 1347 3697 re
1391 3587 1696 3741 nequidquam
1742 3600 1917 3743 agitata,

465 3741 601 3883 legati
636 3675 908 3843 Clericorum
944 3741 1110 3843 dimissi
1151 3742 1340 3844 domum
1374 3744 1635 3855 redierunt3
1672 3745 1748 3845 sed
1793 3744 1917 3886 paulo

465 3920 567 4026 post
618 3885 796 4021 Judices
848 3924 1121 3986 exsecutores
1159 3922 1263 3986 cum
1312 3885 1527 3987 mandatis
1570 3928 1623 3989 ex
1665 3888 1919 3990 auctoritate

465 4027 671 4169 Episcopi
706 4029 911 4129 Lucensis
954 4027 1168 4191 judicis,
1202 4029 1269 4129 uti
1312 4029 1551 4155 diximus,
1587 4030 1693 4132 huic
1741 4028 1914 4191 negotio

468 4173 654 4316 delegati
700 4173 978 4290 mittuntur,
1024 4172 1104 4313 qui
1151 4171 1378 4313 vectigalia
1428 4209 1584 4275 cuncta
1633 4174 1916 4277 Ecclesiastico

470 4318 727 4457 occupanda
770 4248 1157 4462 impedieirdaque
1172 4350 1322 4415 curent
1336 4317 1559 4437 ,'donec
1545 4355 1762 4463 imperata
1793 4353 1919 4458 pecu.

467 4458 542 4560 nia
578 4458 885 4601 persolvatur,
919 4495 961 4562 et
994 4500 1050 4564 ue
1083 4454 1262 4565 Clericis
1297 4499 1348 4563 ea
1382 4455 1658 4582 reddantur,
1697 4465 1923 4571 redemto-

468 4597 589 4703 tibus
623 4604 911 4707 interdicant.
978 4702 980 4705 ,

538 4755 618 4880 XI.
694 4749 987 4894 Ecclesiaein
940 4790 1073 4857 rnea
1106 4791 1252 4858 rerum
1280 4741 1520 4897 iniquitate
1548 4794 1574 4853 ι
1601 4750 1851 4897 Religione
1888 4781 1928 4850 et

1849 4905 1928 4997 Ec·
