4034 5858
432 491 619 566 archiacum
651 485 687 557 id
721 506 765 556 est
790 484 893 574 majus
920 484 1144 581 scloppetum·
1243 486 1289 555 lio
1314 484 1510 556 damnatur.
1534 491 1563 555 1.
1581 504 1639 573 25.

482 600 510 662 1.
532 614 610 685 371.
1196 584 1313 656 An'aui
1334 589 1437 656 Dux.
1453 596 1486 656 V.
1509 581 1670 657 Molsetae
1686 580 1859 680 Princeps.

435 693 579 763 Arrhilusi
594 684 750 782 scloppeti
769 705 887 782 genus.
909 687 937 750 Ι.
958 706 1035 777 317.
1056 685 1147 752 Tor·
1197 684 1364 755 Arianum
1398 684 1432 754 in
1461 687 1584 781 Regno
1608 681 1912 778 Neapolitanos.

486 786 591 860 menti
614 786 749 871 minoris
773 805 897 881 genus.
914 789 959 852 11.
980 802 1060 868 219.
1247 807 1328 878 253·
1633 821 1636 824 ⁴

434 892 563 962 Arrhirri
602 885 667 955 sive
702 885 828 976 equites
862 881 1066 978 cataphracti
1105 904 1146 951 ex
1197 882 1293 953 Arias
1323 889 1338 970 (
1365 880 1664 977 Christophorus)
1706 892 1911 976 surgentum

481 984 701 1083 Burgundia.
728 989 774 1052 11.
798 1000 876 1072 193.
1241 981 1407 1077 praefectus
1422 982 1609 1054 occiditur.
1637 985 1684 1049 II.
1705 1002 1740 1048 2.

433 1093 599 1160 Arcturus
632 1089 707 1156 Rex
741 1079 879 1153 Henrici
903 1078 1003 1151 frater
1024 1077 1146 1150 Cathe*
1197 1081 1344 1153 Ariscoti
1370 1085 1453 1152 Dux
1476 1104 1555 1152 cum
1576 1080 1684 1176 Belgis
1702 1076 1915 1149 obsidionem

482 1186 589 1257 sinam
622 1182 737 1252 Caroli
764 1182 907 1252 Caesaris
933 1198 1144 1251 materteram
1244 1179 1435 1254 Landrcsini
1458 1201 1574 1278 urgere
1590 1179 1739 1268 jubetur.
1754 1183 1806 1248 Η.
1834 1203 1915 1269 2⁰5·

482 1306 622 1355 uxorem
647 1280 760 1350 ducit.
784 1285 830 1349 11.
847 1283 930 1366 469.
1014 1338 1016 1343 .
1245 1293 1278 1351 V.
1302 1277 1454 1351 Arescoti
1476 1283 1571 1350 Dux.

432 1382 592 1458 Arcuum'
614 1385 698 1451 Dux
740 1376 966 1465 (Ludovicus
1005 1375 1147 1449 Ponzius
1197 1377 1298 1453 Arius
1319 1377 1453 1471 Joannis
1483 1380 1568 1450 Garri
1585 1375 1698 1448 'frater
1726 1376 1772 1447 ab
1798 1383 1913 1448 Arim-

482 1485 579 1565 Leo)
602 1479 761 1551 Castellae
773 1479 932 1550 Concilio
945 1501 1014 1549 non
1041 1476 1145 1548 inter·
1247 1477 1325 1549 delli
1345 1477 1488 1547 ‚Comite
1510 1476 1766 1573 comprehensus
1792 1478 1827 1548 in
1859 1501 1911 1547 ar-

485 1603 558 1653 est.
586 1587 631 1649 11.
652 1584 709 1664 69.
1247 1602 1320 1649 cem
1351 1574 1509 1648 custodin'
1542 1577 1696 1664 jubetur.
1735 1583 1786 1648 ΙΙ.
1829 1578 1911 1667 481.

435 1681 662 1777 Ardiragum.
688 1684 715 1747 Ι.
740 1679 818 1748 286.
1246 1677 1366 1775 Capite
1383 1676 1577 1748 damnatur.
1604 1682 1649 1745 11.
1668 1677 1758 1770 483.
1819 1666 1823 1674 ¹

436 1780 620 1851 Arduenna
644 1777 743 1846 silva.
769 1783 814 1846 ll.
837 1777 913 1869 378.
1198 1778 1307 1847 Α11011
1335 1775 1523 1873 oppidum.
1541 1780 1586 1844 11.
1608 1777 1688 1869 378.

437 1881 572 1951 Arelate
591 1875 775 1972 oppidum.
799 1881 827 1945 Ι.
843 1895 926 1968 439.
1198 1881 1361 1948 Armenta
1391 1884 1406 1962 (
1426 1872 1620 1958 Alfonsus)
1655 1873 1904 1957 Cordubensis,

435 1980 612 2050 Arellanus
639 1973 830 2061 (Alfonsus
858 1994 890 2045 et
918 1975 1066 2056 Petrus)
1110 1985 1143 2041 v.
1245 1973 1387 2046 triremis
1425 1971 1607 2071 praefectus
1635 1973 1831 2046 occiditur.
1860 1977 1902 2043 11.

481 2077 649 2174 Aguilaris
667 2080 801 2145 Comes.
916 2090 920 2099 ’
1142 2136 1144 2139 ,
1235 2098 1333 2156 ,121.

435 2189 575 2247 arenosus
599 2198 735 2270 campus
755 2196 826 2243 non
848 2173 981 2268 longea
1002 2171 1143 2245 Bruxel-
1197 2177 1290 2244 Arna
1314 2171 1503 2264 (Jacobus)
1530 2171 1721 2245 Monachus
1752 2169 1905 2246 Domini·

484 2275 542 2344 lis.
568 2280 613 2353 Il.
635 2292 711 2366 379.
1245 2295 1367 2344 canus.
1396 2277 1425 2341 Ι.
1442 2292 1500 2356 92.

435 2373 586 2446 Arescoti
620 2377 703 2442 Dux
727 2370 921 2465 (Philippus
951 2369 1141 2458 Crojus)a
1197 2371 1339 2441 Antoba
1359 2393 1479 2441 mons.
1505 2376 1551 2439 ΙΙ.
1572 2393 1651 2463 374.
1738 2368 1741 2373 ’

483 2479 620 2542 Caesare
646 2471 770 2566 Spiram
806 2469 973 2550 mittitur,
995 2486 1033 2536 ut
1064 2467 1142 2538 Phi·
1198 2475 1311 2540 Arnus
1337 2466 1486 2540 flumen.
1515 2474 1561 2538 11.
1577 2492 1665 2559 45⁰·
1780 2479 1784 2486 '

482 2572 610 2667 lippum
628 2593 707 2639 cum
725 2566 884 2664 praesidio
903 2566 1066 2637 deducat.
1095 2572 1141 2636 11.
1196 2574 1336 2640 Arona.
1360 2573 1389 2636 Ι.
1418 2569 1496 2639 128.
1528 2571 1666 2640 Frustra
1695 2584 1897 2664 oppugnata.

487 2695 563 2764 377.
592 2684 624 2741 V.
654 2669 799 2740 Ariscoti
812 2670 907 2737 Dux.
1147 2683 1148 2687 ’
1244 2673 1272 2738 Ι.
1299 2688 1379 2759 144.

434 2785 528 2841 Atera
559 2766 678 2838 fluvius
717 2790 807 2837 nunc
841 2762 973 2861 Adagia
1009 2762 1139 2847 dictus,
1196 2767 1330 2837 Arratia
1348 2766 1460 2837 vallis.
1490 2770 1517 2835 I.
1534 2785 1594 2851 90.

482 2891 604 2939 nomen
627 2869 761 2936 Arararis
784 2864 937 2961 praebet.
961 2867 1007 2931 ΙΙ.
1026 2886 1103 2932 101.
1195 2867 1339 2963 Arriaga
1362 2864 1510 2962 planities
1533 2888 1640 2962 prope
1664 2865 1897 2938 Victoriaml.

433 2967 595 3039 Arevaci.
622 2971 651 3034 Ι.
670 2984 745 3032 2.et
762 2987 816 3054 31.
833 2966 965 3032 Nomen
984 2960 1026 3029 ab
1046 2974 1139 3030 Atera
1245 2985 1303 3049 92.

480 3065 609 3145 fluvio,
638 3087 692 3133 seu
711 3061 841 3160 Adagia
867 3058 1067 3131 sortiuntur.
1091 3063 1138 3129 11.
1195 3066 1394 3134 Arriaranus
1423 3063 1691 3147 (Dominicus)
1739 3063 1899 3131 centurio.

486 3189 564 3236 101.
1244 3169 1272 3233 I.
1290 3167 1370 3231 260.
1399 3162 1578 3232 Gallorum
1598 3181 1704 3231 castra
1729 3182 1834 3230 noctu
1848 3184 1901 3231 ex·

430 3268 661 3335 Arevacorum
682 3261 795 3360 regio.
816 3266 843 3331 I.
871 3281 904 3351 5.
1243 3264 1422 3358 plorat,et
1444 3285 1547 3355 quam
1572 3260 1607 3329 in
1625 3279 1772 3358 angusto
1793 3282 1898 3330 eorum

430 3366 604 3434 arevalillus
623 3359 763 3432 fluvius.
789 3366 834 3431 II.
864 3383 942 3430 101.
1244 3384 1293 3431 res
1322 3379 1422 3429 essent
1437 3409 1449 3445 ‚
1467 3383 1508 3430 ex
1542 3359 1676 3456 captivo
1716 3357 1900 3456 cognoscit.

430 3462 612 3535 Arevalum
631 3460 811 3557 oppidum.
836 3464 864 3529 Ι.
890 3480 921 3546 5.
945 3473 978 3526 et
1001 3455 1058 3526 66.
1089 3457 1136 3524 ΙΙ.
1245 3465 1273 3528 Ι.
1301 3463 1380 3548 276.

484 3585 561 3630 101.
686 3635 689 3640 ⁷
1194 3558 1388 3629 Arrietum.
1420 3563 1448 3628 1.
1468 3581 1548 3650 227.

428 3656 680 3756 Arganthonius
693 3656 935 3727 Tartessiorum
951 3660 1038 3729 Rex.
1054 3656 1082 3721 1.
1101 3671 1136 3736 9.
1193 3656 1371 3729 Arundelli
1400 3663 1522 3729 Comes
1551 3657 1703 3754 princeps
1729 3676 1765 3728 et
1790 3673 1901 3763 aucgor

426 3758 580 3855 Argeliae
614 3762 690 3829 Rex
730 3780 853 3853 magno
888 3754 1033 3826 exercitu
1064 3754 1135 3822 Bu·
1242 3756 1386 3827 Mariam
1411 3781 1472 3854 pro
1504 3758 1691 3828 Britanniae
1712 3743 1843 3854 Regini
1857 3778 1901 3824 sa-

476 3857 564 3953 giam
589 3874 783 3949 oppugnat.
800 3860 846 3924 11.
871 3854 952 3941 518.
1241 3855 1389 3925 lutandi.
1412 3862 1459 3927 11.
1476 3875 1558 3948 479.

426 3954 611 4052 Argentina
636 3953 734 4021 urbs.
760 3958 905 4043 11117.
1191 3957 1370 4026 arundineus
1393 3958 1478 4026 ludus
1501 4005 1512 4039 ,
1536 3956 1601 4027 sive
1623 3972 1776 4049 equestre
1800 3971 1902 4024 certa-

425 4053 678 4152 Argentinenses
727 4052 852 4120 Carolo
888 4072 950 4118 sese
986 4046 1132 4118 dedunt.
1244 4079 1342 4124 men.
1363 4058 1410 4124 ΙΙ.
1433 4058 1474 4147 36
1481 4077 1512 4144 5.

474 4159 520 4224 11.
549 4175 623 4246 307.
647 4150 811 4245 Supplices
826 4172 845 4217 a
861 4148 987 4218 Carolo
1002 4147 1132 4216 reniam
1191 4159 1281 4224 Arze
1304 4153 1495 4244 (Jacobus)
1520 4150 1707 4250 praefectus
1737 4177 1778 4226 ex
1813 4150 1894 4221 Italia

475 4270 616 4348 petunt.
641 4254 687 4318 ΙΙ.
708 4272 785 4340 310.
806 4246 840 4315 111
857 4246 973 4318 Caroli
987 4246 1133 4316 Caesaris
1239 4271 1408 4321 veteranas
1433 4252 1586 4324 cohortes
1608 4251 1642 4321 in
1684 4249 1892 4324 Germaniam

472 4349 538 4422 fide
559 4367 726 4446 perstant.
751 4353 896 4440 11431.
1239 4350 1283 4420 ad
1309 4354 1471 4421 Carolum
1494 4351 1607 4423 ducit.
1629 4356 1677 4420 11.
1706 4356 1785 4445 276.
1809 4347 1895 4418 Mili-

426 4455 714 4545 Argentoratenses
739 4447 782 4517 ad
802 4441 1035 4541 propulsandas
1049 4444 1130 4514 Gal·
1237 4469 1313 4518 tum
1331 4449 1500 4547 magister.
1518 4456 1650 4542 ll.314.
1664 4450 1812 4521 militum
1824 4445 1900 4515 Tri-

474 4552 584 4618 lorum
599 4547 699 4642 Regis
717 4547 848 4636 iujurias
871 4569 902 4614 se
923 4559 1128 4641 comparant.
1238 4547 1347 4625 bunus
1363 4573 1441 4618 cum
1465 4549 1618 4644 equitum
1645 4550 1779 4620 levioris
1800 4571 1903 4619 arma·

475 4651 522 4716 Il.
543 4667 626 4735 422.
1237 4664 1330 4717 turae
1369 4647 1486 4718 turmis
1511 4648 1657 4717 occurrit
1686 4697 1699 4731 ,
1732 4669 1771 4719 ut
1792 4650 1903 4746 ,ipsum

424 4746 547 4818 Ariana
578 4740 711 4812 haeresis
745 4743 830 4812 inter
871 4738 1129 4838 Vestrogotrhos
1206 4767 1338 4838 ,usque
1355 4743 1398 4814 ad
1413 4746 1538 4841 Spiram
1560 4745 1730 4816 deducat.
1755 4754 1805 4818 11.
1830 4770 1905 4843 374.

469 4866 613 4940 serpens.
637 4844 664 4909 Ι.
686 4862 741 4930 14.
765 4847 804 4911 111
824 4843 973 4913 Nicaeno
997 4841 1127 4912 Conci·
1153 4920 1155 4923 .
1185 4845 1300 4916 Asculi
1321 4844 1474 4943 Princeps
1500 4844 1726 4935 (Ludoricus
1744 4850 1850 4923 Leiva
1866 4847 1905 4919 fi-

625 4972 626 4975 ’
1849 4949 1905 5021 lius
