4102 5864
508 463 593 551 410
776 428 778 430 ’
885 435 967 514 na
1009 409 1229 514 nanus
1263 429 1480 515 castis

478 604 524 703 in
560 630 779 740 posterum
818 593 1012 734 periculo
1051 591 1202 691 alienis
1237 591 1485 694 commodis
1525 586 1710 707 servire,
1749 628 1944 730 praeser-

481 748 564 845 tim
600 743 717 842 bello
768 740 968 839 nondum
1018 735 1273 847 inchoator
1318 740 1467 879 itaque
1505 737 1747 836 libertatem
1787 746 1939 836 Hora·
2002 863 2008 872 ι

484 891 594 1007 tio,
630 884 947 1025 pecuniamque
1000 883 1122 981 reddi
1159 883 1281 1013 jussit
1317 961 1329 998 ‚
1366 923 1455 1024 qua
1492 890 1692 981 Parmam
1745 881 1937 1019 perlata,

467 1028 854 1170 »conquisitoribus
890 1025 1107 1146 dimissis,
1136 1066 1354 1168 coguntur
1390 1065 1572 1144 manus,
1603 1019 1939 1165 frequentesque

485 1176 643 1276 milites
680 1208 770 1272 tum
810 1215 861 1271 ex
897 1212 1019 1273 novo
1055 1171 1224 1269 delectu
1246 1250 1258 1290 ‚
1279 1208 1374 1272 tum
1411 1169 1577 1289 exiis,
1619 1173 1698 1308 qui
1734 1170 1792 1268 ad
1812 1176 1940 1267 Tau-

486 1324 637 1438 rinos,
673 1319 926 1457 circumque
963 1356 1031 1416 eas
1069 1315 1272 1457 regiones
1305 1318 1355 1419 in
1391 1312 1612 1460 praesidiis
1650 1347 1804 1434 erant,
1848 1307 1938 1412 fre-

486 1500 664 1605 quentes
701 1498 1033 1561 convenerunt..

539 1618 614 1705 Vl.
677 1605 759 1702 His
797 1604 991 1705 motibus
1028 1603 1273 1725 nuntiatis,
1307 1603 1581 1745 cognitoque
1613 1600 1795 1702 Octavii
1830 1643 1941 1702 con-

487 1749 620 1868 silio,
653 1748 799 1880 Julius
835 1744 1040 1848 Pontifex
1086 1747 1237 1847 litteris
1292 1787 1369 1888 per
1419 1749 1750 1889 caduceatorem
1804 1746 1938 1845 missis

487 1892 677 1993 Octavio
716 1893 991 2012 denuntiat,
1026 1926 1077 1992 ut
1127 1889 1231 1992 fidei
1282 1893 1473 2033 jurisque
1510 1890 1685 2020 jurandi
1719 1891 1815 1989 dati
1850 1969 1862 2007 ,
1897 1925 1936 1988 et

485 2070 768 2176 acceptorum
804 2035 1122 2136 beneficiorum
1158 2076 1328 2135 memor
1364 2036 1421 2136 ab
1456 2030 1609 2134 officio
1646 2073 1706 2133 ne
1742 2034 1932 2132 discede-

480 2197 584 2300 ret,
620 2180 783 2308 adjecta
819 2219 960 2319 poena
980 2257 996 2299 ,f
1031 2179 1119 2281 nisi
1150 2181 1358 2321 paruisset
1389 2259 1403 2300 ,
1439 2217 1489 2280 ut
1525 2178 1658 2277 sacris
1685 2178 1933 2277 interdictus

486 2322 533 2421 in
570 2363 757 2422 numero
783 2322 1040 2464 impiorum
1092 2364 1141 2422 ac
1177 2325 1484 2424 sceleratorum
1521 2401 1536 2442 ‚
1570 2320 1701 2421 bonis
1739 2319 1931 2460 publica·

488 2465 576 2584 tis,
612 2465 836 2605 hostisque
874 2468 1086 2567 Ecclesiae
1124 2470 1267 2567 modis
1304 2468 1509 2571 omnibus
1544 2463 1803 2564 haberetur.
1850 2475 1931 2562 Ve-

488 2645 587 2707 rum
625 2612 835 2709 Octavius
872 2607 1015 2711 furore
1057 2649 1203 2711 caecus
1241 2690 1255 2731 ‚
1307 2611 1393 2712 fide
1446 2653 1496 2712 ac
1532 2607 1755 2709 Pontificis
1792 2606 1928 2708 moni-

485 2752 539 2850 tis
577 2752 798 2894 minisque
834 2755 1107 2877 contemtis,
1140 2756 1296 2856 Gallici
1332 2754 1502 2898 generis
1538 2752 1701 2853 milites
1735 2751 1927 2853 urbere·

379 2913 381 2916 ’
486 2895 603 3035 cepit
651 2935 836 2997 numero
887 2902 942 3000 ad
995 2898 1324 3039 octingentos,
1362 2934 1404 3001 et
1455 2897 1622 3041 equites
1675 2897 1925 3011 nonnullos,

487 3036 646 3175 quibus
685 3039 892 3142 omnibus
927 3039 1137 3142 Thermcs
1173 3086 1225 3143 ex.
1259 3044 1425 3142 Galliae
1468 3036 1720 3183 proceribus
1757 3036 1925 3139 Henrici

486 3181 712 3282 voluntate
748 3219 940 3323 praeerat
978 3224 988 3283 ε
1025 3223 1129 3283 nam
1166 3227 1217 3285 ex
1252 3186 1408 3286 Italicis
1444 3185 1648 3329 peditum
1696 3184 1790 3282 duo
1837 3181 1924 3281 mil-

485 3321 568 3439 lia,
598 3361 640 3423 et
675 3329 842 3464 equites
879 3328 1057 3427 ducenti
1094 3328 1417 3471 quinquagmta
1452 3369 1559 3431 cum
1591 3322 1811 3470 praefecto
1842 3336 1926 3426 Ho-

489 3466 602 3564 ratio
640 3472 798 3569 eodem
835 3470 1036 3571 Famesio
1071 3510 1403 3595 convenerunt⁸
1442 3485 1594 3593 Quam
1629 3470 1928 3612 indignitatem

487 3610 633 3743 Julius
670 3610 871 3713 Pontifex
926 3606 1115 3715 minime
1161 3611 1383 3717 ferendam
1435 3653 1591 3735 ratus,
1641 3614 1832 3716 consilio
1866 3650 1929 3754 ptr

390 3818 392 3822 -
486 3750 645 3851 litteras
684 3757 939 3858 et'nunrios
977 3798 1081 3858 cum
1117 3761 1278 3861 Carol'o
1315 3772 1534 3880 Caesare,
1566 3762 1624 3859 ad
1659 3797 1797 3900 quem
1847 3793 1930 3897 pars

484 3892 668 4026 injuriae
697 3901 919 4037 'pertinere
955 3900 1220 4032 videbatur,
1260 3905 1632 4021 communicato,
1673 3902 1826 4001 statuit
1871 3895 1896 3999 f
1911 3959 1932 3982 -

485 4037 605 4138 cinus
644 4042 692 4140 in
720 4044 914 4142 Octavio
949 4053 1044 4178 jure
1081 4084 1172 4144 non
1199 4047 1371 4168 solum,
1395 4049 1469 4148 sed
1506 4046 1634 4149 armis
1669 4045 1806 4145 etiam
1842 4043 1931 4143 vin·

485 4182 655 4283 dicare.
711 4187 792 4286 Sed
830 4188 935 4328 quia
971 4187 1282 4293 Pontificatum
1339 4230 1474 4333 nuper
1509 4191 1704 4332 ingresso
1755 4186 1933 4331 pecunia

482 4320 530 4421 in
561 4327 848 4466 'stipendium
893 4371 992 4458 ‚non
1046 4332 1299 4473 suppetebat
1335 4411 1349 4455 ,
1387 4337 1648 4434 ducatorum
1707 4370 1938 4437 aureorum

483 4461 546 4562 bis
582 4507 757 4572 centum
812 4475 950 4575 millia
985 4515 1012 4574 a
1047 4479 1211 4576 Carolo
1232 4515 1474 4605 mutuatus.
1519 4478 1721 4619 peditum
1776 4512 1942 4619 septem

480 4608 648 4730 millia,
685 4652 728 4714 et
765 4620 932 4756 equites
969 4619 1143 4719 levioris
1180 4659 1417 4723 armaturae
1454 4623 1806 4763 quadringentos
1843 4633 1940 4720 coe-

478 4752 581 4890 git,
619 4790 663 4857 et
696 4754 779 4858 has
810 4763 958 4904 copias
995 4764 1164 4901 Joanni
1198 4768 1412 4908 Baptistae
1450 4768 1630 4870 Montio
1666 4760 1811 4868 fratris
1850 4764 1939 4865 filio

1885 4903 1935 5008 ad
