4124 5880
542 445 601 539 54
906 425 993 507 on
1039 423 1251 506 nunus
1295 420 1524 507 cnsrrs

492 631 634 760 quam
670 585 820 735 prius,
844 579 1084 745 explicari,
1107 618 1150 683 et
1185 622 1264 725 per
1299 624 1468 707 naves,
1504 618 1555 686 ut
1591 579 1639 686 in
1675 622 1837 730 magna
1872 588 1967 694 lae-

494 740 590 843 titia
625 770 670 839 et
706 726 993 895 gratulatione
1032 724 1129 830 fieri
1164 731 1308 855 solet,
1336 731 1572 835 accuratius
1608 730 1814 874 disponi·
1806 801 1817 843 ,
1838 742 1966 878 quod

423 943 425 947 <
497 881 691 986 facere
679 919 725 982 ιιι
769 914 990 1019 superlore
1026 908 1070 976 et
1107 876 1340 978 communi
1381 878 1673 1042 gratulatione
1696 918 1967 1045 numquam

499 1030 699 1131 animum
734 1020 1060 1143 induxerat,
1016 1020 1101 1123 msi
1138 1062 1295 1164 parce,
1321 1061 1452 1165 atque
1490 1023 1580 1144 ita,
1608 1061 1658 1125 ut
1692 1023 1859 1126 invitus
1894 1024 1967 1128 fa-

428 1202 432 1209 ·
495 1213 592 1277 cere
627 1171 891 1279 videreutr3
935 1207 1017 1269 nec
1062 1204 1164 1269 ante
1203 1169 1354 1270 Caroli
1405 1209 1458 1270 ex
1495 1181 1618 1271 Fossa
1656 1170 1857 1271 Mariana
1907 1175 1966 1276 ad

495 1358 626 1422 naves
656 1318 847 1419 reditum
881 1313 1022 1417 ullum
1056 1313 1160 1415 laeti
1196 1351 1241 1415 et
1275 1356 1302 1414 a
1336 1313 1499 1416 timore
1527 1352 1572 1416 et
1603 1314 1851 1458 suspicione
1889 1357 1967 1418 va·

499 1464 574 1564 cui
611 1463 752 1563 animi
790 1462 968 1606 signum
1019 1459 1198 1561 dederat
1248 1454 1559 1562 manifestum
1614 1472 1826 1601 Sequente
1862 1461 1971 1584 die,

497 1611 646 1711 sedato
681 1607 827 1727 mari,
867 1645 1007 1708 rursus
1043 1645 1176 1706 naves
1212 1606 1377 1720 solvit,
1402 1646 1551 1748 quae,
1579 1606 1738 1721 eodem
1776 1646 1969 1708 eurono

500 1791 551 1856 to
587 1793 706 1855 nunc
751 1752 967 1853 remissius
1003 1750 1164 1872 llante,
1200 1749 1301 1853 alias
1345 1749 1498 1851 flare
1486 1750 1837 1871 rntermittente,
1877 1788 1970 1853 ter

497 1899 566 2000 tio
601 1935 702 2039 post
737 1897 844 2017 die,
882 1895 961 2037 qui
1010 1889 1097 1995 fuit
1147 1897 1204 1997 ad
1259 1895 1441 1996 tertium
1490 1895 1713 1997 decimum
1748 1830 1968 1998 Kalendas

497 2043 724 2184 Augusti,
754 2081 907 2142 omnes
941 2039 1185 2140 incolumes
1219 2041 1510 2141 Barcinonem
1547 2076 1646 2140 sunt
1680 2041 1911 2182 appulsae
2006 2116 2014 2122 „

568 2195 757 2288 XXXII.
834 2198 1050 2288 Reversus
1091 2185 1138 2284 in
1174 2184 1440 2348 Hispaniam
1484 2183 1710 2305 Carolus,
1745 2187 1969 2287 Andream

495 2330 686 2434 Doriam
721 2369 825 2429 cum
860 2327 1109 2429 triremibus
1145 2329 1231 2428 suis
1267 2329 1314 2428 in
1349 2327 1521 2471 Italiam
1558 2369 1601 2431 et
1632 2262 1823 2432 Siciliam
1860 2369 1967 2469 pro

497 2512 679 2616 perare,
705 2469 1008 2613 bellumque
995 2510 1043 2572 ιιι
1076 2477 1244 2573 Turcas
1259 2468 1427 2614 ,prout
1464 2507 1557 2574 erat
1591 2472 1823 2575 communi
1859 2467 1963 2574 foe

500 2620 756 2718 deratorum
814 2615 1000 2716 consilio
1058 2616 1409 2735 constitutum,
1458 2617 1761 2719 administrare
1823 2614 1960 2750 jubet

497 2771 621 2864 Nam
671 2757 831 2899 hyeme
886 2760 1107 2904 superiore
1143 2761 1299 2862 Paulus
1352 2756 1558 2861 Pontifex
1610 2761 1891 2882 Maximus,
1927 2799 1972 2864 et

500 2905 681 3008 Carolus
732 2919 920 3024 Caesar,
957 2945 1006 3005 ac
1042 2918 1146 3007 Dux
1196 2917 1467 3067 Senatusque
1504 2915 1699 3008 Venetus
1751 2908 1972 3039 majurem

500 3046 726 3183 Solymani
760 3085 939 3148 motum
992 3083 1319 3186 exspectantes,
1350 3088 1523 3190 quippe
1558 3088 1696 3190 quem
1733 3047 1969 3151 constabat

500 3189 808 3332 ampliorem
797 3229 844 3290 tn
880 3190 972 3290 dies
1007 3188 1184 3292 classem
1171 3230 1510 3357 comparare,
1538 3187 1692 3294 foedus
1730 3231 1774 3293 et
1811 3194 1971 3296 amici-

503 3335 615 3437 tiam
650 3332 1000 3475 conspirantibus
1045 3332 1203 3436 animis
1254 3336 1441 3439 inierant
1491 3337 1547 3437 ad
1603 3334 1769 3438 bellum
1805 3339 1974 3440 Tucci

507 3519 611 3584 cum
648 3481 718 3584 vel
754 3480 1139 3643 propulsandum,
1174 3481 1275 3602 vel,
1315 3516 1447 3622 prout
1481 3480 1594 3582 ratio
1630 3520 1776 3584 rerum
1813 3521 1974 3624 posce-

505 3663 599 3747 ret,
638 3622 943 3729 inferendum
988 3625 1075 3726 His
1121 3624 1404 3789 potissimum
1454 3626 1626 3767 pactis,
1662 3663 1712 3728 ut
1765 3628 1975 3730 exercitus

504 3704 706 3912 peditum
742 3769 1070 3933 quinquaginta
1106 3768 1298 3874 millium
1332 3768 1648 3891 conficeretur,
1678 3809 1874 3911 quorum
1910 3814 1973 3874 es

505 3952 601 4016 sent
637 3915 847 4016 Germani
891 3912 1054 4057 viginti
1104 3914 1275 4035 millia,
1311 3914 1443 4015 ceteri
1492 3914 1684 4056 Hispani
1738 3948 1781 4014 et
1832 3915 1971 4017 Italici

508 4058 727 4205 generis,
754 4059 959 4202 equitum
995 4097 1101 4159 vero
1139 4095 1428 4201 quatuormr
1362 4057 1556 4159 millium
1593 4057 1977 4203 quingentorum,

509 4207 588 4369 qui
625 4245 744 4306 more
781 4203 1161 4348 cataphractorum
1196 4239 1359 4323 essent,
1385 4203 1460 4304 sed
1497 4202 1629 4344 paulo
1665 4206 1800 4308 levius
1835 4246 1978 4307 arma·
2001 4216 2004 4223 ’

509 4351 570 4451 ιι.
611 4351 876 4454 Praeterea
864 4391 912 4452 ιιι
948 4353 1126 4455 classem
1176 4349 1370 4453 triremes
1424 4351 1637 4453 ducentae
1686 4384 1978 4491 cogerentur,

512 4495 738 4597 onerariae
787 4538 917 4600 naves
971 4536 1185 4607 centum3
1220 4492 1446 4599 Praefectis
1463 4505 1660 4661 Joanne
1696 4493 1843 4594 Maria
1879 4506 1978 4597 Ur-¹

514 4637 719 4744 binatum
754 4654 918 4765 Duce,
955 4647 1034 4788 qui
1068 4682 1286 4748 summam
1322 4643 1522 4805 imperii
1537 4642 1585 4742 ιιι
1626 4642 1841 4806 pedestres
1893 4658 2006 4740 co-‘

512 4786 606 4930 pias
642 4785 906 4895 obtineret·
898 4858 910 4902 2
945 4824 988 4892 et
1022 4794 1198 4895 Andrea
1232 4789 1414 4910 Doria,
1411 4787 1528 4935 qui
1561 4788 1646 4892 toti
1680 4781 1833 4890 officio
1874 4821 1979 4884 ma

1918 4927 1979 5031 ri·
