4124 5880
546 413 604 503 a4
870 362 873 377 “
928 399 1010 482 ua:
1050 393 1257 477 susus
1297 393 1563 477 cestra.

508 555 798 693 Solymauum
833 552 1003 673 ivisse,
1038 553 1189 654 ceteris
1227 591 1270 652 se
1305 553 1360 651 ad
1403 589 1570 656 certum
1615 563 1784 691 tempus
1822 544 1971 690 operi-

508 701 581 821 ri,
617 737 660 801 et
695 698 781 801 hoc
832 734 1016 820 exact0‚
1051 700 1136 801 nisi
1171 734 1285 819 ante¹
1308 698 1378 798 vel
1428 698 1519 840 ipse
1555 694 1782 815 rediisset,
1817 694 1889 794 vel
1925 735 1972 794 a·

509 844 604 946 liud
641 845 890 987 quidquam
935 884 1010 987 per
1055 842 1402 986 chirographum
1445 845 1746 984 imperasset,
1778 841 1973 940 domum

511 1029 738 1132 properare
773 988 892 1123 jussis
915 1029 925 1088 :
947 1000 1138 1129 quoru'm
1173 1026 1275 1089 cum
1313 1020 1519 1089 neutrum
1553 978 1722 1086 factum
1758 1020 1895 1104 esset,
1919 1024 1972 1085 ac

512 1135 607 1276 plus
658 1134 793 1235 eriam
843 1131 1109 1272 ipsiGalli,
1146 1170 1282 1275 quam
1331 1130 1435 1266 jussi
1483 1126 1693 1250 fuerant,
1726 1165 1972 1272 exspectas·-

512 1314 651 1398 sent,
689 1316 790 1378 cum
841 1277 996 1377 decem
1045 1276 1128 1377 illis
1179 1274 1431 1377 triremibus
1465 1276 1694 1418 digressos
1746 1316 1789 1376 se
1840 1269 1974 1417 fugae

510 1423 775 1541 mandasse,
805 1455 935 1563 atque
972 1460 1099 1562 aegre
1132 1495 1150 1544 ‚
1188 1455 1231 1520 et
1266 1458 1432 1562 magno
1467 1418 1619 1522 labore
1666 1459 1716 1520 ac
1751 1417 1974 1562 remigum

514 1602 558 1666 et
594 1604 820 1667 nautarum
861 1564 1070 1709 singulari
1119 1564 1265 1664 studio
1317 1604 1450 1686 usos,
1486 1565 1583 1668 vim
1633 1563 1770 1665 classis
1805 1565 1974 1665 Turci-

514 1751 619 1831 cae,
646 1750 758 1851 quae
794 1712 911 1853 ipsos
945 1708 1190 1813 retrahendi
1227 1709 1366 1851 gratia
1401 1710 1598 1811 triduum
1633 1709 1825 1810 insecuta
1860 1703 1974 1809 liris-

515 1893 614 1975 set,
647 1853 868 1996 effugisse.
938 1907 971 1949 a
1511 1953 1514 1957 ,
1739 1950 1740 1958 Ν

495 2006 498 2015 ’
583 2008 664 2098 ΧΙ.
741 2002 864 2098 Haec
901 2032 943 2098 et
978 1998 1196 2101 aliatum
1232 1999 1415 2099 Carolus
1451 2039 1503 2098 ex
1540 1996 1673 2100 Gallis
1693 1995 1970 2138 accepisset,

383 2243 384 2247 a
513 2142 725 2284 postridie
762 2148 891 2256 mane
928 2141 1100 2245 liberari
1135 2182 1207 2242 eos
1244 2141 1405 2278 jubet,
1441 2177 1487 2268 et
1518 2181 1622 2245 cum
1658 2142 1743 2242 suis
1787 2139 1973 2243 navibus

515 2285 685 2385 dimitti
712 2288 1016 2430 ,eisdemque
1049 2327 1134 2388 vres
1185 2327 1335 2388 omnes
1386 2286 1544 2390 ablatas
1593 2284 1790 2388 restitui.
1843 2296 1940 2427 Ipse
1954 2364 1971 2407 ,

515 2425 689 2531 sublatis
736 2429 970 2551 anchoris,
1005 2433 1165 2533 eodem
1210 2432 1282 2532 die
1318 2432 1489 2574 vesperi
1523 2428 1777 2532 Stoechadas
1812 2427 1972 2529 insulas

516 2574 698 2694 tenuit,
735 2611 779 2675 et
814 2575 1022 2718 proximo
1063 2575 1136 2712 die
1179 2576 1430 2720 digressus,
1472 2610 1627 2718 quarta
1667 2572 1821 2716 vigilia
1863 2574 1972 2674 dua-

514 2755 616 2819 rum
651 2718 820 2820 circiter
854 2718 1058 2823 horarum
1090 2713 1238 2863 quiete
1276 2717 1515 2865 remigibus
1551 2721 1688 2838 dara,
1724 2759 1747 2819 e
1782 2718 1976 2822 Nicaeae

516 2862 696 3005 regione
732 2858 869 2965 factus
905 2901 999 2986 est,
1025 2901 1068 2968 et
1104 2904 1208 2967 cum
1242 2904 1406 3009 magna
1441 2862 1732 3009 gratulatione
1768 2899 1812 2964 et
1848 2863 1976 3006 plau-

518 3045 568 3106 su
603 3047 629 3106 a
665 3005 831 3109 diffusis
858 3049 937 3152 per
972 3009 1121 3112 littora
1147 3007 1433 3151 popularibus
1466 3045 1509 3113 et
1536 3005 1754 3109 militibus
1787 3008 1835 3109 in
1869 3046 1978 3149 por·

516 3185 612 3250 tum
650 3153 888 3275 Herculis,'
921 3153 1002 3295 qui
1036 3194 1154 3258 nunc
1190 3155 1476 3291 Villaesraacae
1527 3186 1837 3295 nuncupatur,
1876 3192 1979 3294 per-

518 3294 671 3409 venit,
700 3296 957 3438 quindecim
993 3299 1082 3402 dies
1119 3299 1167 3398 in
1203 3296 1360 3399 itinere
1395 3334 1619 3417 moratus,
1641 3335 1692 3395 ac
1726 3333 1879 3397 eorum
1916 3335 1976 3398 ne

516 3476 655 3540 unum
691 3442 876 3584 quidem
926 3482 1026 3543 usus
1078 3442 1241 3543 idonea
1291 3478 1580 3586 tempestates
1615 3441 1739 3584 quod
1789 3438 1978 3582 quidam

516 3582 566 3682 in
602 3594 738 3686 omen
774 3586 859 3718 (ut
881 3621 944 3688 est
972 3588 1287 3690 nonnullorum
1320 3587 1613 3730 superstitiosa
1644 3585 1840 3722 vanitas)
1878 3608 1979 3687 ver·

518 3760 657 3827 tentes
675 3776 700 3847 ,⁴
728 3724 967 3832 infaustum
1004 3732 1169 3834 exitum
1205 3733 1426 3856 consilio,
1462 3733 1587 3876 quod
1622 3730 1806 3832 Carolus
1851 3767 1978 3873 prae-¹

518 3902 582 3970 ter
618 3910 796 3972 suorum
833 3878 1086 3977 sententiam
1122 3877 1316 3999 iniisset,
1359 3877 1712 4023 augurabantur.

571 4024 667 4117 XII.
719 4019 902 4119 Carolus
937 4030 1143 4162 sequente
1181 4022 1280 4143 die,
1300 4028 1401 4123 cum
1431 4056 1538 4123 esset
1563 4019 1815 4121 nuntiatum
1833 4098 1846 4140 ,
1864 4027 1977 4122 Pau-

514 4155 609 4260 lum
664 4159 926 4264 Pontificem
976 4167 1229 4267 Maximum
1284 4177 1375 4300 jam
1425 4180 1643 4267 Savonam
1693 4165 1978 4308 pervenisse,

514 4303 769 4442 quindecim
806 4309 998 4411 triremes
1042 4314 1200 4412 eodem
1236 4310 1371 4411 mittit
1414 4312 1470 4412 ad
1493 4310 1661 4452 ipsum
1697 4348 1739 4411 et
1781 4307 1978 4409 comita-

514 4482 648 4567 tum,
685 4449 734 4549 in
770 4491 863 4591 quo
898 4455 1099 4595 plerique
1134 4456 1387 4560 Cardinales
1424 4492 1579 4578 etant,
1609 4452 1884 4571 tollendum,
1922 4493 1979 4556 ac

513 4626 614 4728 post
639 4592 730 4691 dies
766 4633 929 4737 septem
960 4601 1154 4700 venienti
1178 4602 1419 4700 Fernandus
1455 4601 1664 4715 Tolerus,
1690 4595 1975 4699 Albanorum

511 4742 651 4850 Dux,
688 4774 790 4836 cum
826 4741 978 4842 ceteris
1015 4741 1226 4847 omnibus
1264 4742 1515 4847 triremibus
1551 4743 1744 4864 missus,
1788 4739 1975 4844 obviarn

1785 5037 1789 5044 .
1859 4923 1973 5026 pro-
