<?xml version="1.0" encoding="UTF-8"?>
<!DOCTYPE html PUBLIC "-//W3C//DTD XHTML 1.0 Transitional//EN"
    "http://www.w3.org/TR/xhtml1/DTD/xhtml1-transitional.dtd">
<html xmlns="http://www.w3.org/1999/xhtml" xml:lang="en" lang="en">
 <head>
  <title>
</title>
<meta http-equiv="Content-Type" content="text/html;charset=utf-8" />
  <meta name='ocr-system' content='tesseract 3.04.00' />
  <meta name='ocr-capabilities' content='ocr_page ocr_carea ocr_par ocr_line ocrx_word'/>
</head>
<body>
  <div class='ocr_page' id='page_1' title='image "./joannisgenesiis00sepgoog_0322.png"; bbox 0 0 4192 5858; ppageno 0'>
   <div class='ocr_carea' id='block_1_1' title="bbox 498 334 1492 504">
    <p class='ocr_par' dir='ltr' id='par_1_1' title="bbox 498 334 1492 504">
     <span class='ocr_line' id='line_1_1' title="bbox 498 334 1492 504; baseline -0.001 -28"><span class='ocrx_word' id='word_1_1' title='bbox 498 415 578 504; x_wconf 81' lang='lat'>300</span> <span class='ocrx_word' id='word_1_2' title='bbox 883 395 969 477; x_wconf 79' lang='lat' dir='ltr'>ua</span> <span class='ocrx_word' id='word_1_3' title='bbox 1016 334 1223 475; x_wconf 75' lang='lat' dir='ltr'>nauus</span> <span class='ocrx_word' id='word_1_4' title='bbox 1270 389 1492 476; x_wconf 80' lang='lat' dir='ltr'>cnsrrs</span> 
     </span>
    </p>
   </div>
   <div class='ocr_carea' id='block_1_2' title="bbox 437 546 2060 4976">
    <p class='ocr_par' dir='ltr' id='par_1_2' title="bbox 437 546 1932 2416">
     <span class='ocr_line' id='line_1_2' title="bbox 454 546 1932 697; baseline -0.005 -35"><span class='ocrx_word' id='word_1_5' title='bbox 454 555 615 662; x_wconf 89' lang='lat' dir='ltr'>mentis</span> <span class='ocrx_word' id='word_1_6' title='bbox 664 552 986 691; x_wconf 83' lang='lat' dir='ltr'><strong>tormentisque</strong></span> <span class='ocrx_word' id='word_1_7' title='bbox 1036 549 1313 697; x_wconf 86' lang='lat' dir='ltr'>gravioribus</span> <span class='ocrx_word' id='word_1_8' title='bbox 1365 546 1606 694; x_wconf 79' lang='lat' dir='ltr'>praemissis</span> <span class='ocrx_word' id='word_1_9' title='bbox 1642 627 1657 670; x_wconf 98' lang='lat'>,</span> <span class='ocrx_word' id='word_1_10' title='bbox 1707 553 1763 653; x_wconf 90' lang='lat' dir='ltr'>de</span> <span class='ocrx_word' id='word_1_11' title='bbox 1800 549 1932 655; x_wconf 88' lang='lat' dir='ltr'>tertia</span> 
     </span>
     <span class='ocr_line' id='line_1_3' title="bbox 437 692 1925 844; baseline -0.002 -42"><span class='ocrx_word' id='word_1_12' title='bbox 437 701 616 844; x_wconf 84' lang='lat' dir='ltr'>¹vigilia</span> <span class='ocrx_word' id='word_1_13' title='bbox 667 697 809 800; x_wconf 90' lang='lat' dir='ltr'>castris</span> <span class='ocrx_word' id='word_1_14' title='bbox 860 697 1135 798; x_wconf 84' lang='lat' dir='ltr'>discesserant</span> <span class='ocrx_word' id='word_1_15' title='bbox 1170 774 1185 817; x_wconf 98' lang='lat'>,</span> <span class='ocrx_word' id='word_1_16' title='bbox 1216 695 1305 797; x_wconf 91' lang='lat' dir='ltr'>hoc</span> <span class='ocrx_word' id='word_1_17' title='bbox 1355 697 1510 796; x_wconf 87' lang='lat' dir='ltr'>ordine</span> <span class='ocrx_word' id='word_1_18' title='bbox 1564 692 1925 799; x_wconf 85' lang='lat' dir='ltr'>contendebant:</span> 
     </span>
     <span class='ocr_line' id='line_1_4' title="bbox 462 839 1927 988; baseline -0.002 -43"><span class='ocrx_word' id='word_1_19' title='bbox 462 848 656 988; x_wconf 89' lang='lat' dir='ltr'>pedestre</span> <span class='ocrx_word' id='word_1_20' title='bbox 693 879 853 984; x_wconf 86' lang='lat' dir='ltr'>agmen</span> <span class='ocrx_word' id='word_1_21' title='bbox 889 841 1108 980; x_wconf 86' lang='lat' dir='ltr'>equitatus</span> <span class='ocrx_word' id='word_1_22' title='bbox 1143 880 1247 942; x_wconf 89' lang='lat' dir='ltr'>curn</span> <span class='ocrx_word' id='word_1_23' title='bbox 1286 839 1525 965; x_wconf 88' lang='lat' dir='ltr'>levioribus</span> <span class='ocrx_word' id='word_1_24' title='bbox 1577 841 1809 940; x_wconf 90' lang='lat' dir='ltr'>tormentis</span> <span class='ocrx_word' id='word_1_25' title='bbox 1843 881 1927 942; x_wconf 93' lang='lat' dir='ltr'>co-</span> 
     </span>
     <span class='ocr_line' id='line_1_5' title="bbox 465 983 1931 1132; baseline -0.002 -43"><span class='ocrx_word' id='word_1_26' title='bbox 465 989 599 1132; x_wconf 88' lang='lat' dir='ltr'>gebat</span> <span class='ocrx_word' id='word_1_27' title='bbox 632 1064 647 1108; x_wconf 91' lang='lat'>,</span> <span class='ocrx_word' id='word_1_28' title='bbox 699 984 1003 1128; x_wconf 87' lang='lat' dir='ltr'>praesidioque</span> <span class='ocrx_word' id='word_1_29' title='bbox 1052 1020 1142 1087; x_wconf 89' lang='lat' dir='ltr'>etat</span> <span class='ocrx_word' id='word_1_30' title='bbox 1158 994 1175 1083; x_wconf 80' lang='grc'>.’</span> <span class='ocrx_word' id='word_1_31' title='bbox 1234 994 1386 1124; x_wconf 90' lang='lat' dir='ltr'>ltaque</span> <span class='ocrx_word' id='word_1_32' title='bbox 1441 983 1678 1084; x_wconf 91' lang='lat' dir='ltr'>commisso</span> <span class='ocrx_word' id='word_1_33' title='bbox 1738 986 1931 1125; x_wconf 87' lang='lat' dir='ltr'>equestri</span> 
     </span>
     <span class='ocr_line' id='line_1_6' title="bbox 461 1126 1930 1274; baseline -0.003 -42"><span class='ocrx_word' id='word_1_34' title='bbox 461 1131 661 1274; x_wconf 88' lang='lat' dir='ltr'>praeli0,</span> <span class='ocrx_word' id='word_1_35' title='bbox 697 1129 837 1230; x_wconf 89' lang='lat' dir='ltr'>nihilo</span> <span class='ocrx_word' id='word_1_36' title='bbox 876 1129 1008 1227; x_wconf 88' lang='lat' dir='ltr'>secius</span> <span class='ocrx_word' id='word_1_37' title='bbox 1055 1166 1216 1270; x_wconf 86' lang='lat' dir='ltr'>agmen</span> <span class='ocrx_word' id='word_1_38' title='bbox 1268 1126 1578 1267; x_wconf 88' lang='lat' dir='ltr'>procedebat,</span> <span class='ocrx_word' id='word_1_39' title='bbox 1609 1163 1652 1226; x_wconf 90' lang='lat' dir='ltr'>et</span> <span class='ocrx_word' id='word_1_40' title='bbox 1685 1128 1742 1226; x_wconf 89' lang='lat' dir='ltr'>ad</span> <span class='ocrx_word' id='word_1_41' title='bbox 1791 1167 1930 1228; x_wconf 88' lang='lat' dir='ltr'>mon-</span> 
     </span>
     <span class='ocr_line' id='line_1_7' title="bbox 461 1270 1928 1415; baseline -0.003 -39"><span class='ocrx_word' id='word_1_42' title='bbox 461 1311 588 1394; x_wconf 89' lang='lat' dir='ltr'>tem,</span> <span class='ocrx_word' id='word_1_43' title='bbox 623 1313 759 1415; x_wconf 91' lang='lat' dir='ltr'>quem</span> <span class='ocrx_word' id='word_1_44' title='bbox 814 1270 1035 1411; x_wconf 84' lang='lat' dir='ltr'>dispositis</span> <span class='ocrx_word' id='word_1_45' title='bbox 1079 1270 1310 1371; x_wconf 89' lang='lat' dir='ltr'>tormentis</span> <span class='ocrx_word' id='word_1_46' title='bbox 1361 1306 1721 1410; x_wconf 86' lang='lat' dir='ltr'>occupaverant,</span> <span class='ocrx_word' id='word_1_47' title='bbox 1759 1309 1928 1412; x_wconf 88' lang='lat' dir='ltr'>prope-</span> 
     </span>
     <span class='ocr_line' id='line_1_8' title="bbox 463 1413 1931 1556; baseline -0.005 -34"><span class='ocrx_word' id='word_1_48' title='bbox 463 1418 617 1522; x_wconf 82' lang='lat' dir='ltr'>rabat.</span> <span class='ocrx_word' id='word_1_49' title='bbox 675 1428 781 1516; x_wconf 90' lang='lat' dir='ltr'>Hoc</span> <span class='ocrx_word' id='word_1_50' title='bbox 818 1455 911 1556; x_wconf 94' lang='lat' dir='ltr'>quo</span> <span class='ocrx_word' id='word_1_51' title='bbox 966 1414 1106 1516; x_wconf 88' lang='lat' dir='ltr'>fieret</span> <span class='ocrx_word' id='word_1_52' title='bbox 1137 1413 1418 1556; x_wconf 88' lang='lat' dir='ltr'>expeditius,</span> <span class='ocrx_word' id='word_1_53' title='bbox 1449 1415 1696 1516; x_wconf 83' lang='lat' dir='ltr'>citeriorem</span> <span class='ocrx_word' id='word_1_54' title='bbox 1746 1415 1931 1515; x_wconf 89' lang='lat' dir='ltr'>collicu-</span> 
     </span>
     <span class='ocr_line' id='line_1_9' title="bbox 466 1558 1930 1700; baseline -0.003 -37"><span class='ocrx_word' id='word_1_55' title='bbox 466 1564 574 1669; x_wconf 93' lang='lat' dir='ltr'>lum</span> <span class='ocrx_word' id='word_1_56' title='bbox 599 1560 719 1662; x_wconf 90' lang='lat' dir='ltr'>mille</span> <span class='ocrx_word' id='word_1_57' title='bbox 755 1558 1047 1700; x_wconf 84' lang='lat' dir='ltr'>scloppetariis</span> <span class='ocrx_word' id='word_1_58' title='bbox 1096 1559 1413 1667; x_wconf 62' lang='lat' dir='ltr'>muniverant,</span> <span class='ocrx_word' id='word_1_59' title='bbox 1450 1560 1524 1658; x_wconf 89' lang='lat' dir='ltr'>scd</span> <span class='ocrx_word' id='word_1_60' title='bbox 1575 1599 1630 1658; x_wconf 91' lang='lat' dir='ltr'>eo</span> <span class='ocrx_word' id='word_1_61' title='bbox 1667 1559 1930 1659; x_wconf 86' lang='lat' dir='ltr'>Caesarianis</span> 
     </span>
     <span class='ocr_line' id='line_1_10' title="bbox 467 1699 1928 1846; baseline -0.003 -40"><span class='ocrx_word' id='word_1_62' title='bbox 467 1702 690 1846; x_wconf 86' lang='lat' dir='ltr'>equitibus</span> <span class='ocrx_word' id='word_1_63' title='bbox 742 1699 1047 1819; x_wconf 88' lang='lat' dir='ltr'>accedentibus</span> <span class='ocrx_word' id='word_1_64' title='bbox 1095 1703 1282 1820; x_wconf 89' lang='lat' dir='ltr'>relicto,</span> <span class='ocrx_word' id='word_1_65' title='bbox 1318 1741 1470 1802; x_wconf 87' lang='lat' dir='ltr'>ornnes</span> <span class='ocrx_word' id='word_1_66' title='bbox 1521 1700 1701 1822; x_wconf 91' lang='lat' dir='ltr'>monti,</span> <span class='ocrx_word' id='word_1_67' title='bbox 1736 1701 1791 1801; x_wconf 90' lang='lat' dir='ltr'>de</span> <span class='ocrx_word' id='word_1_68' title='bbox 1833 1741 1928 1842; x_wconf 92' lang='lat' dir='ltr'>quo</span> 
     </span>
     <span class='ocr_line' id='line_1_11' title="bbox 464 1845 1928 1989; baseline -0.003 -38"><span class='ocrx_word' id='word_1_69' title='bbox 464 1847 797 1967; x_wconf 88' lang='lat' dir='ltr'>demonstravi,</span> <span class='ocrx_word' id='word_1_70' title='bbox 833 1863 910 1989; x_wconf 88' lang='lat' dir='ltr'>per</span> <span class='ocrx_word' id='word_1_71' title='bbox 945 1845 1218 1977; x_wconf 82' lang='lat' dir='ltr'>interjectam</span> <span class='ocrx_word' id='word_1_72' title='bbox 1253 1846 1443 1946; x_wconf 90' lang='lat' dir='ltr'>duorum</span> <span class='ocrx_word' id='word_1_73' title='bbox 1478 1845 1669 1946; x_wconf 92' lang='lat' dir='ltr'>millium</span> <span class='ocrx_word' id='word_1_74' title='bbox 1721 1883 1928 1984; x_wconf 88' lang='lat' dir='ltr'>passuum</span> 
     </span>
     <span class='ocr_line' id='line_1_12' title="bbox 463 1988 1928 2135; baseline -0.003 -45"><span class='ocrx_word' id='word_1_75' title='bbox 463 1991 694 2135; x_wconf 88' lang='lat' dir='ltr'>planitiem</span> <span class='ocrx_word' id='word_1_76' title='bbox 731 1991 954 2091; x_wconf 88' lang='lat' dir='ltr'>succedere</span> <span class='ocrx_word' id='word_1_77' title='bbox 990 2025 1308 2130; x_wconf 85' lang='lat' dir='ltr'>properarunt,</span> <span class='ocrx_word' id='word_1_78' title='bbox 1349 2023 1393 2089; x_wconf 90' lang='lat' dir='ltr'>et</span> <span class='ocrx_word' id='word_1_79' title='bbox 1428 2001 1530 2090; x_wconf 89' lang='lat' dir='ltr'>Dux</span> <span class='ocrx_word' id='word_1_80' title='bbox 1566 1988 1761 2090; x_wconf 87' lang='lat' dir='ltr'>Albanus</span> <span class='ocrx_word' id='word_1_81' title='bbox 1803 1988 1928 2087; x_wconf 86' lang='lat' dir='ltr'>colli-</span> 
     </span>
     <span class='ocr_line' id='line_1_13' title="bbox 463 2131 1930 2276; baseline -0.002 -41"><span class='ocrx_word' id='word_1_82' title='bbox 463 2136 614 2238; x_wconf 88' lang='lat' dir='ltr'>culum</span> <span class='ocrx_word' id='word_1_83' title='bbox 650 2134 883 2276; x_wconf 86' lang='lat' dir='ltr'>occupavit</span> <span class='ocrx_word' id='word_1_84' title='bbox 901 2173 916 2251; x_wconf 79' lang='lat'>3</span> <span class='ocrx_word' id='word_1_85' title='bbox 936 2172 1029 2273; x_wconf 91' lang='lat' dir='ltr'>quo</span> <span class='ocrx_word' id='word_1_86' title='bbox 1065 2133 1249 2234; x_wconf 89' lang='lat' dir='ltr'>Carolus</span> <span class='ocrx_word' id='word_1_87' title='bbox 1287 2171 1561 2274; x_wconf 87' lang='lat' dir='ltr'>progressus,</span> <span class='ocrx_word' id='word_1_88' title='bbox 1588 2172 1691 2233; x_wconf 91' lang='lat' dir='ltr'>cum</span> <span class='ocrx_word' id='word_1_89' title='bbox 1726 2131 1930 2234; x_wconf 88' lang='lat' dir='ltr'>animad-</span> 
     </span>
     <span class='ocr_line' id='line_1_14' title="bbox 464 2274 1929 2416; baseline -0.005 -36"><span class='ocrx_word' id='word_1_90' title='bbox 464 2315 686 2399; x_wconf 87' lang='lat' dir='ltr'>verteret,</span> <span class='ocrx_word' id='word_1_91' title='bbox 724 2277 869 2379; x_wconf 90' lang='lat' dir='ltr'>hostes</span> <span class='ocrx_word' id='word_1_92' title='bbox 905 2276 953 2377; x_wconf 88' lang='lat' dir='ltr'>in</span> <span class='ocrx_word' id='word_1_93' title='bbox 987 2280 1168 2408; x_wconf 89' lang='lat' dir='ltr'>objecto</span> <span class='ocrx_word' id='word_1_94' title='bbox 1205 2274 1315 2376; x_wconf 91' lang='lat' dir='ltr'>colle</span> <span class='ocrx_word' id='word_1_95' title='bbox 1360 2275 1508 2379; x_wconf 90' lang='lat' dir='ltr'>multis</span> <span class='ocrx_word' id='word_1_96' title='bbox 1544 2274 1721 2416; x_wconf 84' lang='lat' dir='ltr'>ignibus</span> <span class='ocrx_word' id='word_1_97' title='bbox 1775 2313 1929 2376; x_wconf 91' lang='lat' dir='ltr'>accen-</span> 
     </span>
    </p>

    <p class='ocr_par' dir='ltr' id='par_1_3' title="bbox 467 2415 2060 3710">
     <span class='ocr_line' id='line_1_15' title="bbox 467 2415 1931 2566; baseline -0.003 -45"><span class='ocrx_word' id='word_1_98' title='bbox 467 2421 524 2522; x_wconf 90' lang='lat' dir='ltr'>sis</span> <span class='ocrx_word' id='word_1_99' title='bbox 559 2458 693 2523; x_wconf 91' lang='lat' dir='ltr'>castta</span> <span class='ocrx_word' id='word_1_100' title='bbox 736 2439 936 2566; x_wconf 86' lang='lat' dir='ltr'>ponere,</span> <span class='ocrx_word' id='word_1_101' title='bbox 971 2436 1015 2519; x_wconf 87' lang='lat' dir='ltr'>et</span> <span class='ocrx_word' id='word_1_102' title='bbox 1050 2428 1159 2552; x_wconf 80' lang='lat' dir='ltr'>jam‘</span> <span class='ocrx_word' id='word_1_103' title='bbox 1194 2454 1300 2523; x_wconf 86' lang='lat' dir='ltr'>esset</span> <span class='ocrx_word' id='word_1_104' title='bbox 1349 2457 1493 2520; x_wconf 88' lang='lat' dir='ltr'>serum</span> <span class='ocrx_word' id='word_1_105' title='bbox 1543 2419 1666 2540; x_wconf 88' lang='lat' dir='ltr'>diei,</span> <span class='ocrx_word' id='word_1_106' title='bbox 1701 2415 1931 2519; x_wconf 87' lang='lat' dir='ltr'>Albanum</span> 
     </span>
     <span class='ocr_line' id='line_1_16' title="bbox 468 2561 1930 2707; baseline -0.003 -42"><span class='ocrx_word' id='word_1_107' title='bbox 468 2561 773 2707; x_wconf 86' lang='lat' dir='ltr'>jubet,quem</span> <span class='ocrx_word' id='word_1_108' title='bbox 809 2563 958 2664; x_wconf 90' lang='lat' dir='ltr'>locum</span> <span class='ocrx_word' id='word_1_109' title='bbox 993 2563 1138 2664; x_wconf 85' lang='lat' dir='ltr'>castris</span> <span class='ocrx_word' id='word_1_110' title='bbox 1173 2562 1388 2665; x_wconf 91' lang='lat' dir='ltr'>idoneum</span> <span class='ocrx_word' id='word_1_111' title='bbox 1424 2599 1629 2705; x_wconf 89' lang='lat' dir='ltr'>ceperat,</span> <span class='ocrx_word' id='word_1_112' title='bbox 1659 2601 1765 2661; x_wconf 92' lang='lat' dir='ltr'>cum</span> <span class='ocrx_word' id='word_1_113' title='bbox 1801 2561 1930 2703; x_wconf 86' lang='lat' dir='ltr'>equi-</span> 
     </span>
     <span class='ocr_line' id='line_1_17' title="bbox 467 2703 1931 2848; baseline -0.003 -38"><span class='ocrx_word' id='word_1_114' title='bbox 467 2742 561 2819; x_wconf 89' lang='lat' dir='ltr'>tatu</span> <span class='ocrx_word' id='word_1_115' title='bbox 598 2743 642 2809; x_wconf 88' lang='lat' dir='ltr'>et</span> <span class='ocrx_word' id='word_1_116' title='bbox 679 2707 1070 2848; x_wconf 90' lang='lat' dir='ltr'>scloppetariotum</span> <span class='ocrx_word' id='word_1_117' title='bbox 1107 2746 1246 2808; x_wconf 87' lang='lat' dir='ltr'>manu</span> <span class='ocrx_word' id='word_1_118' title='bbox 1282 2707 1432 2826; x_wconf 87' lang='lat' dir='ltr'>tueri,</span> <span class='ocrx_word' id='word_1_119' title='bbox 1467 2747 1597 2848; x_wconf 89' lang='lat' dir='ltr'>seque</span> <span class='ocrx_word' id='word_1_120' title='bbox 1631 2703 1803 2806; x_wconf 88' lang='lat' dir='ltr'>ibidem</span> <span class='ocrx_word' id='word_1_121' title='bbox 1857 2746 1931 2808; x_wconf 85' lang='lat' dir='ltr'>ex·</span> 
     </span>
     <span class='ocr_line' id='line_1_18' title="bbox 468 2848 2060 2994; baseline -0.003 -42"><span class='ocrx_word' id='word_1_122' title='bbox 468 2880 688 2994; x_wconf 77' lang='lat' dir='ltr'>spectare,</span> <span class='ocrx_word' id='word_1_123' title='bbox 728 2864 858 2992; x_wconf 85' lang='lat' dir='ltr'>lpse,</span> <span class='ocrx_word' id='word_1_124' title='bbox 896 2852 1071 2952; x_wconf 87' lang='lat' dir='ltr'>ineunte</span> <span class='ocrx_word' id='word_1_125' title='bbox 1107 2850 1267 2990; x_wconf 53' lang='lat' dir='ltr'>prima&gt;</span> <span class='ocrx_word' id='word_1_126' title='bbox 1285 2850 1439 2992; x_wconf 84' lang='lat' dir='ltr'>vigilia</span> <span class='ocrx_word' id='word_1_127' title='bbox 1473 2926 1488 2970; x_wconf 94' lang='lat'>,</span> <span class='ocrx_word' id='word_1_128' title='bbox 1524 2889 1626 2951; x_wconf 92' lang='lat' dir='ltr'>cum</span> <span class='ocrx_word' id='word_1_129' title='bbox 1680 2848 1829 2989; x_wconf 88' lang='lat' dir='ltr'>paucis</span> <span class='ocrx_word' id='word_1_130' title='bbox 1882 2889 1933 2948; x_wconf 89' lang='lat' dir='ltr'>e·</span> <span class='ocrx_word' id='word_1_131' title='bbox 2057 2922 2060 2933; x_wconf 77' lang='lat'>·</span> 
     </span>
     <span class='ocr_line' id='line_1_19' title="bbox 468 2989 2060 3136; baseline -0.002 -43"><span class='ocrx_word' id='word_1_132' title='bbox 468 2993 669 3136; x_wconf 77' lang='lat' dir='ltr'>quiribus</span> <span class='ocrx_word' id='word_1_133' title='bbox 706 2994 756 3093; x_wconf 91' lang='lat' dir='ltr'>in</span> <span class='ocrx_word' id='word_1_134' title='bbox 792 3032 929 3136; x_wconf 80' lang='lat' dir='ltr'>castra</span> <span class='ocrx_word' id='word_1_135' title='bbox 965 2994 1120 3113; x_wconf 87' lang='lat' dir='ltr'>redit,</span> <span class='ocrx_word' id='word_1_136' title='bbox 1165 3033 1353 3134; x_wconf 89' lang='lat' dir='ltr'>eamque</span> <span class='ocrx_word' id='word_1_137' title='bbox 1389 3031 1540 3095; x_wconf 90' lang='lat' dir='ltr'>curam</span> <span class='ocrx_word' id='word_1_138' title='bbox 1571 3027 1620 3097; x_wconf 64' lang='lat' dir='ltr'>,et</span> <span class='ocrx_word' id='word_1_139' title='bbox 1655 2989 1931 3134; x_wconf 84' lang='lat' dir='ltr'>diligentiam</span> <span class='ocrx_word' id='word_1_140' title='bbox 2042 3084 2060 3101; x_wconf 73' lang='grc'>,</span> 
     </span>
     <span class='ocr_line' id='line_1_20' title="bbox 471 3132 2060 3279; baseline 0.002 -41"><span class='ocrx_word' id='word_1_141' title='bbox 471 3133 714 3254; x_wconf 87' lang='lat' dir='ltr'>adhibuit,</span> <span class='ocrx_word' id='word_1_142' title='bbox 733 3172 805 3237; x_wconf 42' lang='lat' dir='ltr'>,ut</span> <span class='ocrx_word' id='word_1_143' title='bbox 826 3167 926 3242; x_wconf 86' lang='lat' dir='ltr'>ante</span> <span class='ocrx_word' id='word_1_144' title='bbox 962 3132 1211 3237; x_wconf 78' lang='lat' dir='ltr'>confectam</span> <span class='ocrx_word' id='word_1_145' title='bbox 1249 3138 1422 3237; x_wconf 89' lang='lat' dir='ltr'>tertiam</span> <span class='ocrx_word' id='word_1_146' title='bbox 1459 3137 1659 3279; x_wconf 89' lang='lat' dir='ltr'>vigiliam</span> <span class='ocrx_word' id='word_1_147' title='bbox 1696 3135 1932 3236; x_wconf 88' lang='lat' dir='ltr'>exercitum</span> <span class='ocrx_word' id='word_1_148' title='bbox 2015 3193 2060 3241; x_wconf 76' lang='grc' dir='ltr'>,ι</span> 
     </span>
     <span class='ocr_line' id='line_1_21' title="bbox 468 3278 2060 3418; baseline -0.004 -37"><span class='ocrx_word' id='word_1_149' title='bbox 468 3319 574 3381; x_wconf 90' lang='lat' dir='ltr'>curn</span> <span class='ocrx_word' id='word_1_150' title='bbox 610 3280 843 3381; x_wconf 90' lang='lat' dir='ltr'>tormentis</span> <span class='ocrx_word' id='word_1_151' title='bbox 881 3282 928 3379; x_wconf 90' lang='lat' dir='ltr'>in</span> <span class='ocrx_word' id='word_1_152' title='bbox 965 3281 1115 3382; x_wconf 89' lang='lat' dir='ltr'>locum</span> <span class='ocrx_word' id='word_1_153' title='bbox 1150 3278 1277 3383; x_wconf 90' lang='lat' dir='ltr'>illum</span> <span class='ocrx_word' id='word_1_154' title='bbox 1333 3280 1477 3381; x_wconf 87' lang='lat' dir='ltr'>castris</span> <span class='ocrx_word' id='word_1_155' title='bbox 1512 3280 1780 3381; x_wconf 88' lang='lat' dir='ltr'>destinatum</span> <span class='ocrx_word' id='word_1_156' title='bbox 1831 3315 1932 3418; x_wconf 88' lang='lat' dir='ltr'>per·</span> <span class='ocrx_word' id='word_1_157' title='bbox 1996 3341 2060 3358; x_wconf 91' lang='lat'>-</span> 
     </span>
     <span class='ocr_line' id='line_1_22' title="bbox 468 3421 2060 3565; baseline -0.003 -40"><span class='ocrx_word' id='word_1_158' title='bbox 468 3427 678 3542; x_wconf 87' lang='lat' dir='ltr'>duceret,</span> <span class='ocrx_word' id='word_1_159' title='bbox 714 3423 968 3523; x_wconf 88' lang='lat' dir='ltr'>densissima</span> <span class='ocrx_word' id='word_1_160' title='bbox 1004 3421 1165 3523; x_wconf 88' lang='lat' dir='ltr'>nebula</span> <span class='ocrx_word' id='word_1_161' title='bbox 1200 3424 1341 3524; x_wconf 90' lang='lat' dir='ltr'>noctis</span> <span class='ocrx_word' id='word_1_162' title='bbox 1378 3422 1575 3524; x_wconf 86' lang='lat' dir='ltr'>tenebras</span> <span class='ocrx_word' id='word_1_163' title='bbox 1624 3456 1812 3565; x_wconf 88' lang='lat' dir='ltr'>augente</span> <span class='ocrx_word' id='word_1_164' title='bbox 1842 3499 1860 3541; x_wconf 95' lang='lat'>,</span> <span class='ocrx_word' id='word_1_165' title='bbox 1890 3455 2060 3521; x_wconf 69' lang='lat' dir='ltr'>eta</span> 
     </span>
     <span class='ocr_line' id='line_1_23' title="bbox 467 3562 1663 3710; baseline -0.003 -38"><span class='ocrx_word' id='word_1_166' title='bbox 467 3565 728 3672; x_wconf 87' lang='lat' dir='ltr'>mortalibus</span> <span class='ocrx_word' id='word_1_167' title='bbox 765 3565 1153 3669; x_wconf 87' lang='lat' dir='ltr'>vehementissimo</span> <span class='ocrx_word' id='word_1_168' title='bbox 1188 3562 1355 3710; x_wconf 84' lang='lat' dir='ltr'>frigore</span> <span class='ocrx_word' id='word_1_169' title='bbox 1393 3564 1663 3709; x_wconf 87' lang='lat' dir='ltr'>rigentibus.</span> 
     </span>
    </p>

    <p class='ocr_par' dir='ltr' id='par_1_4' title="bbox 463 3705 2060 4869">
     <span class='ocr_line' id='line_1_24' title="bbox 502 3705 2060 3853; baseline 0.003 -49"><span class='ocrx_word' id='word_1_170' title='bbox 502 3719 720 3813; x_wconf 85' lang='lat' dir='ltr'>XLVll.</span> <span class='ocrx_word' id='word_1_171' title='bbox 796 3721 959 3811; x_wconf 92' lang='lat' dir='ltr'>Hostes</span> <span class='ocrx_word' id='word_1_172' title='bbox 995 3750 1140 3830; x_wconf 90' lang='lat' dir='ltr'>vero,</span> <span class='ocrx_word' id='word_1_173' title='bbox 1179 3705 1479 3853; x_wconf 85' lang='lat' dir='ltr'>frequentibus</span> <span class='ocrx_word' id='word_1_174' title='bbox 1515 3707 1691 3851; x_wconf 87' lang='lat' dir='ltr'>ignibus</span> <span class='ocrx_word' id='word_1_175' title='bbox 1726 3710 1783 3808; x_wconf 88' lang='lat' dir='ltr'>ad</span> <span class='ocrx_word' id='word_1_176' title='bbox 1833 3747 2060 3849; x_wconf 79' lang='lat' dir='ltr'>spe--</span> 
     </span>
     <span class='ocr_line' id='line_1_25' title="bbox 468 3849 2009 3995; baseline -0.001 -42"><span class='ocrx_word' id='word_1_177' title='bbox 468 3853 584 3956; x_wconf 89' lang='lat' dir='ltr'>ciem</span> <span class='ocrx_word' id='word_1_178' title='bbox 620 3849 784 3978; x_wconf 87' lang='lat' dir='ltr'>factis,</span> <span class='ocrx_word' id='word_1_179' title='bbox 820 3854 988 3956; x_wconf 91' lang='lat' dir='ltr'>nullam</span> <span class='ocrx_word' id='word_1_180' title='bbox 1034 3890 1227 3995; x_wconf 62' lang='lat' dir='ltr'>partem,</span> <span class='ocrx_word' id='word_1_181' title='bbox 1256 3854 1396 3956; x_wconf 87' lang='lat' dir='ltr'>noctis</span> <span class='ocrx_word' id='word_1_182' title='bbox 1447 3854 1603 3969; x_wconf 89' lang='lat' dir='ltr'>itinere</span> <span class='ocrx_word' id='word_1_183' title='bbox 1654 3851 1906 3955; x_wconf 90' lang='lat' dir='ltr'>intermisso</span> <span class='ocrx_word' id='word_1_184' title='bbox 1921 3924 2009 3972; x_wconf 65' lang='lat' dir='ltr'>‚c</span> 
     </span>
     <span class='ocr_line' id='line_1_26' title="bbox 466 3997 2060 4138; baseline -0.001 -40"><span class='ocrx_word' id='word_1_185' title='bbox 466 4006 675 4108; x_wconf 88' lang='lat' dir='ltr'>Prensam</span> <span class='ocrx_word' id='word_1_186' title='bbox 711 3997 876 4098; x_wconf 85' lang='lat' dir='ltr'>flumen</span> <span class='ocrx_word' id='word_1_187' title='bbox 914 4007 1209 4132; x_wconf 88' lang='lat' dir='ltr'>trajecerunt,</span> <span class='ocrx_word' id='word_1_188' title='bbox 1247 4001 1380 4100; x_wconf 88' lang='lat' dir='ltr'>etad</span> <span class='ocrx_word' id='word_1_189' title='bbox 1416 4007 1506 4130; x_wconf 88' lang='lat' dir='ltr'>ejus</span> <span class='ocrx_word' id='word_1_190' title='bbox 1555 3998 1698 4138; x_wconf 88' lang='lat' dir='ltr'>ripam</span> <span class='ocrx_word' id='word_1_191' title='bbox 1736 4031 1780 4096; x_wconf 87' lang='lat' dir='ltr'>et</span> <span class='ocrx_word' id='word_1_192' title='bbox 1818 3998 2060 4097; x_wconf 64' lang='lat' dir='ltr'>Hei-—</span> 
     </span>
     <span class='ocr_line' id='line_1_27' title="bbox 467 4141 2060 4285; baseline 0 -44"><span class='ocrx_word' id='word_1_193' title='bbox 467 4143 571 4243; x_wconf 88' lang='lat' dir='ltr'>dem</span> <span class='ocrx_word' id='word_1_194' title='bbox 608 4142 953 4243; x_wconf 89' lang='lat' dir='ltr'>munitissimum</span> <span class='ocrx_word' id='word_1_195' title='bbox 990 4141 1211 4242; x_wconf 89' lang='lat' dir='ltr'>castellum</span> <span class='ocrx_word' id='word_1_196' title='bbox 1242 4177 1501 4285; x_wconf 91' lang='lat' dir='ltr'>opportuno</span> <span class='ocrx_word' id='word_1_197' title='bbox 1525 4142 1627 4242; x_wconf 92' lang='lat' dir='ltr'>loco</span> <span class='ocrx_word' id='word_1_198' title='bbox 1665 4175 1804 4243; x_wconf 88' lang='lat' dir='ltr'>castra</span> <span class='ocrx_word' id='word_1_199' title='bbox 1838 4166 2060 4241; x_wconf 71' lang='lat' dir='ltr'>mu-l</span> 
     </span>
     <span class='ocr_line' id='line_1_28' title="bbox 467 4282 2060 4427; baseline -0.001 -41"><span class='ocrx_word' id='word_1_200' title='bbox 467 4287 673 4388; x_wconf 89' lang='lat' dir='ltr'>nierunt.</span> <span class='ocrx_word' id='word_1_201' title='bbox 694 4396 696 4399; x_wconf 52' lang='grc'>,</span> <span class='ocrx_word' id='word_1_202' title='bbox 714 4293 824 4399; x_wconf 62' lang='lat' dir='ltr'>Nec,</span> <span class='ocrx_word' id='word_1_203' title='bbox 848 4288 903 4386; x_wconf 91' lang='lat' dir='ltr'>de</span> <span class='ocrx_word' id='word_1_204' title='bbox 919 4327 1110 4397; x_wconf 62' lang='lat' dir='ltr'>„cotum</span> <span class='ocrx_word' id='word_1_205' title='bbox 1129 4285 1311 4395; x_wconf 84' lang='lat' dir='ltr'>discessu</span> <span class='ocrx_word' id='word_1_206' title='bbox 1348 4284 1405 4393; x_wconf 80' lang='lat' dir='ltr'>&#39;ab</span> <span class='ocrx_word' id='word_1_207' title='bbox 1441 4282 1785 4427; x_wconf 87' lang='lat' dir='ltr'>exploratoribus</span> <span class='ocrx_word' id='word_1_208' title='bbox 1833 4310 2060 4386; x_wconf 56' lang='lat' dir='ltr'>antffit</span> 
     </span>
     <span class='ocr_line' id='line_1_29' title="bbox 468 4419 2060 4574; baseline 0 -45"><span class='ocrx_word' id='word_1_209' title='bbox 468 4429 722 4544; x_wconf 83' lang='lat' dir='ltr'>extremam</span> <span class='ocrx_word' id='word_1_210' title='bbox 742 4430 961 4574; x_wconf 80' lang='lat' dir='ltr'>quartam</span> <span class='ocrx_word' id='word_1_211' title='bbox 982 4431 1470 4574; x_wconf 66' lang='lat' dir='ltr'>vigliamsnumiaum</span> <span class='ocrx_word' id='word_1_212' title='bbox 1501 4449 1594 4540; x_wconf 77' lang='lat' dir='ltr'>est.</span> <span class='ocrx_word' id='word_1_213' title='bbox 1634 4442 1844 4534; x_wconf 87' lang='lat' dir='ltr'>Ceterum</span> <span class='ocrx_word' id='word_1_214' title='bbox 1872 4419 1998 4530; x_wconf 53' lang='grc' dir='ltr'>»νῖ</span> <span class='ocrx_word' id='word_1_215' title='bbox 2016 4452 2060 4479; x_wconf 81' lang='grc'><em>“</em></span> 
     </span>
     <span class='ocr_line' id='line_1_30' title="bbox 467 4563 2060 4720; baseline -0.006 -46"><span class='ocrx_word' id='word_1_216' title='bbox 467 4568 682 4717; x_wconf 84' lang='lat' dir='ltr'>frigorum</span> <span class='ocrx_word' id='word_1_217' title='bbox 710 4651 739 4695; x_wconf 79' lang='lat'>,‚</span> <span class='ocrx_word' id='word_1_218' title='bbox 759 4613 802 4677; x_wconf 91' lang='lat' dir='ltr'>et</span> <span class='ocrx_word' id='word_1_219' title='bbox 821 4577 956 4686; x_wconf 49' lang='lat' dir='ltr'>‘nivis</span> <span class='ocrx_word' id='word_1_220' title='bbox 971 4682 972 4685; x_wconf 5' lang='lat' dir='ltr'>w</span> <span class='ocrx_word' id='word_1_221' title='bbox 983 4585 1078 4710; x_wconf 82' lang='lat' dir='ltr'>jam</span> <span class='ocrx_word' id='word_1_222' title='bbox 1110 4577 1283 4710; x_wconf 77' lang='lat' dir='ltr'>dudum</span> <span class='ocrx_word' id='word_1_223' title='bbox 1306 4563 1565 4689; x_wconf 59' lang='lat' dir='ltr'>„decidentis</span> <span class='ocrx_word' id='word_1_224' title='bbox 1601 4570 1909 4720; x_wconf 84' lang='lat' dir='ltr'>magnitudine</span> <span class='ocrx_word' id='word_1_225' title='bbox 1949 4601 2060 4664; x_wconf 70' lang='grc' dir='ltr'><strong>ε</strong></span> 
     </span>
     <span class='ocr_line' id='line_1_31' title="bbox 463 4714 2060 4869; baseline -0.003 -51"><span class='ocrx_word' id='word_1_226' title='bbox 463 4757 509 4821; x_wconf 86' lang='lat' dir='ltr'>et</span> <span class='ocrx_word' id='word_1_227' title='bbox 526 4714 882 4869; x_wconf 76' lang='lat' dir='ltr'>‘defatigatione</span> <span class='ocrx_word' id='word_1_228' title='bbox 933 4722 1140 4830; x_wconf 87' lang='lat' dir='ltr'>nocturni</span> <span class='ocrx_word' id='word_1_229' title='bbox 1191 4721 1387 4825; x_wconf 85' lang='lat' dir='ltr'>militum</span> <span class='ocrx_word' id='word_1_230' title='bbox 1436 4719 1642 4843; x_wconf 88' lang='lat' dir='ltr'>laboris,</span> <span class='ocrx_word' id='word_1_231' title='bbox 1692 4757 1736 4825; x_wconf 90' lang='lat' dir='ltr'>et</span> <span class='ocrx_word' id='word_1_232' title='bbox 1789 4749 2060 4859; x_wconf 78' lang='lat' dir='ltr'>equoc:</span> 
     </span>
    </p>

    <p class='ocr_par' dir='ltr' id='par_1_5' title="bbox 1226 4894 2037 4976">
     <span class='ocr_line' id='line_1_32' title="bbox 1226 4894 2037 4976; baseline -0.006 -11"><span class='ocrx_word' id='word_1_233' title='bbox 1226 4894 1227 4903; x_wconf 70' lang='lat'>‘</span> <span class='ocrx_word' id='word_1_234' title='bbox 1791 4898 1883 4964; x_wconf 91' lang='lat' dir='ltr'>rum</span> <span class='ocrx_word' id='word_1_235' title='bbox 2008 4934 2037 4976; x_wconf 83' lang='lat'>,</span> 
     </span>
    </p>
   </div>
   <div class='ocr_carea' id='block_1_3' title="bbox 0 0 2103 5858">
    <p class='ocr_par' dir='ltr' id='par_1_6' title="bbox 0 0 2103 5858">
     <span class='ocr_line' id='line_1_33' title="bbox 0 0 2103 5858; baseline 0 0"><span class='ocrx_word' id='word_1_236' title='bbox 0 0 2103 5858; x_wconf 95' lang='lat' dir='ltr'> </span> 
     </span>
    </p>
   </div>
  </div>
 </body>
</html>
