3998 5850
443 433 685 517 cauom
727 433 779 513 v.
814 431 935 510 ern.
971 433 1115 510 xxtx.
1419 435 1501 526 507

90 674 121 719 „
138 586 381 737 proborum
417 628 461 691 et
495 591 738 732 impiorum
767 589 920 689 scelere
957 586 1251 728 exagitatum,
1284 583 1541 695 Britannum

89 739 367 866 „Britannos
395 733 585 854 hortari,
606 771 649 835 et
683 771 761 874 pet
796 744 944 833 Deum
979 729 1208 834 Christum
1244 732 1470 852 obtestati,
1491 774 1541 837 ut

89 881 481 1023 „expergiscantur
515 878 781 1018 aliquando,
802 914 911 974 neve
941 873 1006 974 sui
1040 873 1171 975 obliti
1199 875 1467 1017 negligenter
1494 923 1538 982 a-

89 1061 262 1165 „gant,
282 1060 326 1124 et
360 1021 471 1124 nihil
505 1031 669 1153 justum
705 1063 731 1122 a
772 1018 1043 1120 sanctissimis
1084 1017 1358 1159 Principibus
1386 1017 1539 1126 frustra

87 1243 120 1293 „
138 1167 395 1306 postulaturi
422 1170 526 1267 dent
552 1204 734 1307 operam
759 1160 1010 1264 salutaribus
1040 1162 1250 1283 consiliis,
1271 1204 1319 1263 ac
1341 1167 1547 1303 primum

88 1310 342 1431 „omnium
378 1301 433 1410 de
473 1307 599 1409 rebus
643 1312 700 1410 ad
747 1347 894 1413 veram
952 1308 1237 1450 Religionem
1285 1343 1328 1408 et
1377 1307 1538 1412 Christi

86 1453 222 1574 „Dei
257 1454 425 1555 cultum
461 1449 773 1594 pertinentibus
808 1451 1041 1576 ineundis,
1081 1491 1136 1553 ne
1172 1489 1439 1590 praesentem
1474 1448 1537 1554 fe-

86 1595 306 1718 „licitatis
356 1597 633 1698 occasionem
684 1597 933 1713 amittant,
972 1635 1080 1695 neve
1127 1595 1175 1695 in
1225 1632 1344 1697 tanta
1390 1635 1536 1701 rerum

85 1740 338 1858 „omnium
373 1741 699 1880 opportunitate
735 1737 818 1839 sibi
851 1733 1034 1839 defixisse
1070 1739 1298 1838 videantur
1316 1815 1327 1840 .
1345 1757 1376 1800 “

121 1883 271 1981 ‘XLL
345 1893 467 1982 Haec
502 1879 680 1983 effatum
716 1881 995 1981 Cardinalem
1029 1893 1173 2022 Reges
1210 1921 1287 2021 per
1321 1885 1534 1986 Cancella·

83 2021 199 2123 rium
235 2023 636 2143 collaudaverunt,
673 2024 842 2164 sibique
878 2058 1129 2166 pergratum
1174 2065 1261 2125 esse
1305 2026 1547 2147 dixerunt,

85 2168 210 2304 quod
244 2166 391 2308 ipsum
427 2165 703 2307 potissimum
737 2168 868 2268 talem
925 2201 1185 2307 tantumque
1235 2167 1411 2290 virum,
1440 2181 1533 2270 ue-

83 2308 287 2450 ligione,
324 2309 572 2451 sapientia,
604 2310 888 2431 constantia,
927 2311 1052 2411 omni
1086 2310 1279 2450 denique
1320 2313 1551 2414 virtutum

84 2490 243 2592 genere
290 2489 616 2592 praestantem,
650 2491 708 2554 vet
752 2453 996 2554 Britanniae
1045 2455 1390 2556 amantissimum
1436 2456 1533 2557 alu-

83 2631 238 2695 mnum
274 2599 409 2698 dere
444 2597 634 2697 maxime
670 2597 902 2697 necessaria
948 2597 1227 2736 maximeque
1268 2598 1322 2696 ad
1364 2600 1534 2699 Britan-⁴

82 2739 181 2837 niae
216 2739 397 2840 salutem
433 2741 675 2878 pertinente
722 2733 924 2840 Pontifex
958 2739 1182 2839 Maximus
1218 2741 1410 2881 legatum
1447 2743 1531 2841 mi·

81 2881 232 2992 sisset3
268 2883 380 3022 quin
416 2883 550 2984 etiam
585 2884 775 3024 digresso
811 2881 1040 2984 Cardinale
1075 2884 1212 2986 multa
1246 2885 1295 2982 in
1330 2893 1420 3012 ejus
1448 2885 1533 2985 lau·

81 3023 183 3123 dem
219 3027 501 3155 adjecerunt,
543 3062 586 3126 et
622 3063 789 3166 quanta
823 3062 929 3126 esset
964 3023 1014 3123 in
1057 3066 1111 3125 eo
1152 3027 1208 3125 ad
1248 3027 1367 3126 Fidei
1403 3027 1531 3129 Reli·

81 3166 313 3307 gionisque
348 3169 578 3310 negotium
614 3169 972 3270 commodissime
1008 3202 1136 3269 etex
1171 3169 1417 3269 Britanniae
1463 3170 1541 3269 di-.
1597 3185 1601 3195 '

81 3308 249 3448 gnitate
284 3311 610 3414 conficiendum
645 3312 988 3453 opportunitas,
1028 3349 1354 3453 exposuerunt,
1392 3351 1529 3452 quem

80 3465 200 3553 Deus
236 3457 358 3587 quasi
392 3453 658 3596 Prophetam
694 3456 934 3596 quemdam
975 3455 1030 3553 ad
1065 3456 1245 3554 salutem
1280 3492 1380 3553 suae
1423 3495 1530 3593 gen·

80 3593 130 3694 tis
166 3591 349 3698 afflictae
401 3634 444 3699 et
484 3635 681 3699 extremo
723 3599 840 3699 malo
877 3597 1112 3699 laborantis
1153 3597 1364 3697 misisset.
1406 3603 1529 3697 Tum

80 3740 332 3841 Concilium
369 3740 561 3861 hortati,
580 3776 630 3842 ut
665 3743 719 3842 de
753 3743 908 3844 eodem
945 3736 1192 3881 Religionis
1227 3739 1409 3883 negotio
1429 3779 1529 3840 con·

81 3879 174 3978 silla
210 3879 493 4003 conferrent,
528 3919 571 3985 ct
605 3883 817 4027 postridie
860 3922 904 3983 re
951 3882 1186 3984 deliberata
1228 3883 1276 3983 in
1322 3884 1530 3987 eumdem

80 4022 233 4124 locum
268 4024 587 4149 convenirent,
628 4024 930 4128 discesserunt.

150 4167 286 4268 XLII,
363 4167 537 4273 Postero
574 4170 651 4274 die,
681 4169 937 4273 Concilium
964 4207 1066 4273 cum
1101 4167 1156 4271 de
1193 4167 1438 4309 recipienda
1458 4167 1529 4267 Fi-

79 4308 133 4407 de
170 4307 398 4410 Catholica
435 4351 599 4454 magno
635 4354 846 4417 consensu
880 4313 1122 4434 statuisset,
1143 4314 1303 4455 viginti
1340 4346 1529 4452 quatuor

78 4447 242 4588 legatos
279 4452 329 4553 ex
366 4451 573 4555 omnibus
621 4454 850 4557 ordinibus
886 4456 1073 4555 delectos
1108 4458 1165 4555 ad
1205 4468 1347 4597 Reges
1385 4455 1529 4572 misit,

81 4592 162 4726 qui
198 4634 271 4694 eos
308 4599 363 4697 de
398 4599 591 4700 Concilii
628 4602 840 4713 decreto,
875 4597 1130 4740 magnoque
1164 4599 1335 4700 veram
1362 4634 1405 4696 et
1440 4610 1529 4699 Ca-

79 4731 294 4838 tholicam
327 4739 489 4843 Christi
524 4743 808 4883 Religionem
843 4743 1080 4882 recipiendi
1094 4820 1109 4865 ,
1141 4779 1184 4846 et
1219 4744 1267 4845 in
1301 4739 1531 4855 Pontificis

937 4899 1012 4989 Sss
1032 4930 1057 4987 2
1075 4987 1077 4991 ,
1425 4888 1530 4980 Ma·
