4124 5880
549 393 604 479 62
893 360 1017 485 on
1059 403 1262 483 nanus
1302 402 1526 482 onsrrs

496 569 553 668 ris
591 560 857 707 tempestatis
894 600 1019 660 suam
1059 559 1235 659 classem
1269 558 1316 657 in
1354 555 1642 658 Ambracium
1679 552 1820 660 sinum
1858 600 1963 668 cum

495 712 770 830 reduxisset,
811 705 1013 809 resarcito
1052 705 1187 823 velo,
1225 744 1367 844 eoque
1404 704 1575 803 minore
1612 702 1767 824 malo,
1802 707 1884 847 qui
1920 744 1964 810 et

289 952 294 967 .
438 904 442 988 ρ
496 856 588 997 ipse
626 852 767 956 fuerat
803 894 855 952 ex
894 886 1014 991 parte
1059 842 1351 966 confractus,
1391 882 1581 990 aptato,
1623 847 1791 989 impelli
1827 889 1961 955 vento

417 994 438 1075 ,''
496 1036 653 1140 coepta
695 1031 789 1116 est,
828 994 1128 1136 paulatimque
1176 1029 1435 1135 progressa,
1472 994 1650 1092 tandem
1694 1030 1862 1133 praeter
1905 1037 1961 1096 o-

423 1187 427 1202 *
494 1147 667 1243 mnium
704 1176 826 1283 spem
864 1139 920 1238 ad
959 1138 1138 1238 classem
1174 1152 1500 1279 Corcyramque
1537 1137 1763 1280 pervenit.

561 1297 676 1387 XLI.
759 1285 903 1386 Classe
940 1321 1083 1382 rursus
1122 1282 1177 1380 ad
1214 1293 1455 1415 Corcyram
1493 1281 1753 1423 compulsa,
1789 1319 1960 1387 coacto

494 1471 580 1570 que
628 1425 862 1545 concilio,
907 1427 1067 1566 placuit
1111 1426 1342 1525 communi
1384 1428 1596 1527 sententia
1643 1421 1961 1566 frequentiores

493 1575 654 1675 milites
691 1573 739 1671 in
776 1609 927 1672 omnes
964 1571 1161 1703 triremes
1198 1568 1409 1711 imponi,
1443 1608 1485 1673 et
1521 1613 1572 1674 ex
1609 1571 1814 1672 onerariis
1850 1613 1961 1714 qua-

359 1736 361 1740 ’
494 1718 698 1858 draginta
745 1756 875 1815 naves
922 1714 1246 1815 commodiores
1299 1750 1342 1815 et
1386 1713 1617 1816 tormentis
1666 1715 1961 1818 instructiores

492 1860 611 2000 legi,
646 1898 837 2000 cumque
875 1858 940 1958 his
976 1861 1021 1961 in
1057 1855 1231 1962 hostem
1268 1858 1452 1979 reverti,
1480 1897 1530 1960 ac
1567 1858 1763 2000 praelio,
1801 1861 1837 1960 si
1873 1859 1954 1961 fie-

494 2041 560 2104 ret
595 2040 812 2144 potestas‚
834 2003 1065 2107 dimicare.
1103 2006 1186 2106 Sed
1222 2003 1393 2146 aliquot
1429 2002 1582 2104 diebus
1618 2003 1668 2104 in
1702 2041 1862 2105 rerum.
1884 2045 1959 2106 ne-

490 2154 763 2251 cessariarum
807 2183 1018 2292 apparatu
1066 2148 1349 2269 consumtis,
1396 2147 1629 2249 consilium
1670 2181 1862 2249 mutatur
1908 2150 1957 2251 in

488 2291 622 2432 longe
659 2293 917 2394 diversum:
952 2333 1088 2434 usque
1123 2296 1235 2395 adeo
1263 2291 1402 2394 classis
1438 2290 1606 2393 hostilis
1642 2329 1810 2412 metus,
1836 2329 1880 2392 et
1916 2335 1961 2394 o·

492 2435 620 2536 dium
663 2473 839 2579 pugnae
882 2438 1046 2538 navalis
1085 2438 1384 2582 quorumdam
1426 2434 1597 2537 animos
1633 2471 1957 2577 occupaverat.

491 2587 643 2719 Itaque
690 2581 826 2681 tutius
872 2615 1006 2722 atque
1043 2582 1326 2685 commodius
1371 2581 1517 2684 visum
1553 2613 1614 2682 est
1655 2580 1702 2682 in
1738 2619 1815 2681 ora
1850 2589 1959 2680 Ma-

490 2723 715 2824 cedoniae.
737 2721 1066 2860 Dyrrhachium
1113 2730 1411 2869 oppugnare3
1448 2727 1574 2867 quod
1626 2725 1888 2867 oppidum,
1923 2724 1961 2825 si

491 2861 639 2966 fuisset
680 2868 731 2966 in
774 2903 1035 3009 potestatem
1081 2872 1349 2994 redactum,
1393 2872 1574 3011 magnas
1617 2866 1961 2969 commoditates

491 3011 548 3107 ad
583 3008 750 3109 bellum
775 3014 931 3112 Tureis
961 3007 1241 3113 inferendum
1270 3009 1430 3115 habere
1456 3011 1712 3115 videbatur.
1740 3013 1822 3112 Sed
1858 3050 1962 3111 ven·

490 3185 539 3250 to
587 3152 778 3253 secundo
835 3155 966 3297 paulo
1013 3154 1313 3257 vehementius
1355 3153 1531 3277 flante,
1574 3193 1712 3282 noctu
1752 3152 1958 3290 Dyrrha·

493 3292 646 3396 chium
683 3296 821 3397 classis
859 3334 1156 3440 praetervecta
1192 3336 1294 3400 cum
1329 3294 1506 3421 luisset,
1542 3300 1765 3439 castellum
1800 3337 1962 3440 aggre-

493 3441 541 3540 di
582 3440 891 3565 constituunt,
926 3443 999 3543 cui
1035 3443 1158 3544 Noto
1194 3481 1450 3586 cognomen
1492 3479 1600 3563 est,
1635 3442 1682 3542 in
1728 3480 1807 3541 ora
1843 3441 1960 3540 Dal-

493 3583 654 3685 matiae
691 3624 794 3686 cum
838 3620 967 3728 portu
1004 3587 1284 3726 capacissimo
1321 3589 1378 3688 ad
1414 3587 1561 3687 sinum
1595 3586 1834 3705 Risicum,
1876 3585 1975 3725 qui.

492 3764 614 3827 nunc
655 3725 711 3830 ab
755 3730 925 3871 oppido
960 3739 1156 3871 Venetae
1198 3731 1414 3853 ditionis,
1451 3732 1575 3872 quod
1619 3730 1666 3831 in
1709 3738 1798 3864 ejus
1840 3728 1960 3831 flexu

493 3870 845 3974 munitissimum
880 3870 1095 3995 habetur,
1132 3883 1263 3976 Catari
1298 3876 1666 4018 cognominatur.

559 4025 691 4116 XLII.
764 4016 983 4158 Expositis
1018 4019 1189 4159 copiis,
1227 4022 1335 4122 dum
1378 4017 1540 4118 castelli
1575 4015 1707 4115 situm
1745 4048 1789 4116 et
1824 4054 1959 4121 natu-

493 4197 588 4262 ram
623 4159 711 4262 loci
751 4160 1057 4263 considerandi
1099 4164 1234 4308 gratia
1275 4161 1455 4305 propius
1493 4196 1537 4259 et
1582 4160 1796 4264 incautius
1830 4202 1962 4264 acce-

491 4305 685 4426 derent,
728 4303 952 4408 Antonius
998 4311 1138 4410 Doria
1181 4308 1472 4448 periculosam
1524 4311 1764 4408 secundum
1807 4344 1965 4445 genu,

488 4460 657 4548 Ferrera
693 4485 736 4548 et
786 4466 1034 4595 Bocanegra
1070 4453 1340 4554 centuriones
1377 4451 1521 4551 letales
1567 4452 1714 4591 plagas
1750 4447 1960 4589 scloppe-

488 4627 640 4692 torum
682 4592 911 4735 glandibus
955 4636 978 4696 e
1023 4635 1151 4696 muro
1194 4597 1317 4724 jactis
1363 4627 1655 4735 acceperunt.
1698 4596 1959 4695 Tormentis

399 4832 403 4844 .
484 4735 594 4838 loco
629 4737 792 4839 idoneo
827 4739 1046 4840 collocatis
1079 4816 1094 4858 ,
1124 4779 1226 4841 cum
1262 4781 1288 4838 a
1325 4776 1434 4840 terta
1470 4738 1599 4840 simul
1637 4769 1680 4835 et
1717 4737 1828 4838 mari
1865 4777 1954 4839 mu·

1887 4920 1956 4980 rus
