4124 5880
478 527 484 537 Ι
530 425 586 514 40
894 479 899 485 .
947 373 1040 492 mr
1080 410 1293 491 nanus
1328 408 1572 491 cessis*

368 695 373 700 q
488 572 593 669 dem
629 563 808 709 privatis
864 565 995 667 amici
1037 566 1288 666 commodis
1327 561 1682 705 posthabendam¹
1716 564 1849 668 'noris
1874 608 1965 710 pu-

488 715 634 833 tavit,
668 724 759 845 ejus
796 707 1070 850 praesertim,
1097 719 1217 839 cujus
1252 708 1301 807 in
1336 710 1379 806 se
1417 706 1551 808 fidem
1588 745 1631 808 et
1666 715 1962 821 constantiam

490 855 558 960 his
594 859 744 1000 paucis
788 851 942 953 diebus
978 891 1070 952 non
1107 891 1313 992 parum,
1356 855 1437 952 nec
1474 852 1565 951 sine
1607 892 1769 996 magna
1804 893 1849 956 et
1882 869 1959 991 ju·
2009 848 2011 850 ’

489 1037 553 1105 sta
590 999 896 1140 indignatione
935 997 1248 1117 desiderasset,
1289 1034 1384 1096 arce
1415 995 1618 1095 Nicaena
1638 1005 1675 1120 ξ
1700 1037 1837 1138 quam
1874 1001 1961 1136 sibi

489 1186 539 1246 ac
575 1142 782 1244 Pontifici
819 1180 943 1281 saepe
981 1141 1268 1280 promiserat,
1314 1140 1591 1280 pertinaciter
1627 1178 1810 1284 negatas
1838 1144 1961 1287 quae

486 1288 726 1429 indignitas
775 1324 818 1385 et
862 1279 1112 1385 inofficiose
1153 1282 1364 1403 factum,
1423 1322 1697 1426 quamquam
1737 1297 1831 1418 jure
1873 1328 1961 1430 po·

487 1433 572 1533 tuit
598 1431 810 1533 Carolum
845 1428 1031 1528 aDucis
1068 1426 1258 1528 amicitia
1294 1426 1464 1568 penitus
1500 1464 1727 1553 avertere,
1758 1430 1852 1574 ipse
1888 1470 1961 1535 ta-

487 1616 592 1678 men
619 1614 701 1717 pro
728 1615 800 1674 sua
829 1571 1072 1672 constantia
1104 1607 1148 1671 et
1180 1571 1455 1674 humanitate
1482 1572 1607 1675 rebus
1637 1574 1750 1674 illius
1771 1655 1786 1697 ,
1807 1581 1960 1717 quoad

488 1721 611 1820 licuit
648 1795 663 1838 ,
709 1757 784 1858 per
828 1718 1121 1817 commodum
1156 1713 1444 1859 Reipublicae
1479 1711 1637 1834 favit,
1678 1757 1757 1817 nec
1794 1718 1959 1825 benefi-

490 1864 610 1965 cium
646 1860 872 1964 revocavit
915 1859 1206 2004 quadraginta
1252 1858 1445 1962 millium
1488 1861 1790 1983 ducatorum,
1842 1904 1959 2004 quae

488 2017 668 2142 jusserat
705 2006 745 2106 ei
797 2005 1168 2146 constitueratque
1220 2001 1276 2104 ab
1312 2004 1445 2105 initio
1490 2003 1595 2106 belli
1644 2045 1697 2105 ex
1732 2007 1956 2109 Mediola-

486 2150 687 2255 nensibus
736 2146 1025 2292 vectigalibus
1077 2151 1134 2249 ad
1180 2147 1385 2291 inopiam
1432 2186 1536 2252 cum
1582 2145 1798 2293 dignitate
1842 2153 1959 2256 tole-

492 2298 677 2401 randam
712 2294 760 2394 in
796 2333 934 2395 annos
971 2291 1169 2434 singulos
1206 2291 1507 2436 suppeditari.

520 2562 523 2566 A
562 2448 688 2539 XIX.
763 2434 916 2539 Rebus
960 2437 1019 2544 ad
1061 2434 1178 2537 hunc
1233 2438 1424 2539 modum
1472 2472 1640 2581 praeter
1689 2435 1958 2582 opinionem

489 2579 578 2683 fere
614 2577 820 2683 omnium
867 2578 1127 2724 compositis
1161 2621 1174 2691 3
1213 2622 1319 2685 nam
1354 2592 1525 2726 Regem
1572 2623 1708 2685 nemo
1744 2580 1836 2687 fere
1874 2625 1957 2729 pu«

486 2762 701 2848 taverat,
736 2725 817 2828 nisi
854 2725 947 2827 filio
983 2725 1183 2828 Henrico
1220 2725 1449 2869 quibusvis
1485 2727 1813 2830 conditionibus
1850 2739 1959 2832 Me-

488 2869 733 2972 diolanensi
767 2883 894 2972 Duce
934 2865 1099 2993 facto,
1146 2870 1203 2974 ab
1239 2870 1370 2974 armis
1414 2870 1743 2984 discessurum3
1801 2876 1959 2976 Paulus

491 3017 762 3156 Carolusque
786 3009 1112 3157 profectionem
1147 3050 1334 3156 parant.
1372 3017 1547 3162 Regina
1581 3058 1683 3121 vero
1703 3095 1718 3138 ,
1739 3058 1830 3160 quo
1867 3015 1960 3119 fra-

488 3196 604 3259 trem
637 3160 875 3280 reviseret,
912 3198 962 3259 ac
998 3159 1291 3262 discedentem
1328 3162 1573 3283 salutaret,
1602 3202 1740 3264 rursus
1776 3163 1833 3263 ad
1869 3175 1959 3264 Ca-

489 3305 640 3407 rolum
675 3345 777 3406 cum
814 3305 972 3407 eodem
1006 3298 1117 3426 fere,
1153 3345 1247 3448 quo
1284 3345 1422 3450 nuper
1445 3307 1697 3430 ,comitatu
1732 3306 1879 3425 venit,
1910 3348 1962 3408 ae

492 3449 622 3552 simili
658 3484 869 3590 apparatu
917 3485 1094 3591 excepta
1138 3484 1201 3549 est
1242 3529 1259 3574 ,
1305 3463 1472 3587 majore
1529 3488 1676 3555 tamen
1725 3450 1960 3554 Gallorum

492 3602 614 3725 juxta
650 3627 694 3695 et
726 3593 1030 3736 Hispanorum
1065 3630 1247 3737 propter
1280 3589 1413 3697 factas
1449 3597 1642 3700 inducias
1683 3594 1881 3713 laetitia,
1916 3630 1962 3694 et

440 3744 445 3760 '
494 3739 614 3878 apud
651 3739 857 3840 eumdem
895 3741 1128 3881 usquead
1171 3738 1474 3882 insequentem
1517 3742 1640 3843 diem
1683 3749 1964 3842 commorata

491 3920 556 3982 est
587 3923 600 3990 3
634 3921 728 4024 quo
765 3882 877 4008 die,
919 3920 1154 4025 antequam
1190 3887 1359 4028 vesperi
1394 3886 1740 4029 digrederetur,
1776 3883 1962 3986 Carolus

492 4026 639 4128 eidem
683 4067 737 4127 ac
787 4026 1002 4167 primariis
1053 4022 1227 4127 feminis
1276 4071 1328 4128 ex
1373 4039 1463 4160 ejus
1515 4025 1732 4129 comitatu
1778 4062 1962 4169 torques

493 4210 651 4282 aureosx
692 4168 966 4314 annulosque
1001 4206 1045 4272 ct
1093 4171 1422 4313 pretiosissimas
1459 4209 1657 4315 gemmas
1694 4211 1771 4315 per
1805 4175 1964 4274 Ludo-

495 4315 654 4418 vicum'
693 4316 872 4419 Avilam
920 4314 1255 4427 Cubicularium
1298 4330 1427 4420 suum
1464 4319 1584 4424 dono
1629 4318 1746 4421 misit
1780 4357 1792 4422 3
1828 4316 1965 4419 item-

490 4500 584 4601 que
621 4463 800 4599 Joanni
822 4472 1017 4564 Lorenae
1051 4461 1319 4583 Cardinali,
1356 4498 1412 4567 et.
1434 4470 1591 4565 Annae
1627 4459 1963 4561 Montimoren·

492 4605 613 4711 siaco
650 4606 942 4707 Comesrabili
975 4686 989 4727 ,
1032 4608 1113 4748 qui
1149 4643 1192 4707 et
1228 4604 1327 4747 ipsi,
1350 4602 1516 4711 lucrant
1549 4609 1608 4731 in
1641 4604 1852 4745 Reginae·
1874 4644 1960 4706 co-

496 4750 690 4872 mitatu,
721 4748 881 4892 pocula
916 4748 1084 4894 singula
1120 4794 1171 4852 ex
1213 4787 1322 4853 auro
1357 4752 1545 4896 gemmis
1580 4744 1850 4894 fulgentibus
1891 4750 1960 4851 di-

1852 4930 1962 4995 strn-
