4042 5864
497 517 622 589 notum
637 509 786 584 inducias
805 534 862 582 eos
883 513 997 610 cogit.
1023 515 1071 584 II.
1105 528 1160 608 39.

497 621 595 689 Cum
623 613 749 684 Carolo
786 617 925 682 Caesare
961 631 994 683 et
1026 613 1160 682 Venetis

493 713 612 789 foedus
651 711 801 781 adversus
835 713 963 781 Turcas
999 712 1083 783 init.
1111 712 1157 781 ΙΙ.

499 837 570 908 54.
584 811 717 909 Opibus
739 831 774 880 et
798 811 940 906 imperiis
961 811 1063 910 magis
1084 831 1158 881 stu-

492 915 571 997 det,
585 935 688 1004 quam
706 910 879 1006 religioni.
896 915 942 980 lI.
964 935 1043 982 122.
1070 911 1159 980 Uni-

492 1015 612 1085 versale
659 1011 864 1081 Concilium.
889 1010 1156 1081 Ecclesiasticum

367 1148 368 1151 ¹
491 1135 631 1212 cogere,
650 1113 838 1206 postulante
857 1116 1016 1193 Caesare,
1035 1110 1155 1180 renuit.

490 1219 537 1287 ΙΙ.
571 1234 650 1280 122.
679 1211 776 1279 Duos
794 1215 935 1306 Legatos
947 1210 1155 1279 Nautiorum

490 1312 650 1390 nomine,
675 1327 709 1377 et
729 1310 1026 1403 quatuorltalicos
1043 1308 1155 1378 Theo·

490 1414 587 1511 logos
610 1409 822 1477 Vormatiam
851 1407 977 1477 mittit.
1005 1412 1152 1498 11.124.

491 1514 555 1582 Sua
585 1506 672 1579 facta
703 1526 735 1574 et
757 1507 892 1576 consilia
923 1505 966 1576 ad
996 1508 1156 1577 Astrolo«

491 1632 614 1709 gotum
650 1605 776 1675 monita
807 1605 942 1702 dirigit.
983 1608 1029 1674 Il.
1071 1609 1149 1675 126.

389 1756 390 1759 =
492 1715 533 1779 ln
561 1707 642 1776 urbe
663 1710 753 1775 Luca
780 1707 953 1774 Caesarem
980 1704 1150 1802 Argeliam

414 1814 417 1819 ’
490 1805 754 1905 proficiscentem
782 1805 959 1872 resalutat.
994 1807 1039 1872 11.
1072 1806 1151 1894 136.

490 1905 682 1979 Sadoletum
702 1899 914 1972 cardinalem
952 1899 996 1970 ad
1016 1903 1152 1972 Franci-

490 2029 584 2079 scum
596 2004 775 2073 Gallorum
792 2006 982 2096 Regem‚et
1000 2001 1152 2071 Micha'e'-

490 2108 555 2179 lem
571 2103 692 2172 Silvam
708 2097 752 2168 ad
778 2102 953 2180 Caesarem
975 2097 1017 2168 de
1034 2099 1151 2194 pacifi-

491 2204 622 2276 catione
638 2199 766 2268 mittit.
789 2204 835 2267 11.
858 2221 934 2289 170·
954 2203 1095 2295 Legatos
1106 2197 1151 2270 ad

492 2308 666 2376 Caesarem
682 2302 885 2367 Cremonam
896 2296 1018 2379 mittit,
1038 2316 1076 2366 ut
1094 2299 1150 2368 lo·

492 2425 550 2473 cus
582 2392 797 2489 colloquendi
826 2396 931 2492 gratia
965 2395 1151 2465 constitua·

488 2519 557 2571 tur.
581 2499 627 2564 11.
655 2513 732 2578 192.
763 2495 925 2564 Generale
957 2493 1150 2566 Concilium

489 2592 753 2672 Ecclesiasticum
794 2613 945 2688 peragere
999 2613 1150 2677 recusat,

492 2695 551 2793 nisi
576 2701 710 2764 Parmae
727 2708 760 2759 et
784 2689 966 2761 Placentiae
981 2690 1151 2786 Principa-

490 2814 566 2868 tum
586 2813 652 2862 ase
671 2790 741 2861 lilio
770 2797 869 2860 Petro
893 2789 1021 2860 Aloisio
1044 2789 1153 2860 tradi-

491 2912 567 2967 tum
592 2895 710 2960 Caesar
725 2888 928 2971 confirmet,
953 2908 988 2958 et
1012 2911 1045 2957 re
1065 2886 1152 2958 infe-

492 3010 567 3072 cta,
581 2991 715 3058 Busseto
733 3036 743 3068 ,
760 3010 924 3079 quocum
940 2988 1066 3058 Carolo
1082 2988 1154 3056 col-

493 3084 654 3179 loquendi
678 3085 790 3180 gratia
806 3103 1006 3155 convenerat
1023 3084 1154 3166 ,disce-

495 3186 567 3256 dit.
593 3187 639 3253 Il.
672 3201 749 3276 193.
783 3183 928 3254 Concilii
961 3182 1154 3256 Tridentini

495 3281 657 3358 Praesides
680 3293 836 3352 revocat.
857 3286 903 3352 11.
924 3285 1001 3365 196.
1025 3288 1155 3380 Legato

497 3382 541 3454 ad
562 3381 723 3452 Carolum
738 3382 855 3459 misso,
874 3377 994 3450 frustra
1012 3380 1047 3450 in
1063 3382 1155 3476 paci-

496 3479 688 3554 ficationem
711 3503 774 3549 sese
796 3480 994 3573 interponit.
1012 3466 1155 3568 ilias-o.

494 3578 650 3653 Precibus
669 3578 816 3648 Caesaris
833 3597 1040 3673 expugnatus
1054 3595 1157 3675 gene·

497 3680 563 3750 tale
580 3677 770 3748 Concilium
793 3676 1054 3746 Ecclesiasticum
1076 3677 1158 3747 Tri·

499 3775 593 3846 denti
612 3774 845 3845 celebrandum
861 3773 997 3844 indicit.
1014 3776 1060 3842 11.
1074 3780 1157 3846 261.

498 3876 632 3948 Morem
649 3874 779 3944 Caesari
793 3896 904 3970 gerere
926 3872 1053 3954 renuit,
1070 3872 1160 3944 redi·

498 3992 550 4044 tus
584 3971 894 4069 Archiepiscopatus
928 3972 1085 4050 Toletani
1113 3970 1158 4044 ad

496 4072 660 4144 bellorum
684 4091 810 4142 sumtus
838 4070 982 4167 petenti.
1010 4074 1056 4140 11.
1075 4076 1157 4162 264.

496 4175 576 4244 Non
591 4171 696 4241 solum
722 4171 884 4266 approbat
906 4168 1021 4240 Caroli
1047 4171 1159 4241 consi-

498 4270 603 4350 lium,
619 4268 786 4340 sedetiam
806 4267 966 4338 auxilium
982 4268 1159 4362 pollicetur

499 4366 543 4439 ad
563 4366 686 4439 bellurn
703 4367 857 4438 adversus
879 4368 1068 4439 Germanos
1091 4373 1158 4438 Lu·

496 4465 660 4538 theranos.
676 4472 722 4536 il.
738 4491 816 4560 27⁰·
833 4469 1063 4536 Nummorum
1081 4489 1159 4537 scu·

496 4583 646 4636 tatorum
672 4585 818 4637 trecenta
843 4566 943 4636 millia
970 4567 1096 4637 Carolo
1123 4565 1158 4636 in

498 4685 598 4735 usum
613 4663 785 4735 militarem
802 4665 987 4735 submittit.
1016 4669 1061 4733 ΙΙ.
1079 4661 1158 4755 276.

497 4762 625 4835 Carolo
642 4759 684 4833 de
705 4765 843 4835 victoria
862 4763 1161 4864 gratulatur,eique

497 4863 628 4935 brexiani
645 4880 680 4936 et
691 4864 849 4936 fortissimi
871 4864 1082 4964 Imperatoris
1112 4862 1158 4936 ti-

1262 514 1373 586 tulum
1401 515 1573 588 attribuit.
1601 521 1648 585 11.
1672 512 1758 608 32⁶·
1798 509 1937 585 Genuae

1264 614 1484 686 defectionem
1507 640 1525 684 a
1555 615 1682 687 Carolo
1699 618 1867 695 Caesare,
1887 634 1926 684 ut

1265 714 1433 798 creditur,
1450 714 1561 785 fovet.
1597 718 1645 783 ll.
1681 735 1766 806 327.
1805 713 1922 786 Conni

1261 815 1365 885 Flisco
1394 818 1541 884 triremes
1565 812 1768 883 commodat
1801 809 1845 880 ad
1873 832 1923 883 tu·

1256 915 1409 984 *multum
1429 914 1581 995 Genuae,
1599 932 1637 991 ut
1657 911 1827 993 creditur,
1842 912 1927 982 exci-

1262 1012 1424 1084 tandum.
1447 1018 1493 1084 Il.
1510 1035 1593 1105 33ο.
1620 1010 1801 1083 Camerini
1815 1014 1930 1082 Duca-

1263 1131 1336 1184 tum
1352 1136 1395 1182 ex
1413 1111 1539 1183 ditione
1561 1111 1793 1183 Ecclesiastica
1808 1108 1928 1181 subdu·

1262 1232 1356 1284 ctum
1387 1213 1535 1282 Octavio
1568 1213 1719 1281 Famesio
1748 1210 1869 1305 nepoti
1894 1210 1925 1280 in

1259 1331 1452 1408 perpetuam
1475 1311 1660 1381 clientelam
1677 1309 1858 1380 attribuit.
1881 1311 1927 1376 ll.

1264 1433 1345 1506 332.
1369 1411 1424 1480 De
1439 1408 1626 1480 Senensium
1651 1409 1810 1478 libertate
1821 1409 1927 1503 oppri-

1261 1509 1382 1581 menda
1398 1509 1543 1608 cogitat.
1557 1513 1603 1577 II.
1624 1531 1705 1602 333.
1720 1512 1779 1578 De
1798 1506 1927 1578 Medio-

1259 1607 1380 1693 lanensi
1402 1613 1561 1689 Ducatu,
1577 1629 1699 1704 magna
1717 1610 1753 1677 vi
1776 1605 1927 1702 pecunia·

1260 1732 1337 1778 rum
1363 1707 1664 1789 oblata,Caesaris
1681 1707 1842 1776 animum
1863 1703 1926 1775 fru-

1261 1825 1328 1878 stra
1351 1824 1484 1876 tentat.
1512 1808 1558 1872 ll.
1589 1828 1668 1899 333.
1710 1813 1870 1876 Parmam
1895 1820 1927 1874 et

1261 1907 1463 1979 Placentiam
1497 1911 1596 1975 Petro
1635 1904 1771 1975 Aloisio
1800 1905 1873 1976 filio
1895 1921 1927 1972 et

1260 2002 1397 2102 posteris
1417 2004 1451 2073 in
1465 2022 1662 2098 perpetuam
1678 2002 1850 2073 ditionem
1863 2021 1929 2072 tra·

1260 2103 1335 2176 dit.
1361 2106 1416 2172 ΙΙ.
1436 2124 1516 2196 333.
1555 2102 1734 2172 Camerini
1757 2105 1926 2172 Ducatum

1260 2203 1296 2274 in
1307 2201 1565 2271 Ecclesiasticam
1584 2201 1758 2271 ditionem
1779 2201 1930 2271 restitnit.

1259 2307 1308 2374 11.
1328 2323 1406 2395 333.
1427 2300 1574 2371 Consilia
1585 2323 1666 2370 cum
1685 2303 1837 2371 Henn'co
1850 2299 1928 2370 Gal·

1259 2402 1371 2473 lorum
1388 2405 1481 2497 Rege
1493 2398 1649 2469 adversus
1663 2402 1832 2471 Carolum
1846 2402 1923 2469 Cae·

1259 2521 1366 2571 sarem
1377 2499 1460 2567 init.
1484 2502 1532 2566 11.
1552 2520 1634 2591 333.
1652 2504 1697 2569 ln
1714 2497 1920 2571 Germaniam

1259 2617 1326 2668 tres
1336 2597 1516 2692 Episcopos
1535 2598 1642 2666 mittit
1659 2598 1742 2691 ‚qui
1758 2594 1920 2668 redeunti-

1255 2695 1325 2766 bus
1340 2695 1385 2765 ad
1404 2697 1578 2766 sanitatem
1593 2695 1796 2767 delictorum
1809 2715 1841 2764 et
1855 2693 1921 2761 im·

1261 2794 1391 2890 pietatis
1419 2794 1560 2891 gratiam
1594 2793 1750 2866 faciant.
1778 2798 1825 2865 ΙΙ.
1846 2791 1920 2884 338.

1261 2895 1481 2965 Materensem
1510 2891 1817 2990 Archiepiscopum
1832 2895 1925 2961 Nun·

1262 2991 1302 3062 tii
1330 2992 1466 3060 nomine
1489 2994 1652 3063 Genuam
1675 2992 1722 3063 ad
1744 2991 1924 3086 Philippum

1263 3092 1427 3160 Asturum
1451 3090 1636 3184 Principem
1665 3094 1781 3188 legat.
1805 3087 1924 3180 1L358.

1261 3189 1319 3258 De
1352 3188 1440 3259 Petri
1471 3189 1588 3259 Aloisii
1610 3188 1675 3260 filii
1706 3212 1792 3258 nece
1817 3186 1924 3258 certior

1262 3282 1369 3358 factus
1396 3287 1443 3356 ira
1468 3283 1609 3384 flagrat,
1633 3306 1672 3356 et
1697 3287 1741 3357 ad
1774 3288 1926 3357 Carolum

1262 3390 1438 3455 Caesarem
1461 3387 1664 3483 legationem
1696 3387 1841 3466 mittit,
1867 3404 1927 3476 que

1263 3506 1341 3554 eum
1358 3501 1479 3580 rogat,
1496 3507 1537 3552 ne
1553 3504 1714 3582 gravetur
1732 3484 1925 3553 Placentiam

1264 3605 1283 3651 a
1318 3582 1381 3652 suis
1400 3581 1556 3652 militibus
1581 3602 1793 3678 occupatam
1814 3582 1869 3651 sibi
1892 3596 1926 3646 et

1262 3680 1425 3751 Ecclesiae
1461 3680 1653 3751 restituere.
1705 3684 1756 3749 11.
1791 3681 1865 3773 381.
1896 3694 1927 3746 et

1268 3779 1349 3872 382.
1381 3779 1572 3849 Concilium
1599 3778 1846 3849 Tridentinum
1866 3777 1927 3844 Bo-

1262 3878 1401 3947 noniam
1421 3873 1599 3959 transfert,
1623 3901 1697 3970 quo
1734 3878 1802 3947 sint
1826 3872 1928 3945 omnia

1263 3974 1299 4046 in
1328 3975 1425 4068 ipsius
1462 3993 1640 4070 potestate.
1680 3976 1731 4042 11.
1762 3970 1841 4068 38ι.
1861 3977 1930 4042 00·

1260 4071 1416 4145 ‘nandum
1435 4073 1496 4143 sibi
1520 4073 1657 4154 statuit,
1671 4093 1714 4142 ut
1745 4070 1929 4145 Concilium

1263 4172 1503 4243 Tridentinum
1525 4171 1703 4254 dimittat,
1735 4197 1807 4243 rem
1827 4175 1929 4242 Caro·

1264 4272 1300 4343 lo
1323 4269 1473 4342 facturus
1488 4269 1771 4368 ingratissimam.
1787 4276 1829 4342 IL
1850 4267 1927 4359 383.

1262 4370 1458 4442 Concilium
1477 4392 1509 4438 se
1537 4367 1776 4440 restituturum
1797 4367 1929 4464 pollice·

1263 4487 1343 4550 tur,
1372 4468 1477 4539 modo
1503 4468 1646 4538 Carolus
1678 4465 1847 4564 postulatis
1871 4460 1934 4535 sris

1264 4584 1404 4637 annuat.
1427 4572 1473 4637 II.
1491 4567 1570 4659 383.
1584 4585 1618 4637 et
1640 4568 1729 4658 384.
1761 4563 1935 4640 conditio-

1263 4689 1341 4736 nem
1363 4689 1381 4735 a
1400 4670 1538 4751 Caesare
1560 4669 1777 4760 propositam
1800 4664 1934 4764 pectina·

1261 4766 1346 4836 citer
1368 4778 1581 4858 aspernatur.
1617 4767 1664 4834 11.
1703 4769 1787 4862 384.
1814 4761 1935 4839 Camil-
2009 4822 2010 4828 ,

1263 4863 1337 4937 lurn
1361 4861 1522 4935 Ursinum
1548 4870 1692 4965 Parmae
1722 4866 1803 4940 urbi
1829 4859 1937 5035 praga.-
