4192 5858
541 439 784 523 ennom
817 439 873 520 tr.
897 439 1020 522 trs.
1054 441 1236 524 xxrrt,
1484 456 1571 546 255

160 680 194 734 ‚,
207 639 300 704 sam
336 583 578 720 intulerat,
614 600 739 740 quod
775 598 811 700 is
847 595 986 699 fidem
1020 633 1068 698 et
1099 595 1343 709 amicitiam
1369 603 1518 706 Caroli
1552 647 1618 709 se·

148 800 189 869 5,
210 766 335 849 cutus
370 739 553 855 fitisset3
591 743 815 872 judicium
846 779 957 846 veto:
996 782 1148 844 causae
1201 781 1249 844 et
1299 750 1621 855 controversiae

129 970 187 1014 2,
204 892 318 994 inter
353 902 527 1030 Regem
562 922 606 987 et
640 899 821 991 Ducem
853 886 1045 989 arbitrio·
1074 888 1232 990 Caroli
1262 891 1615 1031 permitteretur..

124 1113 185 1156 2,
204 1046 303 1138 Rex
336 1034 447 1134 item
482 1033 652 1136 Carolo
685 1035 744 1135 ad
777 1030 944 1134 bellum
981 1033 1034 1133 in
1064 1036 1271 1155 Turcas,
1300 1033 1390 1136 sive
1426 1031 1620 1147 inferes:

144 1179 318 1302 „dum
356 1210 494 1299 esset,
531 1178 626 1280 sive
671 1178 1061 1322 propulsandum,
1092 1178 1295 1319 peditum
1342 1185 1534 1302 decem,
1569 1223 1620 1284 e⁴
1718 1183 1721 1189 ’

154 1322 387 1463 „quitum
431 1362 541 1426 vero
590 1322 678 1424 tria
723 1322 867 1426 millia.
911 1321 1241 1445 summitteret,
1273 1358 1321 1425 et·
1365 1357 1470 1427 toto
1514 1324 1627 1437 belli

153 1503 408 1609 „tempore
438 1467 528 1569 suis
563 1467 776 1572 sumtibus
812 1466 949 1569 aleret
959 1548 975 1569 ,a

260 1688 294 1732 „
310 1620 536 1713 Praeterea
568 1615 626 1714 ad
658 1611 874 1715 tollendas.
904 1651 1066 1715 omnes·
1097 1609 1315 1716 bellorum
1348 1611 1625 1735 occasiones,

154 1755 426 1897 „quidquid
472 1756 579 1890 juris
637 1754 819 1860 haberet
871 1755 920 1858 in
971 1768 1184 1901 Regnum
1237 1757 1626 1900 Neapolitanum,

150 1977 185 2023 ,,
202 1899 401 2020 Carolo,
435 1935 490 2001 ut
528 1940 656 2044 saepe
702 1910 799 2036 jam
843 1895 1037 2024 fecerat,
1072 1901 1356 2011 remitterets
1394 1899 1625 2045 fidemque·

150 2119 188 2172 ‚,
203 2045 363 2166 daret,
397 2082 643 2188 numquam
693 2087 742 2148 se·
785 2081 1012 2150 auctorem
1060 2041 1336 2149 fautoremve
1382 2041 1476 2147 fote
1525 2058 1619 2150 Re·

150 2266 184 2313 „
200 2228 343 2333 gnum
378 2196 605 2292 Navartae
653 2186 771 2293 bello
820 2189 1079 2334 repetendis
1114 2191 1386 2332 Carolusque
1420 2189 1622 2299 vicissim

154 2408 189 2457 „
202 2331 434 2435 Francisco
465 2344 564 2468 jure
595 2341 799 2438 Ducatus
828 2335 1108 2477 Burgundiae·
1139 2335 1313 2436 cederet
1326 2413 1343 2433 ..
1618 2446 1621 2450 .

262 2553 295 2598 ‚,
312 2487 370 2578 Et
404 2477 460 2578 ad
496 2517 652 2618 pacem
688 2514 736 2581 et
767 2479 1010 2581 amicitiam
1051 2480 1176 2583 novis
1227 2475 1624 2581 necessitudinibus

149 2695 185 2742 „
199 2619 551 2725 confirmandam
568 2698 590 2742 ,
620 2623 792 2726 Carolo·
821 2622 956 2765 Regis
1006 2621 1102 2725 filio
1125 2700 1151 2745 ‚.
1174 2622 1244 2723 vel
1303 2621 1440 2728 liliam
1494 2661 1621 2724 suam

154 2765 397 2886 „Mariam
433 2806 486 2867 cx
520 2763 694 2867 duabus
739 2803 847 2867 natu
895 2775 1111 2897 majorem
1146 2776 1318 2877 Caesar,
1357 2763 1405 2866 in
1459 2765 1620 2866 matri·
1728 2784 1742 2799 ”

152 2908 409 3030 „monium
458 2910 614 3032 daret,
650 2909 874 3012 Flandriae
908 2910 1205 3050 Geldriaeque·
1234 2904 1480 3010 Ducatibus
1530 2909 1618 3008 do-

156 3129 190 3175 „
201 3086 378 3174 taram,
414 3052 590 3158 sedita
632 3091 685 3155 ut
716 3054 817 3195 ipso
850 3052 1031 3157 vivente
1072 3052 1448 3155 administratione
1484 3052 1622 3154 dum-

152 3271 188 3320 „
202 3231 323 3298 taxat
369 3194 459 3299 filia
495 3234 545 3299 et
576 3199 755 3300 maritus
789 3193 1113 3342 fungerenturt
1154 3197 1222 3298 vel
1256 3194 1394 3297 filiam
1430 3209 1624 3300 Fetnan-

154 3340 260 3462 „di
293 3335 435 3444 fratris
469 3356 657 3465 Ducatu
672 3340 993 3445 Mediolanensi
1029 3342 1078 3442 in
1114 3339 1362 3443 clientelam
1398 3340 1459 3440 sic
1492 3339 1621 3441 attri-

156 3484 315 3607 „buto
339 3562 359 3606 ,
387 3520 442 3587 ut
476 3485 561 3590 sibi
596 3485 785 3588 Carolus
815 3494 982 3587 Caesar
1012 3485 1394 3586 Mediolanensem
1429 3519 1473 3584 ct
1509 3496 1624 3584 Cte-

155 3703 188 3750 „
204 3666 467 3734 monentem.
497 3668 619 3732 arces
648 3629 857 3733 retineret
870 3708 893 3752 ‚.
924 3632 1072 3732 donec
1102 3627 1221 3731 filius·
1250 3669 1308 3729 exv
1354 3636 1416 3729 eo
1468 3624 1624 3729 matri-v

153 3773 363 3899 „monio
400 3810 658 3915 procreatus
691 3775 895 3917 quinque·
928 3772 1077 3876 aetatis
1113 3813 1250 3873 annos
1279 3769 1564 3914 adlmpleret.
1591 3789 1631 3834 “'
1679 3789 1683 3793 ’

223 3927 430 4020 ΧΧΧΠΙ.
486 3919 577 4018 His
607 3919 741 4020 dictis·
771 3915 1137 4038 conditionibus,
1170 3952 1217 4018 et
1247 3914 1475 4026 obsidibus
1511 3955 1622 4055 qua-¹

155 4093 267 4160 tuor
312 4061 445 4162 Gallis
483 4062 588 4164 viris
624 4060 893 4205 principibus
928 4062 1159 4207 acceptis,
1208 4061 1393 4165 Carolus
1417 4097 1451 4180 ,“
1468 4057 1624 4161 Cardi-

153 4204 258 4304 nale
290 4203 512 4308 Modonis·
556 4244 721 4310 vocato
755 4286 771 4329 ‚
808 4243 859 4309 et
887 4206 1061 4310 duobus
1097 4203 1347 4347 proceribus
1381 4281 1397 4324 ‚
1432 4240 1628 4343 quotum
1750 4220 1757 4231 '

156 4348 327 4449 altera
363 4350 530 4471 Guisa‚
566 4351 670 4453 alter
705 4392 733 4451 a
766 4353 899 4454 Valle
928 4348 1367 4495 cognominabatur,
1401 4380 1444 4447 ct
1477 4347 1623 4449 Almi-

161 4490 275 4591 rallii
312 4491 406 4595 filio
424 4573 443 4615 ,
459 4494 580 4639 Regi
598 4533 750 4638 pacem
787 4494 919 4596 dedit
947 4483 1002 4596 eo
1034 4530 1263 4636 tempore,
1285 4530 1393 4592 cum
1418 4493 1630 4595 omniunt

157 4633 327 4763 judicio
361 4678 459 4740 non
493 4675 590 4740 erat·
615 4642 658 4742 ei
712 4635 890 4743 difficile
945 4639 1219 4741 Franciscum
1253 4650 1419 4780 Regno·
1450 4672 1535 4739 aut
1568 4677 1626 4737 o-

147 4776 312 4881 mnino
331 4856 353 4900 ,.
382 4819 461 4883 aut
495 4823 663 4926 magna.
693 4825 746 4888 ex
779 4818 909 4928 parte·
940 4783 1161 4922 dejicere·s
1193 4792 1317 4886 Nam
1328 4859 1349 4905 ,‚
1382 4819 1492 4884 cum
1521 4781 1627 4880 duo

1544 4919 1628 5022 bus
