4042 5864
113 547 151 632 In
169 557 275 628 altum
300 552 463 648 procedit,
477 545 533 618 sed
553 559 653 616 vento
670 561 784 614 muta·

111 676 162 741 to,
179 657 213 725 in
226 651 380 723 eumdem
407 649 547 718 Veneris
563 665 700 741 portum
718 666 783 714 sese

109 754 241 850 recipit.
275 755 321 821 11.
360 770 438 844 354.
468 749 546 836 Ejus
576 768 689 815 morae
720 765 781 812 oc·

109 856 241 925 casione
267 851 424 921 invitatus
446 844 681 942 perpinianum
702 866 780 941 pro-

109 953 224 1036 cedit,
258 950 466 1041 libenterque
500 944 706 1016 considerat.
731 944 778 1013 11.

114 1074 195 1147 354.
235 1057 296 1120 Per
322 1051 442 1118 Elnam
467 1044 510 1115 ad
539 1068 637 1115 naves
667 1064 779 1112 rever·

108 1171 181 1223 tens
204 1173 272 1218 non
301 1146 467 1216 mediocre
483 1144 668 1240 periculum
693 1140 775 1223 adit,

109 1251 209 1321 latere
243 1247 356 1317 coctili
382 1270 423 1315 ex
461 1247 526 1313 alta
570 1242 652 1312 turri
685 1239 777 1310 deci·

109 1349 226 1419 dente.
248 1352 294 1416 11.
312 1364 392 1438 354.
418 1343 559 1413 Litteras
571 1341 612 1412 de
625 1365 683 1410 sua
696 1363 777 1437 pro-

108 1445 253 1520 sectione
278 1445 322 1515 ad
357 1444 520 1515 Carolum
556 1461 685 1537 patrem
739 1455 774 1507 et

110 1546 154 1618 ad
194 1544 462 1615 Maximilianum
500 1541 580 1612 dat.
613 1542 659 1608 II.
694 1557 775 1633 355.

109 1644 240 1717 Contra
266 1664 381 1713 ventos
398 1643 695 1736 tempestatemque
722 1639 775 1706 ni-

111 1765 182 1814 tens
207 1742 250 1812 ad
278 1746 408 1811 Fossam
436 1741 622 1811 Marianam
659 1737 775 1805 venit.

110 1846 155 1915 11.
188 1864 267 1934 355.
303 1843 460 1912 Genuam
494 1837 537 1907 ad
568 1834 774 1907 Gomezium

110 1949 256 2015 Xuatem
285 1939 420 2019 scribit,
439 1955 475 2004 ut
507 1956 625 2003 navem
647 1931 774 2005 cibariis

112 2058 269 2110 onustam
307 2036 367 2104 sibi
402 2034 536 2103 obviam
563 2033 697 2101 mittat.
726 2034 774 2100 11.

117 2161 156 2230 35
167 2159 197 2224 5.
211 2136 268 2206 Ad
285 2131 482 2204 Stoechadas
503 2131 620 2201 insulas
639 2151 774 2226 progre-

113 2235 224 2306 ditur.
248 2240 293 2304 11.
314 2256 393 2325 355.
414 2236 446 2301 Α
476 2229 656 2326 sabaudiae
675 2231 774 2297 Duce

111 2332 347 2426 amplissimum
371 2329 574 2402 cibariorum
605 2350 725 2396 munus
738 2327 773 2394 in

111 2430 236 2525 scaphis
253 2428 447 2500 submissum
475 2426 605 2521 accipit.
626 2432 671 2495 ΙΙ.
692 2427 772 2517 356.

111 2534 258 2601 Savonae
285 2547 422 2625 portum
450 2546 483 2594 et
507 2527 623 2595 urbem
650 2526 773 2593 intrat.

110 2635 159 2700 11.
176 2633 255 2722 356.
284 2634 425 2725 Legatos
449 2626 651 2704 Genuenses,
668 2623 774 2717 pluri·-

112 2749 250 2818 mosque
270 2725 435 2818 Principes
456 2724 541 2791 viros
561 2740 593 2789 et
610 2720 774 2790 cardina*

112 2826 158 2894 les
178 2821 282 2894 officii
296 2854 298 2861 Α
310 2823 414 2919 gratia
440 2819 604 2888 venientes
629 2819 769 2913 accipit.

113 2927 160 2993 II.
183 2925 261 3014 356.
289 2923 501 2991 Genuensem
532 2935 669 3012 portum
694 2941 772 2987 cum

114 3043 235 3116 magna
273 3019 496 3117 gratulatione
529 3017 656 3097 intrat,
681 3015 772 3085 etin

112 3117 316 3215 praetorium
349 3114 577 3186 suburbanum
619 3111 774 3183 Andreae

112 3217 239 3289 Doriae
250 3215 397 3285 divertit.
418 3215 463 3281 II.
477 3233 554 3305 357.
575 3210 627 3281 Ibi
644 3215 774 3282 aDuce

114 3314 284 3386 Genuensi
310 3312 488 3403 ceterisque
504 3310 772 3406 Magistratibus,

112 3432 177 3482 eta
197 3409 430 3482 Cardinalibus
448 3409 681 3480 Genuensibus
696 3412 775 3478 Do-

114 3511 161 3580 ria
177 3529 211 3578 et
236 3509 326 3580 Cibo
348 3507 528 3604 excipitur.
551 3512 596 3577 11.
616 3528 694 3601 357.
711 3506 774 3579 of·

112 3608 188 3680 ficia
219 3607 409 3702 Principum
433 3625 492 3689 ‚et
514 3606 627 3677 ltaliae
655 3606 775 3677 civita·

112 3724 188 3776 tum
216 3728 275 3801 per
292 3711 451 3804 Legatos,
482 3724 515 3774 et
532 3705 772 3775 nonnullorum

114 3826 253 3874 munera
282 3806 421 3900 accipit.
449 3805 495 3872 11.
523 3806 602 3896 358.
631 3808 774 3901 Legatos

114 3901 159 3973 ad
188 3904 328 3972 Paulum
361 3910 459 3973 Pont.
483 3923 517 3971 et
545 3901 589 3973 ad
617 3905 774 3974 Senatum

115 4000 283 4070 Venetum
307 3999 470 4071 salutandi
503 4001 606 4098 gratia
647 4001 772 4071 mittit.

113 4103 161 4168 II.
183 4099 260 4189 358.
290 4103 418 4197 Magno
444 4102 625 4182 comitatu,
642 4120 675 4169 et
702 4103 776 4172 Ge·

114 4195 289 4267 nuensium
312 4199 534 4295 gratulatione
557 4220 591 4269 et
613 4200 773 4292 obsequio

113 4297 271 4366 Genuam
297 4295 499 4392 ingreditur.
526 4303 572 4366 II.
600 4318 678 4391 359.
714 4306 774 4369 Pe·

114 4414 216 4463 retatn
265 4394 420 4490 Principis
466 4396 591 4465 Doriae
621 4421 772 4485 uxorem,

113 4490 194 4560 item
235 4493 342 4562 Marci
374 4493 587 4563 Centurionis
620 4485 772 4581 uxorem,

113 4591 369 4684 Joannctinique
396 4592 522 4662 Doriae
549 4591 685 4664 viduam
708 4596 773 4665 ho-

115 4687 205 4756 noris
227 4711 321 4758 causa
340 4690 473 4772 invisit,
491 4711 524 4760 et
547 4694 684 4788 gemmis
700 4719 774 4765 ma-

116 4785 173 4882 gni
199 4786 292 4879 pretii
315 4785 441 4858 donat.
474 4794 518 4860 II.
548 4797 624 4890 36ο.
662 4795 775 4882 Quin·

117 4883 227 4954 decim
258 4882 324 4956 dies
347 4886 391 4960 ad
418 4890 575 4963 Genuam
604 4913 772 4979 moratus,

879 545 923 615 ab
947 539 1084 614 Andrea
1118 539 1226 610 Doria
1256 524 1345 639 regio
1376 554 1539 638 apparatu

878 663 911 713 et
942 638 1196 738 splendidissime
1230 640 1352 710 alitur.
1378 646 1427 710 11.
1461 641 1537 731 360.

876 746 916 814 Se
936 743 978 813 ad
1001 739 1115 810 omnia
1150 738 1394 835 perhumanum
1420 737 1539 811 affabi-

876 844 1009 935 lemque
1030 839 1182 937 praebet.
1203 845 1250 909 11.
1274 844 1352 932 361.
1375 840 1442 909 Die
1461 859 1538 907 ven-

876 943 918 1013 tis
940 961 973 1011 et
995 940 1126 1010 nivibus
1143 938 1321 1034 asperrimo
1344 941 1466 1010 Genua
1483 935 1537 1005 di-

877 1040 1050 1139 greditur.
1077 1044 1124 1108 Il.
1149 1043 1229 1131 361.
1260 1045 1320 1108 Per
1341 1037 1429 1107 viam
1444 1032 1537 1106 diffi-

878 1142 1036 1210 cillimam
1064 1157 1192 1233 partem
1219 1137 1341 1207 itineris
1354 1137 1417 1207 suis
1444 1133 1539 1230 pedi-

878 1241 939 1309 bus
973 1237 1081 1309 facere
1122 1255 1258 1307 coactus
1273 1286 1284 1319 ,
1302 1234 1540 1307 Alexandriam

878 1339 986 1410 Pallae
1008 1338 1177 1433 pervenit.
1202 1338 1247 1406 11.
1269 1341 1347 1428 361.
1375 1343 1437 1406 Per
1451 1337 1540 1403 Ton-

878 1456 994 1507 tonam
1017 1457 1051 1506 et
1074 1435 1208 1530 Papiam
1229 1433 1462 1506 Mediolanum
1479 1432 1539 1503 de·

880 1536 1035 1607 ducitur.
1056 1537 1102 1604 11.
1120 1539 1198 1626 361.
1214 1534 1444 1605 Marchionem
1456 1536 1540 1604 Ber-

879 1659 1045 1734 gensema
1069 1633 1206 1731 Reginis
1228 1632 1335 1704 amitis
1372 1657 1413 1704 ex
1448 1634 1537 1702 Bru-

879 1735 970 1806 xellis
1012 1730 1177 1803 salutandi
1214 1752 1248 1801 et
1286 1729 1390 1802 oflicii
1431 1731 1538 1829 gratia

879 1834 1012 1903 missum
1027 1829 1094 1914 ,ad
1119 1834 1310 1900 Tortonam
1328 1830 1460 1925 recipit.
1492 1832 1537 1900 11.

884 1937 966 2025 361.
995 1930 1052 2002 Ad
1069 1929 1202 2026 Papiam
1225 1948 1355 2024 septum
1371 1954 1469 1998 muro
1488 1931 1540 1999 lo-

880 2053 957 2101 cum
983 2076 994 2112 ,
1020 2029 1080 2122 qui
1108 2041 1214 2101 Parcus
1232 2027 1356 2098 dicitur
1372 2077 1383 2111 ,
1398 2028 1539 2098 libenter

880 2128 991 2211 videt,
1018 2127 1077 2197 ubi
1103 2129 1282 2199 Gallorum
1305 2131 1380 2199 Rex
1408 2126 1539 2198 Franci*

879 2252 952 2302 scus
965 2226 1072 2296 victus
1085 2246 1118 2296 et
1138 2247 1252 2322 captus
1265 2224 1384 2296 fuerat.
1408 2228 1537 2317 11.362.

880 2332 1056 2398 Certosam
1068 2349 1205 2418 quoque
1220 2324 1458 2393 nobilissimum
1475 2331 1541 2395 Ita·

879 2424 939 2496 liae
962 2424 1233 2496 Cartusianornm
1259 2422 1458 2494 coenobium
1484 2425 1538 2492 in·

879 2524 972 2595 visit.
990 2528 1035 2593 II.
1054 2526 1133 2616 362.
1162 2521 1339 2599 Binascum
1363 2520 1535 2616 procedit.

878 2628 924 2694 ΙΙ.
945 2626 1024 2714 362.
1045 2630 1105 2693 Per
1118 2641 1257 2717 pontem
1274 2639 1307 2690 et
1332 2621 1420 2690 viam
1440 2645 1539 2717 supra

880 2745 1014 2791 murum
1030 2740 1163 2790 stratam
1181 2719 1413 2790 Mediolanum
1425 2718 1538 2789 intrat.

877 2822 923 2889 11.
956 2823 1033 2911 364.
1062 2817 1194 2915 Ingenti
1218 2837 1250 2889 et
1278 2817 1538 2913 splendidissimo

878 2919 1041 2989 comitatu
1073 2918 1117 2987 ad
1157 2915 1341 2987 Mediolani
1374 2920 1537 3012 templum

878 3017 1061 3086 maximum
1095 3016 1245 3112 procedit
1273 3064 1284 3098 ,
1310 3039 1347 3086 ac
1375 3015 1407 3086 in
1445 3015 1539 3086 aedes

877 3115 1112 3186 convenienter
1165 3138 1321 3209 personae
1365 3113 1539 3185 instructas

878 3212 1027 3284 divertit.
1063 3218 1110 3283 II.
1144 3218 1224 3307 363.
1271 3215 1461 3305 Insequenti
1484 3212 1539 3283 die

877 3332 982 3405 noctu
1010 3314 1171 3383 Carolum
1197 3309 1377 3384 Sabaudiae
1403 3315 1538 3383 Ducem

876 3413 1054 3482 salutatum
1076 3410 1251 3505 procedit.
1278 3414 1323 3479 11.
1354 3415 1431 3505 363.
1460 3413 1538 3479 Fer·

878 3508 980 3580 nandi
1024 3512 1208 3607 Gonzagae
1251 3531 1390 3578 uxorem
1433 3506 1550 3579 oflicii·

875 3609 980 3707 gratia
1006 3609 1146 3678 salutat.
1174 3615 1221 3679 II.
1242 3609 1320 3699 363.
1348 3613 1381 3677 A
1408 3612 1537 3700 Joanne

875 3715 971 3779 Luna
989 3706 1249 3778 ,Mediolanensis
1264 3706 1344 3776 arcis
1368 3705 1536 3802 praefecto

877 3807 921 3878 ad
950 3804 1127 3900 prandium
1150 3803 1409 3903 splendidissimo
1441 3829 1539 3902 appa·

874 3926 949 3977 ratu
976 3904 1159 4000 accipitur.
1195 3906 1239 3974 II.
1265 3907 1344 3998 364.
1370 3904 1539 3998 Equestris

874 4004 1061 4074 certaminis
1085 4003 1294 4074 simulacrum
1328 4005 1431 4074 libens
1470 4025 1539 4099 spe·

875 4122 966 4174 ctat.
994 4104 1038 4170 II.
1072 4107 1151 4196 364.
1194 4101 1367 4173 Femando
1395 4105 1538 4174 Gonza-

872 4226 931 4301 gae
950 4200 991 4271 de
1024 4200 1109 4288 filiae
1133 4201 1257 4298 nuptiis
1281 4200 1437 4300 gratulari
1466 4220 1536 4270 stu·

874 4301 953 4372 det.
983 4302 1028 4368 ΙΙ.
1059 4305 1138 4394 364.
1176 4307 1206 4372 A
1239 4298 1410 4370 Femando
1435 4301 1538 4370 Gon·

873 4423 954 4497 zaga
981 4398 1024 4468 ad
1050 4400 1232 4495 nuptialem
1256 4422 1396 4470 coenam
1416 4397 1539 4467 invita·

873 4519 927 4569 tus
948 4496 1147 4569 discumbit.
1184 4504 1229 4569 ΙΙ.
1256 4502 1334 4591 364.
1364 4503 1403 4568 In
1429 4496 1537 4593 capite

874 4620 1003 4668 mensae
1034 4621 1154 4668 coenae
1189 4599 1344 4693 nuptialis
1376 4592 1537 4667 Fernandi

874 4700 1058 4791 Gonzagae
1075 4696 1160 4768 filiae
1187 4695 1366 4767 accumbit.
1382 4702 1427 4765 II.
1457 4699 1536 4787 364.

874 4800 965 4866 Cum
1006 4797 1196 4894 Hippolyta
1244 4799 1409 4892 Gonzaga
1452 4816 1539 4862 nova

876 4913 981 4991 nupta
1005 4894 1185 4994 tripudiat.
1214 4898 1259 4963 II.
1288 4900 1367 4988 365.
1392 4898 1542 4963 Interrito

1193 5008 1246 5068 1³2
1501 5013 1545 5061 st·
