4124 5880
529 429 582 490 20
907 402 992 483 DE
1040 396 1242 479 REBUS
1291 395 1510 477 GESTIS

497 565 581 706 giis
619 555 856 678 onerariis,
892 597 1002 697 quae
1038 558 1198 657 nuntio
1240 594 1469 698 captarum
1504 548 1684 656 navium
1718 546 1957 676 deterrita,

498 709 547 810 in
585 706 809 850 proximos
851 738 1002 845 portus
1048 712 1134 801 sese
1178 736 1452 844 receperant.
1506 714 1626 802 Cum
1662 698 1840 838 reliquis
1876 741 1960 800 au·

504 888 595 953 tem
632 846 815 951 navibus
853 883 896 948 et
931 884 1035 948 octo
1065 845 1263 987 peditum
1299 843 1491 946 millibus
1529 840 1843 985 equitibusque
1879 883 1964 947 sex·

504 997 637 1098 centis
671 990 980 1132 Lutlrphinum
1000 1003 1188 1091 'Bassam
1225 991 1277 1091 in
1314 991 1524 1132 Apuliam
1560 987 1757 1117 trajicere
1793 983 1958 1119 jubet,

423 1234 425 1238 .
504 1181 553 1240 ac
586 1138 806 1278 oppidum
832 1136 1012 1277 aliquod
1042 1172 1175 1274 atquc
1204 1136 1383 1276 portum
1417 1132 1724 1273 occupandum
1761 1132 1965 1232 munien-

503 1285 701 1424 dumque
736 1320 928 1400 curate,
965 1319 1058 1419 quo
1099 1279 1247 1380 ceteris
1281 1277 1421 1421 copiis
1456 1276 1795 1417 transportandis
1831 1314 1966 1417 expe-

505 1429 621 1526 ditus
648 1461 755 1525 esset
789 1463 921 1564 atque
957 1459 1076 1523 tutus
1100 1423 1149 1522 in
1185 1459 1344 1524 tertam
1370 1421 1541 1523 Italiam
1569 1460 1783 1522 accessus.
1820 1419 1967 1521 Luth-

506 1569 699 1714 Pinnos,
737 1564 861 1667 brevi
897 1575 1079 1694 trajectu
1115 1566 1164 1664 in
1207 1605 1332 1667 oram
1366 1566 1511 1666 Italiae
1548 1563 1773 1706 compulsa
1813 1574 1966 1685 classe,

506 1753 598 1817 non
642 1710 794 1853 procul
838 1708 893 1809 ab
931 1710 1174 1845 Hydrunto
1216 1713 1362 1853 copias
1398 1710 1614 1852 exponit,
1646 1747 1689 1810 et
1724 1721 1964 1827 Castrum,

507 1857 727 1997 oppidum
763 1894 950 1997 parvum
987 1854 1095 1954 illud
1122 1855 1334 1995 quidem,
1371 1857 1446 1955 sed
1471 1851 1675 1994 operibus
1710 1852 1824 1954 bene
1860 1892 1966 1954 mu-

507 2003 689 2118 nitum,
717 2016 983 2142 oppugnare
1017 2037 1281 2141 aggressus,
1318 2000 1565 2139 oppidanos
1600 1997 1828 2139 repentino
1864 2036 1967 2098 me-

507 2179 554 2244 tu
592 2144 843 2283 perculsos,
884 2180 927 2244 et
963 2141 1105 2244 vitam
1141 2145 1279 2244 modo
1316 2182 1420 2243 cum
1456 2142 1655 2244 libertate
1691 2178 1882 2285 pactos,
1917 2141 1966 2240 in

507 2288 782 2390 deditionem
822 2287 994 2387 venite
1029 2287 1293 2428 compulits
1339 2328 1451 2428 quos
1487 2322 1632 2389 tamen
1680 2287 1848 2428 oppido
1892 2284 1967 2386 di-

507 2470 709 2574 gressos,
743 2472 792 2531 ac
828 2434 1122 2572 Hydruntum
1157 2432 1469 2532 contendentes
1488 2508 1502 2551 ,
1520 2432 1775 2572 interposita
1809 2469 1936 2530 causa
1951 2504 1968 2548 ,

509 2578 635 2717 quod
684 2576 893 2696 tardius,
945 2616 1080 2719 quam
1122 2614 1393 2720 oporteret,
1437 2575 1765 2695 discessissent,
1811 2612 1968 2675 omnes

508 2758 698 2821 numero
755 2721 922 2822 circiter
986 2759 1163 2826 centum
1215 2720 1587 2863 quinquaginta,
1634 2718 1796 2819 violata
1849 2716 1971 2835 fide,

510 2868 681 2965 Turcae
728 2901 1004 3006 peremerunt
1040 2946 1056 2987 ,
1098 2902 1266 3006 praeter
1306 2861 1488 2965 feminas
1540 2901 1584 2964 et
1626 2902 1818 3008 pueros,
1853 2899 1970 3004 quos

509 3009 651 3147 magis
686 3010 850 3147 placuit
886 3012 933 3109 in
970 3012 1221 3112 servitutem
1257 3007 1527 3111 abstrahere.
1925 3110 1928 3117 ,

583 3159 688 3259 ΧΧ.
762 3155 852 3253 Hic
880 3154 1059 3254 nuntius
1094 3153 1142 3254 in
1171 3154 1419 3255 universam
1446 3154 1615 3256 Italiam
1648 3150 1838 3254 celeriter
1865 3186 1973 3290 pet-

511 3292 621 3392 latus
660 3373 675 3414 ,
718 3334 938 3440 magnum
972 3298 1140 3441 ubique
1177 3337 1387 3400 terrorem
1424 3299 1619 3430 injecit,
1669 3295 1835 3398 cunctis
1871 3333 1974 3393 me-

513 3435 780 3559 tuentibus,
823 3483 879 3544 ne
913 3443 1060 3542 multo
1096 3442 1338 3574 majoribus
1372 3442 1555 3583 copiis,
1600 3482 1707 3584 quas
1743 3439 1798 3540 ad
1833 3436 1976 3539 Aulo.

514 3619 617 3680 nem
677 3586 933 3686 convenisse
996 3583 1267 3705 constabat,
1316 3629 1342 3687 a
1391 3585 1630 3723 Solymauo
1680 3580 1977 3700 transmissis,

400 3823 403 3828 .
513 3763 685 3825 summa
724 3725 1011 3869 Reipublicae
1056 3728 1373 3853 Christianae,
1409 3732 1659 3872 praesertim
1698 3729 1888 3847 Italiae,
1926 3724 1977 3825 in

512 3870 742 3969 discrimen
786 3869 1049 3972 difficillimo
1086 3911 1328 4016 tempore,
1378 3872 1683 3975 dissidentibus
1719 3867 1976 3973 Christianis

511 4013 823 4155 Principibus,
860 4017 1175 4118 adduceretur.
1217 4027 1339 4118 Nam
1376 4019 1527 4118 Caroli
1562 4016 1756 4156 copiae,
1792 4015 1841 4116 in
1877 4052 1975 4155 quo

509 4158 654 4256 Italiae
690 4200 740 4259 ac
776 4161 965 4262 omnino
1001 4160 1355 4263 Christianorum
1392 4161 1502 4259 salus
1538 4158 1759 4263 nitebatur
1791 4237 1803 4274 ‚
1842 4193 1887 4256 et
1924 4157 1976 4257 in

511 4338 644 4438 quem
685 4298 770 4403 fere
820 4345 973 4408 omnes
1020 4303 1345 4425 intuebantur,
1392 4304 1561 4406 Gallico
1606 4306 1723 4407 bello
1777 4340 1873 4427 tum
1915 4299 1976 4402 ad

510 4445 768 4563 Taurinos,
804 4485 900 4552 tum
936 4451 1072 4552 etiam
1107 4452 1154 4550 in
1189 4451 1333 4590 Belgis
1370 4450 1715 4550 distinebantur.
1755 4459 1972 4546 Ceterum

508 4593 656 4688 Petrus
692 4591 910 4710 Toletus,
959 4595 1168 4735 quirem
1204 4593 1544 4732 Neapolitanam
1582 4635 1663 4733 pto
1699 4603 1825 4734 Rege
1861 4667 1876 4710 ,
1924 4626 1975 4692 ut

506 4769 634 4872 supra
691 4735 860 4836 dictum
908 4772 1017 4858 est,
1066 4735 1445 4857 administrabat,
1493 4739 1730 4878 diligenter
1789 4735 1973 4852 omnia,

1857 4918 1973 5017 quae
