4042 5864
72 453 236 540 Glajonus
255 452 455 522 Tarvannae
472 452 717 550 oppugnationi
732 453 783 523 in·
834 448 1072 545 Gomphien'us
1098 444 1367 538 (Guilielmus).
1400 465 1431 523 V.
1467 456 1539 526 Al·-

40 623 42 625 .
119 569 236 619 terest.
266 556 312 619 ΙΙ.
342 555 425 641 460.
875 550 1191 620 miralliusGalliae.

71 651 183 731 611111,
199 672 316 718 currus
346 669 452 719 tectus
487 650 532 719 ita
559 673 578 719 a
605 649 780 720 Pannoniis
824 649 990 744 Gongora
1013 650 1194 735 (Careias)
1229 652 1378 725 centurio
1400 651 1536 723 Cordu-

119 748 318 843 appellatus.
344 753 390 817 ΙΙ.
417 768 499 839 194.
873 746 979 816 bensis
1001 749 1051 818 vir
1066 749 1194 845 egregia
1218 750 1366 831 virtute,
1386 770 1418 818 et
1440 751 1534 824 domi

69 847 227 919 Godinus
253 845 485 934 (Ludovicus)
513 844 656 943 Bugiam
682 847 776 915 Tur·
875 845 995 916 nobilis
1034 846 1068 916 in
1104 848 1229 942 praelio
1270 847 1455 920 occiditur.
1485 857 1532 922 II.

117 947 162 1015 cis
189 944 330 1042 turpiter
366 944 479 1016 dedit.
507 950 552 1016 ΙΙ.
581 946 660 1033 518.
692 952 776 1015 Pro·
873 965 960 1035 454.

119 1064 239 1127 vocat,
264 1068 400 1114 omnem
424 1046 555 1140 culpam
582 1044 616 1114 in
648 1041 775 1139 praefe-
823 1043 990 1140 Gouzaga
1019 1040 1214 1129 (Andreas)
1246 1044 1424 1138 Fernandi¹
1445 1040 1533 1122 filius

118 1161 212 1211 ctum
232 1146 393 1213 Pcraltam
418 1144 632 1232 rejiciens,et
648 1143 774 1216 1111111-
869 1142 1057 1237 Philippum
1086 1142 1317 1215 Mediolanum
1351 1144 1532 1216 intrantem
1653 1196 1654 1199 .
1700 1188 1701 1191 =

118 1239 198 1308 culis
221 1264 352 1311 causant
377 1241 476 1311 dicit.
500 1246 546 1311 II.
574 1261 652 1330 519.
870 1242 1072 1314 comitatur.
1101 1247 1147 1312 ΙΙ.
1177 1247 1254 1335 363.

69 1336 228 1407 Godosus
251 1344 407 1425 (Petrus)
442 1365 521 1410 cum
561 1339 771 1411 Nomadibus
821 1339 987 1438 Gonzaga
1007 1340 1231 1439 (Cagninius)
1247 1341 1528 1436 pecuniaaFram

114 1433 283 1507 fortissime
307 1437 464 1510 dimicat.
494 1445 522 1509 Ι.
551 1445 627 1530 376.
871 1440 956 1509 cisco
980 1444 1074 1536 Rege
1101 1439 1194 1510 missa
1228 1439 1347 1509 milites
1379 1439 1412 1509 in
1433 1440 1530 1511 Italia

64 1531 220 1623 Godojus
257 1543 392 1625 (Petrus
428 1537 642 1634 Mugnizius)
682 1542 771 1608 Cor*
871 1536 1106 1610 conducendos
1140 1558 1253 1611 curat.
1291 1543 1319 1606 I.
1346 1543 1430 1629 446.
1468 1547 1529 1609 Pet

114 1631 269 1704 dubensis
295 1636 457 1709 Castellae
488 1635 643 1708 Concilio
666 1636 768 1708 inter·
869 1636 1121 1708 caduceatorem
1143 1636 1375 1709 Gennensibus
1399 1636 1530 1708 denun-

112 1751 177 1800 est.
206 1739 251 1804 II.
276 1758 333 1823 70.
869 1734 954 1817 tiat,
983 1754 1021 1803 ut
1047 1736 1105 1806 nisi
1135 1735 1265 1807 hostilia
1291 1736 1359 1830 pati
1392 1734 1530 1809 urbem*

65 1826 190 1901 Goleta
221 1831 410 1903 aedificium
437 1832 470 1902 in
500 1832 612 1902 littore
633 1884 645 1918 ‚
674 1832 767 1922 cujus
867 1855 935 1926 que
951 1833 1049 1928 diripi
1069 1835 1193 1916 velint,
1213 1855 1275 1903 sese
1287 1835 1316 1903 ei
1333 1835 1366 1903 in
1380 1853 1529 1930 potesta*

110 1925 218 2002 forma
239 1930 456 2002 describitur.
484 1938 511 2002 Ι.
541 1955 556 2024 3
590 1952 620 2020 5.
868 1950 936 2001 tem
960 1931 1171 2028 permittant.
1201 1937 1229 2002 I.
1254 1954 1338 2023 447.

62 2024 187 2099 Goleta
222 2053 240 2098 a
272 2029 463 2102 Charadino
499 2047 702 2125 occupatur.
735 2033 764 2097 I.
818 2032 983 2127 Gonzaga
1010 2031 1194 2115 (Carolus)
1222 2049 1414 2128 aegrotante
1449 2030 1528 2100 Me*

115 2150 191 2217 347.
231 2127 342 2197 Primo
381 2128 424 2198 ab
463 2126 609 2197 adventu
648 2125 764 2199 Caroli
864 2127 988 2224 lignani
999 2129 1194 2200 Marclrione
1214 2129 1379 2200 maritima
1403 2131 1521 2198 Senen-

110 2223 164 2294 die
201 2224 273 2321 capi
308 2244 434 2322 potest.
472 2231 500 2294 Ι.
543 2248 620 2319 370.
662 2228 765 2296 Novo
864 2226 903 2296 sis
938 2225 1071 2299 ditionis
1099 2229 1229 2300 castella
1264 2243 1452 2324 expugnat.
1478 2229 1525 2295 II.

108 2324 298 2393 Turcarum
335 2331 567 2416 Penorumque
604 2323 763 2420 praesidio
864 2328 946 2416 456.

108 2442 230 2492 aucta.
275 2427 303 2491 Ι.
351 2446 428 2514 370.
470 2424 577 2493 Nullis
610 2421 763 2494 humanis
815 2424 982 2521 Gonzaga
1012 2421 1224 2510 (Federicus)
1259 2422 1376 2495 Bazuli
1429 2421 1527 2493 Prin*

107 2519 231 2589 viribus
249 2520 431 2618 expugnari
452 2544 543 2616 posse
562 2519 711 2591 videtur.
733 2525 762 2590 1.
866 2547 958 2618 ceps.
992 2526 1020 2591 Ι.
1054 2526 1132 2592 126.
1461 2582 1464 2587 .

111 2640 190 2710 371.
220 2621 324 2690 Τ1110
352 2621 501 2713 marique
528 2638 760 2718 oppugnatur.
814 2623 981 2717 Gonzaga
1005 2620 1212 2705 (federicus)
1237 2621 1399 2689 Mantuae
1425 2617 1521 2688 Prin-

107 2720 137 2785 Ι.
170 2718 248 2808 385.
864 2743 954 2812 ceps.
991 2721 1019 2785 Ι.
1065 2723 1143 2788 116.
1184 2717 1289 2786 Ducis
1323 2716 1422 2783 titulo
1461 2737 1524 2810 pro

57 2812 202 2883 Goletae
224 2832 431 2909 expugnatae
454 2812 590 2883 nuntius
608 2818 760 2895 Romae,
863 2812 1058 2886 Marchione
1096 2839 1114 2884 a
1146 2817 1284 2884 Caesare
1319 2811 1517 2910 insignitur.

108 2911 240 2994 Italiae,
257 2931 288 2979 11
308 2912 498 2982 Christianis
518 2912 760 3009 omnibusgra-
863 2918 893 2983 Ι.
916 2931 998 3004 193.
1022 2908 1261 2983 Montisferrati
1285 2911 1523 2982 Marchionatu

106 3009 269 3081 tissimus.
294 3015 322 3079 I.
350 3028 427 3104 390.
863 3012 1026 3082 aCarolo
1048 3031 1191 3091 auctus,
1220 3013 1377 3083 Genuam
1415 3008 1523 3103 ipsum

57 3104 211 3179 Golisani
234 3114 356 3180 Comes
385 3108 483 3179 Siculi
510 3110 673 3180 tumultus
698 3130 760 3181 att·
860 3111 1077 3180 salutaturum
1102 3107 1209 3177 venit.
1234 3113 1262 3178 Ι.
1283 3128 1367 3198 433.

107 3225 204 3276 1101.
232 3213 262 3277 Ι.
291 3227 345 3301 39.
375 3207 481 3277 Sicilia
504 3200 661 3278 excedere
695 3209 759 3295 jus·
814 3208 977 3304 Gonzaga
1005 3205 1198 3292 (Federicus
1223 3226 1257 3277 et
1285 3203 1514 3285 Franciscus).

106 3329 182 3374 sus.
211 3308 240 3374 1.
261 3328 321 3395 40.
346 3306 402 3376 Ab
421 3311 627 3402 Imperatore
656 3312 761 3377 Caro·
860 3320 894 3378 V.
916 3308 1076 3376 Mantuae
1103 3307 1198 3375 Dux.

103 3402 140 3470 lo
179 3401 349 3472 dimissus.
373 3410 401 3474 Ι.
429 3427 490 3495 41.
530 3419 563 3476 V.
600 3404 759 3476 Cardona
812 3404 978 3502 Gonzaga
999 3413 1014 3490 (
1022 3401 1228 3481 Pernandus)
1248 3402 1415 3493 equitatus
1426 3411 1522 3492 prae-⁵

104 3506 287 3586 (Petrus).
859 3501 966 3573 fectus
993 3504 1077 3572 male
1107 3517 1253 3596 pugnat.
1278 3503 1523 3585 Ι.1ς1-.Ι)111ό

52 3592 240 3669 Gomezius
279 3599 374 3686 Ajala
412 3599 633 3686 (Antonius)
665 3600 759 3693 quasi
861 3601 907 3671 cis
927 3600 1043 3672 diebus
1070 3597 1266 3687 interjectis,
1296 3595 1400 3664 altero
1428 3611 1520 3689 prae-

103 3718 235 3792 praetor
250 3698 448 3769 Cantabriae
468 3698 654 3770 aConcilio
665 3703 757 3768 Tor·
860 3701 906 3768 lio
940 3698 1024 3768 illius
1051 3695 1148 3796 fugae
1183 3692 1427 3790 turpitudinem
1461 3686 1522 3760 de·

101 3795 217 3866 sillano
237 3797 455 3866 constitutus.
486 3805 514 3868 I.
531 3817 590 3882 91.
618 3803 650 3867 Α
669 3800 759 3869 Mar·
860 3799 924 3866 let.
953 3803 981 3865 Ι.
1007 3818 1088 3883 252.
1115 3795 1232 3865 Gallos
1256 3791 1375 3889 fugat,
1395 3809 1453 3859 aut
1472 3789 1521 3856 in-

102 3894 176 3963 tino
199 3895 306 3964 Alata
322 3894 355 3964 in
376 3896 463 3965 lecto
483 3896 756 3991 comprehensus,
860 3893 980 3965 terfrcit
1004 3941 1016 3975 ,
1045 3910 1102 3962 aut
1136 3892 1243 3985 capit.
1268 3896 1295 3959 Ι.
1321 3908 1402 3977 255.
1430 3893 1522 3957 Cum

101 4010 135 4059 et
162 3991 268 4087 capite
291 3994 489 4063 mulctatus.
511 3999 541 4063 I.
565 4013 624 4078 91.
859 3991 1025 4084 equitibus
1048 3988 1268 4086 pabulationis
1289 3987 1395 4086 gratia
1413 3982 1524 4055 athi*

51 4089 238 4161 Gomezius
262 4090 466 4176 (Rodericus
494 4092 599 4174 Silva)
635 4090 759 4187 Philip-
860 4091 979 4161 liberto
1004 4090 1133 4159 missus.
1162 4095 1190 4158 1.
1222 4106 1302 4174 259.
1330 4091 1523 4153 1111111110α

98 4212 182 4285 pum
204 4187 386 4283 Principem
411 4190 444 4259 in
468 4189 672 4262 Britanniam
690 4193 757 4262 sol·
861 4213 938 4259 rum
960 4186 1076 4286 fugam
1104 4209 1146 4256 cx
1174 4208 1263 4276 equo
1292 4181 1421 4261 desilit,
1446 4200 1519 4248 tva⁴

98 4306 229 4357 ventem
255 4287 456 4357 comitatur.
476 4294 522 4358 ΙΙ.
542 4309 623 4380 497.
644 4296 683 4360 In
699 4313 757 4361 ea-

98 4385 175 4455 dem
205 4386 324 4481 scapha
352 4409 429 4455 cum
451 4387 605 4484 Philippo
632 4387 757 4458 Princi-

98 4507 139 4580 pe
164 4485 197 4553 in
217 4490 375 4556 Antonae
399 4504 536 4580 portum
567 4485 756 4557 devehitur.

97 4587 144 4653 Il.
158 4583 240 4670 498.
264 4584 404 4680 Philippi
422 4583 508 4671 jussu
529 4587 688 4657 annulum
703 4610 759 4656 au-

99 4702 193 4751 reum
218 4687 419 4776 sponsalium
454 4684 585 4756 arrham
613 4684 656 4756 ad
684 4684 758 4754 Bri-

96 4777 230 4859 tanniae
254 4782 418 4878 Reginam
443 4781 583 4880 perfert.
612 4789 658 4859 II.
675 4803 756 4887 499.

122 4889 202 4950 Tam.
216 4887 255 4948 ll.

861 4286 936 4370 dit,
955 4286 997 4357 ad
1031 4291 1236 4378 salutemque
1269 4277 1465 4350 contendit.
1493 4279 1522 4344 Ι.

864 4390 944 4457 160.
973 4404 1006 4454 11
1031 4391 1059 4455 Ι.
1096 4407 1177 4475 171.
1203 4379 1361 4451 Hostium
1386 4394 1526 4446 manum

863 4486 951 4557 circa
975 4485 1101 4554 Nolam
1130 4498 1324 4552 consecutus
1349 4501 1420 4546 eam
1457 4496 1524 4569 ma·

861 4607 928 4682 gna
964 4602 1057 4678 parte
1097 4578 1244 4660 occidit,
1274 4596 1330 4646 aut
1345 4573 1469 4671 capit.
1497 4574 1526 4639 Ι.

866 4705 947 4774 275.
970 4680 1173 4775 Equitatum
1203 4678 1236 4746 in
1259 4674 1436 4745 Thusciam
1472 4669 1525 4779 in-

860 4780 983 4856 ducit.
1011 4785 1043 4854 Ι.
1068 4773 1149 4869 198.
1174 4784 1324 4875 Pugnam
1350 4770 1526 4846 111111111-

1234 4885 1263 4949 1(
1456 4887 1535 4962 spa·
