4192 5858
451 451 1176 535 ennommrnxxrrr.
1301 555 1304 560 .
1405 454 1521 566 263,
1626 468 1632 477 ·

103 653 174 716 um
209 584 549 755 magno‘mariti
587 648 721 751 atque
759 608 963 709 omnium
999 609 1209 712 ordinum
1238 613 1388 715 dolote
1425 660 1541 723 con-

103 761 174 861 scit
198 801 210 868 3
236 768 356 889 cujus
395 795 548 898 corpus
583 755 628 855 in
662 754 754 855 enti
793 747 953 893 funeris
994 791 1201 894 apparatu
1241 763 1451 899 postridie
1492 767 1541 868 in

103 905 193 1006 auli
232 904 384 1004 aedem
427 902 590 1000 elatum
630 795 716 1000 liuit
749 976 764 1019 ,
801 897 981 999 Albano
1019 912 1146 1000 Duce
1183 980 1197 1020 ‚
1236 906 1417 1006 Comite
1455 924 1541 1012 Be-

103 1086 351 1166 eventano‚
390 1044 634 1186 Dianiique
672 1041 971 1163 Marchione,
1012 1079 1055 1142 et
1091 1046 1184 1144 aliis
1225 1047 1329 1148 viris
1377 1052 1545 1190 princi-

102 1190 200 1292 ibus
238 1190 439 1292 lecticam
499 1185 797 1330 feretrumque
832 1185 1025 1289 humeris
1077 1191 1386 1331 gestantibus,
1430 1197 1545 1299 mul

103 1377 218 1478 ,sque
257 1333 523 1437 Praesulibus
554 1375 615 1435 ac·
646 1333 854 1434 omnium
879 1333 1182 1435 Consiliorum
1206 1332 1541 1443 Tribunalium·

104 1522 159 1581 ue
194 1480 299 1580 viris
336 1516 379 1583 et
414 1477 743 1622 Magistratibus
787 1477 1187 1619 prosequentibus3
1227 1478 1380 1621 ibique
1433 1487 1543 1589 sub-

103 1664 270 1725 :traneo
299 1623 402 1723 loeo
426 1624 482 1724 ad
509 1660 682 1763 tempus
717 1623 950 1724 conditum
979 1659 1080 1723 ante
1119 1663 1237 1725 aram
1275 1626 1418 1727 sacelli
1447 1669 1544 1730 ma-

102 1769 213 1890 imi,
251 1803 383 1908 atque
435 1767 539 1867 inde
576 1779 814 1869 Granatam
850 1768 906 1866 ad
942 1768 1087 1910 Regia
1122 1807 1460 1893 monumenta,
1492 1809 1546 1876 ut

103 1954 166 2015 >sa
205 1947 466 2014 testamento
501 1949 717 2033 caverat,
752 1911 1036 2013 translatum.

103 2046 105 2055 ¹
146 2067 282 2160 XLII.
349 2055 575 2198 Philippus
614 2091 765 2156 autem
796 2133 811 2176 ‚
847 2055 929 2197 qui
963 2056 1209 2198 aegrotanti
1267 2059 1397 2162 uxori
1440 2100 1547 2165 cura

103 2238 118 2305 t
158 2199 404 2303 assiduitate
445 2239 575 2301 suum
610 2195 812 2300 officium
846 2200 1144 2341 praestiterat,
1177 2202 1324 2302 statim
1356 2204 1428 2304 die
1463 2202 1550 2308 ob·

103 2386 197 2468 :us‚
235 2342 397 2447 funeris
444 2381 488 2445 et
539 2345 838 2485 exsequiarum
874 2383 977 2446 cura
1016 2344 1287 2447 Praetulibus
1332 2349 1548 2490 principi-

103 2531 244 2632 usque
280 2491 383 2591 viris
421 2491 728 2610 demandata,
763 2488 856 2630 ipse
907 2490 954 2589 in
995 2488 1248 2633 Abrogium
1300 2493 1547 2594 Francisca-

105 2675 238 2737 orum
267 2637 324 2736 ad
349 2637 478 2737 Durii
521 2637 663 2776 ripam
697 2633 967 2736 coenobium
1008 2636 1210 2755 secessit,
1243 2643 1419 2772 Joanne
1453 2642 1551 2738 Zu-·

103 2782 250 2922 gniga,
285 2781 453 2881 Alvaro
493 2778 741 2901 Corduba,
772 2816 816 2879 et
853 2779 1054 2880 Antonio
1096 2790 1225 2881 Roxa
1272 2779 1440 2881 intimis
1478 2776 1550 2882 fa-

103 2924 317 3027 niliaribus
341 2924 647 3026 assectantibus
669 2966 680 3034 3
706 2965 755 3024 ac
786 2923 878 3023 dies
914 2923 1087 3065 aliquot
1118 2961 1455 3044 commoratus,
1494 2925 1551 3027 acl

103 3069 262 3171 :trium
283 3079 439 3172 Nonas
477 3069 668 3213 Augusti
694 3067 970 3172 Valdolitum
1001 3069 1050 3167 in
1082 3068 1254 3169 easdem
1292 3069 1417 3168 aedes
1446 3078 1548 3200 jux-

103 3254 123 3313 a
164 3214 287 3314 Pauli
335 3209 491 3316 fanum
544 3213 751 3334 redivit,
791 3212 923 3354 paulo
972 3249 1072 3355 post
1109 3210 1304 3352 Joannis·
1349 3219 1550 3313 Taverae

103 3354 416 3502 lrchiepiscopi
453 3350 663 3460 Toletani
705 3394 749 3460 et
788 3357 1001 3461 Ecclesiae
1044 3369 1272 3460 Romanae
1307 3355 1552 3457 Catdinalis

103 3498 297 3623 bitum,
333 3543 471 3644 quern
513 3501 695 3605 morbus
733 3581 748 3624 ‚
787 3543 839 3602 ex
888 3500 1050 3644 vigiliis
1095 3538 1140 3604 et
1190 3496 1414 3603 laboribus
1453 3578 1469 3621 ‚
1503 3534 1554 3601 ut

103 3648 326 3788 egrotanti
354 3648 522 3750 Mariae
563 3651 795 3768 assideret,
823 3647 1028 3788 susceptis
1069 3680 1346 3762 contractus,
1370 3641 1555 3745 absum-

102 3790 164 3891 it.
207 3792 350 3911 Quod
387 3792 430 3917 ei
465 3792 625 3893 accidit
645 3870 660 3913 ,
680 3795 788 3894 dum
822 3827 991 3933 praeter
1025 3790 1139 3890 vires
1173 3825 1217 3889 et
1255 3825 1443 3890 aetatem
1475 3789 1556 3889 diu

103 3967 307 4073 toctuque
342 3936 494 4038 sedulo
533 3939 656 4038 daret
691 3974 906 4079 operam,
932 3974 988 4036 ne
1024 3975 1113 4076 qua
1146 3975 1199 4035 cx
1233 3970 1355 4074 parte
1395 3929 1553 4033 officio

103 4070 269 4178 lefuisse
303 4079 556 4202 videretur,
593 4118 644 4183 ut
681 4116 772 4181 erat
808 4118 935 4222 supra
971 4119 1110 4221 quam
1145 4080 1267 4180 credi
1306 4112 1453 4219 potest
1484 4069 1557 4175 of·-

103 4221 408 4339 iciosissimust
449 4227 503 4327 de
536 4236 659 4356 cujus
698 4224 930 4344 moribus,
972 4265 1065 4325 non
1102 4261 1152 4362 ut
1191 4221 1247 4322 ab
1283 4221 1378 4321 aliis
1429 4259 1556 4322 acce-

103 4367 166 4485 ›i,
206 4369 282 4468 sed
320 4405 370 4469 ut
408 4368 500 4510 ipse
538 4364 745 4470 familiari
798 4369 1114 4469 consuetudine
1166 4365 1366 4509 perspexi
1403 4443 1420 4488 ‚
1460 4403 1558 4466 non

103 4509 166 4608 :rit
203 4511 396 4614 alienum
435 4514 582 4655 paucis
618 4513 758 4616 verbis
795 4551 1064 4615 memorare.

154 4662 306 4757 XLIII.
387 4669 491 4760 Erat
524 4667 723 4796 Joannes
748 4665 920 4758 'savera
957 4698 1050 4758 non
1090 4656 1234 4757 solum
1273 4651 1448 4798 egregia
1484 4666 1559 4785 ju·

103 4791 144 4897 is
178 4797 320 4903 civilis
355 4836 400 4902 et
432 4803 658 4906 Pontificii
697 4804 960 4947 cognitione
998 4804 1249 4945 praeditus,
1284 4802 1358 4901 sed
1393 4833 1561 4938 magno

1494 4973 1562 5039 et-
