4170 5866
578 379 816 464 cnnorr
858 381 910 463 ν.
952 383 1072 461 aru.
1102 365 1236 465 'xxr
1515 383 1596 505 169

169 538 364 661 relictis,
417 581 443 642 a
480 533 641 685 quibus
680 535 806 640 facile
840 572 1014 679 possent
1054 535 1375 643 commeatibus
1425 540 1633 650 interclu-

165 686 249 807 di,
285 687 463 788 ulterius
498 683 742 829 progredi,-
779 684 962 784 stultum
998 718 1048 782 ut
1085 722 1205 806 erat,
1241 686 1301 785 sic
1336 729 1423 789 esse
1457 693 1657 822 judica-‘

159 827 309 940 bant3
346 831 595 973 praesertim
633 867 736 929 cum
774 867 851 970 per
887 870 962 929 eos
1014 825 1105 928 dies
1142 832 1456 975 quadringenti
1505 838 1627 939 mili-

156 1011 254 1094 tes,
292 976 373 1117 qui
407 977 564 1074 nostris
602 971 799 1073 subsidio
836 970 1101 1094 veniebant,
1133 1011 1290 1115 quarta
1326 978 1495 1119 vigilia,
1536 1019 1626 1081 sra-

152 1118 308 1217 tiones
343 1116 541 1220 hostium
575 1111 806 1237 fallentes,
833 1118 1143 1258 Perpinianum
1180 1120 1404 1222 intrassent
1418 1198 1433 1240 ,
1454 1158 1498 1220 et
1534 1162 1624 1225 ma·

149 1299 244 1362 nus
281 1264 515 1364 adventare
542 1306 593 1364 ex
619 1258 828 1363 omnibus
853 1251 1094 1404 Hispaniae
1131 1260 1326 1403 partibus
1360 1264 1520 1366 excitas
1551 1309 1623 1368 ex-

145 1405 400 1546 ploratores
437 1407 718 1514 nuntiarent3
764 1445 1040 1548 quamquam
1081 1407 1411 1528 Barcinonem,
1450 1419 1623 1511 Gerun-

145 1551 358 1691 damque
395 1555 451 1652 ad
487 1563 659 1652 Ducem
695 1548 921 1652 Albanum
956 1551 1032 1651 vix
1068 1551 1177 1650 dum
1215 1593 1285 1652 sex
1326 1552 1462 1652 millia
1515 1595 1624 1657 con·
1691 1653 1693 1658 .

149 1731 412 1816 venerant,
447 1735 551 1796 curn
587 1693 748 1836 quibus
784 1693 876 1835 ipse
910 1732 988 1835 per
1022 1693 1202 1794 Eladem
1251 1698 1468 1838 oppidum
1519 1738 1624 1840 pro-

149 1878 365 1982 gressus,
401 1876 556 1941 eorum
593 1842 685 1940 duo
721 1837 861 1940 millia
907 1837 1064 1940 nostris
1114 1839 1278 1942 auxilio
1315 1841 1622 1982 Perpinianum

146 1984 413 2105 summisit,
450 1984 530 2126 qui
565 1981 709 2083 noctis
760 2020 983 2124 posterum
1034 1981 1154 2082 diem
1190 2023 1446 2087 consecutae
1488 1987 1620 2089 silen-

139 2129 225 2228 tio
282 2129 331 2228 in
387 2129 605 2271 oppidum
643 2126 818 2226 nemine
853 2123 1113 2268 prohibente
1159 2165 1479 2269 pervenerunt,
1515 2168 1557 2232 et
1594 2175 1620 2233 a

146 2272 319 2373 nostris
356 2267 534 2372 fuerunt
586 2309 748 2412 magna
798 2311 902 2372 cum
955 2269 1245 2413 gratulatione
1281 2276 1485 2416 recepti,
1516 2315 1619 2377 cum

145 2418 318 2519 eadem
355 2450 481 2520 nocte
516 2416 654 2533 Galli,
691 2411 905 2515 machinis
941 2414 1261 2557 tormentisque
1296 2419 1343 2520 in
1378 2458 1515 2520 castra
1551 2459 1620 2521 re-

144 2559 343 2681 tractis,
381 2598 424 2661 et
459 2558 668 2703 proximis
702 2558 787 2658 illis
838 2558 1158 2661 munitionibus
1209 2563 1457 2684 succensis,
1491 2565 1618 2704 oppi-

144 2706 271 2806 dum
310 2704 543 2807 obsidione
577 2705 818 2806 laxassent:
851 2698 936 2803 fuit
971 2740 1120 2805 autem
1157 2700 1229 2804 hic
1265 2706 1356 2806 dies
1391 2709 1447 2806 ad
1483 2708 1619 2848 quin-

142 2884 262 2948 tum
296 2859 452 2950 Nonas
489 2847 733 2968 Octobris,
771 2889 796 2947 a
833 2887 926 2989 quo
979 2849 1050 2948 die
1103 2846 1218 2948 Galli
1273 2890 1457 2951 omnem
1512 2847 1618 2951 belli

140 2988 351 3094 faciendi
386 2994 705 3138 cogitationem
755 2994 813 3091 ad
865 3031 933 3091 eas
970 2989 1152 3132 quidem
1205 2993 1403 3135 regiones
1454 2995 1617 3095 omise-

144 3174 292 3238 runt.
329 3151 480 3282 Itaque
516 3139 602 3240 suis
637 3148 727 3273 jam
763 3135 847 3277 ipsi
883 3134 1010 3238 rebus
1046 3171 1317 3260 metuentes,
1371 3138 1504 3241 motis
1543 3179 1615 3239 ca-

147 3282 290 3400 stris,
325 3325 396 3384 sex
434 3284 605 3385 circiter
639 3282 777 3382 millia
813 3320 1018 3422 passuum
1067 3284 1123 3382 ad
1158 3282 1415 3386 Clarianum
1463 3281 1615 3384 castel

144 3428 256 3528 lum
291 3464 586 3547 recesserunt,
623 3427 857 3566 castrisque
889 3423 1074 3552 ,munitis
1112 3427 1426 3529 constiterunt.

227 3583 370 3673 XVII.
445 3584 551 3673 Hoc
573 3570 887 3692 Montisonem
924 3567 1161 3689 nuntiato,
1195 3573 1410 3691 Carolus,
1429 3567 1509 3709 qui
1545 3565 1615 3668 in··

130 3714 277 3815 vitus
312 3712 453 3817 fuerat
488 3719 543 3817 ad
579 3754 699 3817 arma
734 3751 947 3834 vocatus,
982 3750 1026 3814 et
1061 3749 1231 3854 tempus
1266 3714 1367 3818 belli
1402 3712 1613 3853 gerendi,

127 3862 409 4001 praesertim
446 3864 501 3961 ad
537 3860 694 3959 saltum
729 3866 1032 3993 Pyrenaeum,
1064 3856 1144 3958 ubi
1180 3857 1301 3960 nives
1339 3894 1438 3959 sunt
1474 3892 1615 3956 matu·

117 4037 259 4123 tae,
296 4006 554 4144 praeteriisse
590 4001 804 4123 videbat,
839 4003 1002 4103 nuntiis
1038 4039 1224 4142 propere
1260 4002 1469 4120 dimissis,
1504 4039 1611 4098 con-

120 4148 342 4249 fluentes
378 4188 531 4250 manus
567 4146 803 4249 consistere
838 4147 1067 4290 primum,
1097 4146 1282 4268 deinde,
1307 4186 1410 4248 cum
1435 4143 1613 4262 Gallus,

126 4293 236 4431 qui
275 4292 427 4391 Caroli
463 4291 647 4394 consilia
683 4330 776 4391 non
829 4291 1094 4433 ignorabat,
1134 4291 1308 4431 longius
1344 4326 1505 4431 agmen
1551 4325 1617 4385 re·

121 4434 388 4556 (luxisset,
420 4439 611 4538 domurn
648 4434 785 4536 redire
820 4435 970 4565 jussit.
1008 4444 1131 4532 Dum
1166 4431 1273 4533 haec
1309 4433 1365 4532 ad
1401 4430 1621 4570 Perpinia-

135 4615 272 4679 mum
302 4617 550 4721 geruntur,
584 4578 768 4681 Carolus
796 4577 1049 4679 Aurelianus
1075 4589 1203 4697 Dux,
1223 4574 1332 4678 filius
1367 4577 1471 4676 alter
1505 4586 1625 4675 Fran·
1719 4652 1721 4660 .

149 4720 270 4820 cisci
305 4725 479 4867 Regis,
516 4764 653 4867 quem
688 4760 809 4868 pater
846 4723 1004 4826 eodem
1041 4758 1242 4866 tempore
1289 4721 1346 4823 ad
1380 4720 1665 4826 vexanduma

239 4867 428 4969 Tom.II.
1201 4875 1245 4966 Y
1532 4860 1633 4961 Bel-
