4034 5858
505 457 744 541 CAROLI
786 458 838 538 V.
880 458 995 537 LlB.
1027 456 1169 534 XXX·
1422 463 1507 552 537

95 644 195 751 post
229 606 400 721 Mariae
436 614 817 731 matrimonium,
851 613 898 712 in
941 614 1064 753 quod
1115 604 1200 709 fuit
1236 604 1545 716 Maximiliano

1 835 4 840 .
94 753 329 855 Bohemiae
354 757 471 898 Regi
507 756 747 876 collocata,
775 760 1001 890 Joannam
1036 752 1254 856 minorem
1287 774 1420 875 natu,
1440 797 1543 860 cum

94 898 149 997 ad
186 898 393 1001 maritum
435 936 478 1000 et
513 901 750 1039 Hispaniae
785 939 887 1000 curn
937 900 1034 1038 ipso
1071 896 1425 1035 procurationem
1461 903 1542 1001 de-

95 1042 225 1141 ducta
262 1077 397 1162 esset,
417 1044 655 1184 separavit,
679 1082 772 1141 non
808 1043 980 1182 ignarus
1012 1039 1213 1142 videlicet
1250 1037 1336 1139 hoc
1361 1080 1541 1183 quoque

96 1185 152 1281 ad
187 1224 367 1286 morum
401 1186 675 1286 sanctitatem
709 1183 1057 1288 confirmandam
1092 1220 1361 1324 magnopere
1403 1187 1543 1321 perti-

95 1363 232 1446 nete,
267 1362 316 1427 ut
352 1329 517 1467 puellae
552 1328 664 1428 nihil
699 1367 779 1427 nec
813 1327 1024 1448 videant,
1059 1367 1137 1429 nec
1174 1326 1378 1444 audiant,
1417 1330 1540 1466 quod

94 1508 119 1565 a
154 1471 332 1609 pudoris
367 1470 677 1572 ethonestatis
713 1470 852 1611 specie
887 1470 1116 1589 abhorrere
1151 1471 1375 1569 videatur.

148 1621 361 1716 XXXVI.
426 1623 523 1716 Nec
559 1653 664 1716 veto
701 1649 872 1715 tantum
908 1615 955 1714 in
991 1614 1181 1713 filiarum
1217 1612 1399 1752 negotio
1435 1652 1539 1714 cau-

95 1786 170 1852 tus
195 1749 311 1864 fuit3
345 1757 420 1856 sed
454 1757 502 1858 in
537 1755 703 1858 cunctis
737 1751 824 1855 fere
858 1756 984 1857 rebus
1021 1754 1190 1855 habitus
1226 1792 1288 1854 est
1323 1751 1538 1893 suspicio-

94 1935 193 2015 sus,
227 1899 482 2037 praesertim
515 1902 562 2001 in
597 1934 845 2005 senectutet
873 1901 1036 2039 quippe
1072 1899 1121 1996 id
1157 1931 1218 1994 est
1255 1893 1428 1996 homini
1463 1938 1540 1996 na-

96 2039 253 2156 turale,
274 2075 321 2139 ut
356 2081 449 2180 quo
487 2042 610 2181 plura
646 2041 833 2181 quisque
868 2042 981 2143 mala
1017 2040 1213 2179 exempla
1247 2037 1432 2157 viderit,
1452 2038 1539 2138 hoc

96 2174 262 2279 facilius
298 2182 346 2283 in
381 2184 602 2284 malorum
632 2184 922 2324 suspicionem
958 2184 1212 2285 inducatur.
1255 2191 1406 2320 Itaque
1442 2217 1541 2320 post

96 2324 305 2424 Francisci
341 2328 460 2428 Covi
496 2363 539 2426 et
573 2328 774 2427 Perenoti
798 2327 1051 2428 Granvellae
1088 2323 1262 2424 obitum
1310 2324 1419 2425 nulli
1452 2319 1541 2422 fere

96 2467 356 2568 Consiliario
391 2470 489 2570 satis
524 2468 735 2593 fidebat,
771 2511 821 2570 ac
857 2471 956 2570 ideo
992 2507 1087 2570 rato
1123 2466 1301 2567 consilia
1358 2501 1400 2565 et
1435 2503 1538 2567 cum
1594 2484 1600 2497 '

128 2610 360 2711 aucissimis
395 2610 775 2713 communicabat.
818 2613 1039 2713 Delatotes
1067 2646 1336 2752 quantopere
1371 2609 1540 2745 impio

96 2646 246 2868 bafer,
283 2755 453 2895 magnis
504 2754 777 2855 documentis
826 2754 1089 2854 declaravit.
1147 2761 1305 2851 Homo
1356 2750 1539 2890 quidam

97 2890 259 2993 nobilis
293 2898 564 2997 Fernandum
598 2898 825 3015 Avalum,
860 2899 941 3040 qui
974 2897 1123 2996 Toleti
1158 2894 1421 2994 seditionum
1459 2932 1543 3032 po«.

98 3037 313 3174 pularium
348 3076 498 3140 auctor
534 3081 638 3143 cum
674 3050 850 3177 Joanne
887 3040 1048 3139 Padilla
1083 3034 1258 3155 fuerat,
1296 3076 1347 3134 ex
1382 3045 1539 3134 Portu-

100 3179 262 3318 gallia,
298 3222 391 3323 quo
426 3183 554 3284 victis
589 3180 869 3324 popularibus
904 3178 1193 3322 confugerat,
1228 3179 1272 3276 in
1308 3178 1540 3280 Castellum

100 3322 301 3424 redivisse
336 3327 609 3465 exploratum
643 3318 865 3445 habebat,
901 3362 944 3424 et
980 3327 1028 3424 in
1064 3363 1157 3424 arce
1193 3321 1384 3460 quadam
1428 3319 1541 3418 deli«

101 3496 288 3573 tesceret
323 3466 411 3566 hoc
445 3469 516 3568 ille
557 3470 612 3570 ad
648 3469 857 3570 Carolum
891 3463 1047 3569 referre
1091 3499 1312 3569 maturata
1346 3462 1540 3559 occasio·

102 3647 292 3750 nemque
329 3609 411 3713 sibi
445 3609 638 3711 oblatam
667 3651 752 3711 esse
787 3649 899 3712 ratus
933 3610 1116 3750 gratiam
1160 3603 1216 3704 ab
1252 3606 1349 3739 ipso
1385 3641 1542 3742 quamff

107 3751 228 3888 piam
265 3753 474 3873 ineundi,
508 3754 743 3897 negotium
778 3752 859 3852 sibi
894 3753 1088 3892 deposcit
1123 3746 1353 3848 hominem
1388 3780 1542 3843 aucto-

104 3892 229 3992 ritate
266 3897 506 4037 praetoria,
526 3935 576 3995 ut
612 3936 768 4036 poenas
802 3897 937 3994 laesae
973 3891 1212 4024 Majestatis
1248 3890 1394 4005 daret,
1414 3925 1544 3986 coma

105 4033 431 4175 prehendendi.
470 4040 648 4138 Carolus
683 4038 917 4139 delatorem
953 4037 1072 4136 nullo
1104 4036 1208 4134 dato
1244 4069 1452 4170 responso
1476 4028 1545 4127 di·

105 4177 256 4277 misit.
295 4181 443 4279 Paucis
480 4218 578 4321 post
612 4179 763 4281 diebus
798 4181 941 4282 eidem
964 4178 1088 4320 quasi
1123 4179 1428 4276 immemorem
1464 4171 1545 4269 ad-

106 4321 339 4442 monenti,
375 4362 711 4464 responsumque
760 4325 1047 4465 reposcenti:
1086 4328 1334 4435 Honestius,
1371 4314 1546 4452 inquit,

91 4533 94 4538 -
94 4468 259 4597 fecisses
274 4542 289 4584 ,
306 4474 341 4564 si
370 4507 453 4565 cum
484 4472 549 4566 boc
574 4507 758 4566 emanasse
791 4477 938 4588 scires,
967 4468 1129 4565 Anulum
1158 4472 1278 4595 ipsum
1308 4463 1353 4557 de
1384 4499 1449 4556 suo
1478 4489 1547 4591 pe·

105 4612 222 4706 riculo
263 4614 485 4715 docuissest
523 4610 583 4710 ita
617 4610 845 4749 negotium
890 4647 983 4707 non
1033 4603 1404 4706 contemnendum
1440 4637 1547 4740 pro-

106 4785 227 4990 ptepf
240 4749 467 4852 delationis
502 4751 820 4891 turpitudinem
857 4749 1074 4889 neglexit.

220 4933 289 4989 om.
308 4902 361 4992 II.
