4124 5880
545 445 601 544 38
945 445 1029 529 on
1069 442 1272 523 ansus
1315 436 1537 523 cnsrrs

489 601 735 746 remigibus
772 599 905 704 etiam
938 600 1097 701 sericos
1143 637 1267 741 sagos
1301 596 1466 740 pallido
1496 675 1510 718 ,
1542 592 1790 721 coccineo,
1834 634 1969 747 atque

489 744 783 883 hyacinthino
821 744 1043 847 coloribus
1077 743 1304 844 distinctos
1329 742 1534 861 indutis,
1564 782 1702 884 quarn
1740 747 1967 890 Reginam

488 890 538 991 in
574 890 756 993 navibus
794 888 1050 1033 quindecim
1086 888 1228 989 multo
1273 885 1409 988 etiam
1460 895 1648 1020 major,
1695 927 1831 1030 quam
1882 933 1966 994 nu-

487 1073 593 1174 per,
621 1035 876 1178 principum
912 1035 1113 1137 virotum
1157 1064 1200 1132 et
1234 1026 1497 1134 feminarum
1529 1031 1765 1133 comitatus
1802 1076 1963 1178 seque·

490 1178 655 1298 batur,
691 1181 739 1282 in
777 1219 869 1320 quo
917 1212 1037 1278 etant
1072 1175 1316 1318 Margarita
1351 1174 1488 1317 Regis
1531 1171 1622 1275 filia
1662 1182 1713 1276 et
1751 1178 1961 1283 Catheri-

484 1360 540 1422 na
577 1323 770 1458 Delphini
814 1361 924 1423 uxor
961 1360 972 1423 t
1015 1322 1119 1456 (sic
1155 1319 1276 1421 enim
1318 1319 1540 1461 appellant
1575 1319 1692 1420 Galli
1725 1324 1861 1465 Regis
1905 1325 1965 1427 fi-

486 1465 598 1568 lium
623 1504 731 1567 natu
760 1467 1037 1584 maximum,
1059 1473 1182 1598 cujus
1211 1498 1274 1562 est
1305 1463 1455 1605 Regni
1490 1473 1558 1596 jus
1591 1461 1963 1607 hereditatium.)

458 1610 699 1711 'Venienti
722 1611 904 1713 Carolus
935 1609 1119 1711 obviam
1154 1648 1259 1708 cum
1288 1608 1415 1708 omni
1442 1647 1518 1708 sua
1548 1605 1678 1710 classe
1707 1611 1869 1712 multos
1905 1615 1965 1715 vi·

489 1789 562 1852 ros
603 1751 772 1856 nobiles
809 1790 942 1896 atque
978 1791 1173 1896 proceres
1210 1751 1392 1872 mittit,
1425 1790 1622 1895 quorum
1657 1748 1778 1855 fuere
1813 1766 1962 1859 Petrus

488 1907 734 1999 Sarmentus
752 1909 754 1915 ’
772 1898 1162 2040 Compostellanus
1199 1895 1600 2039 Archiepiscopusss,
1636 1902 1828 2033 Joannes
1864 1905 1964 2020 To.

376 2033 378 2035 ’
484 2037 592 2140 letus
642 2042 882 2184 Episcopus
941 2043 1207 2186 Burgensis,
1244 2077 1288 2140 et
1325 2046 1478 2143 'Petrus
1521 2041 1746 2143 Manticus
1788 2047 1962 2149 Praesul

451 2185 782 2309 ,Cordubensis
812 2264 828 2307 ,
875 2189 956 2330 qui
993 2193 1098 2288 'non
1134 2187 1278 2286 multo
1314 2222 1446 2329 post,
1482 2187 1617 2288 Paulo
1654 2186 1867 2291 Pontificc
1903 2192 1960 2293 ad

486 2335 687 2430 Genuam
724 2369 942 2452 exorato,
979 2326 1084 2432 fircti
1119 2330 1300 2432 suntin
1336 2329 1484 2433 Caroli
1519 2331 1705 2474 gratiam
1741 2334 1959 2434 Cardina-

483 2469 576 2572 les.
634 2483 857 2576 Praeterea
893 2477 1115 2576 Manricus
1151 2486 1263 2576 Lara
1296 2483 1490 2609 Najarae
1538 2487 1699 2602 Dux,
1733 2512 1777 2579 et
1812 2482 1962 2580 Anto-

486 2614 585 2716 nius
622 2620 898 2729 Pimentelus
935 2634 1099 2722 Comes
1135 2631 1492 2725 Beneventanus.

530 2771 676 2864 XVII.
729 2776 795 2866 Ut
829 2802 979 2868 autem
1006 2765 1176 2909 Regina
1210 2762 1514 2910 femineusque
1549 2765 1782 2872 comitatus
1818 2808 1948 2874 com⁴

482 2905 659 3008 modius
695 2949 1022 3052 exponeretur,
1056 2951 1210 3056 parvus
1247 2951 1360 3053 pons
1398 2948 1490 3012 erat
1525 2914 1574 3015 in
1610 2948 1747 3055 portu
1782 2909 1920 3016 factus
1932 2993 1949 3036 ,

484 3088 577 3190 quo
623 3047 752 3153 classe
801 3057 1031 3157 accedente
1066 3055 1249 3159 Carolus
1301 3095 1555 3200 progressus
1591 3134 1606 3176 ,
1636 3092 1858 3158 matronas
1911 3053 1958 3158 et

482 3192 702 3336 virgines,
731 3238 845 3341 quae
880 3238 1034 3301 omncs
1067 3193 1160 3300 fere
1195 3235 1294 3300 ante
1330 3200 1556 3344 Reginam
1592 3237 1694 3301 sunt
1719 3237 1955 3345 egressae,

485 3338 677 3483 singulas
723 3383 846 3445 more
882 3344 1051 3445 Gallico
1097 3344 1360 3487 amplectens
1405 3381 1449 3446 et
1486 3345 1775 3467 exosculans,
1811 3346 1962 3447 comi-

486 3520 553 3586 ter
589 3486 792 3632 excepit.
847 3489 1070 3634 Reginam
1106 3528 1258 3609 vero,
1294 3528 1409 3631 quae
1456 3530 1510 3590 ex
1545 3490 1715 3596 triremi
1779 3528 1961 3633 excepta

488 3625 648 3771 scapha
682 3630 966 3755 vehebatur,
1006 3669 1204 3777 ponecta
1237 3672 1373 3736 manu
1409 3633 1458 3735 in
1494 3668 1678 3776 pontem
1715 3636 1770 3736 ad
1808 3677 1851 3735 se
1887 3675 1961 3737 re·

486 3773 630 3916 cepit.
684 3779 767 3878 Sed
803 3780 911 3882 dum
948 3820 992 3880 se
1028 3817 1141 3881 arcte
1178 3781 1598 3922 complectentem,
1634 3815 1679 3880 et
1713 3772 1818 3879 fusis
1854 3815 1963 3928 prae

484 3918 652 4062 gaudio
689 3921 890 4059 lacrymis
927 3925 1245 4027 exosculantem
1282 3925 1331 4024 in
1375 3959 1534 4023 terram
1556 3924 1558 3929 ’
1579 3922 1802 4043 deducit,
1869 3918 1960 4026 on-

482 4064 682 4188 ticulus,
721 4103 857 4210 quem
893 4065 1117 4171 nobilium
1152 4105 1287 4212 atque
1323 4106 1556 4208 procerum
1592 4063 1724 4167 turba
1760 3961 1957 4211 replive-

484 4243 550 4311 rat
581 4287 597 4328 ,
631 4214 827 4355 pondere
862 4250 1025 4357 pressus
1069 4256 1123 4316 ex
1160 4249 1282 4357 parte
1317 4211 1535 4330 corruit,
1571 4210 1824 4353 multosque
1879 4253 1960 4315 sua

482 4354 609 4454 ruina
653 4357 826 4481 traxit,
859 4361 1096 4504 ipsumque
1148 4360 1196 4460 in
1232 4357 1385 4502 primis
1420 4353 1682 4477 Gaulum,
1722 4356 1801 4497 qui
1850 4393 1960 4457 cum

392 4527 396 4533 '
485 4534 632 4600 sorore
667 4504 896 4646 complexa
933 4507 992 4607 in¹
1019 4506 1149 4649 pedes
1186 4502 1394 4605 nonnihil
1429 4501 1547 4602 allisa
1583 4496 1692 4600 tibia
1726 4496 1947 4610 concidit,

483 4680 527 4747 et
563 4645 647 4748 nisi
684 4647 763 4791 qui
812 4648 1012 4792 proxime
1048 4652 1266 4768 aderant,
1299 4658 1393 4781 jam
1435 4646 1732 4762 inclinatum,
1770 4678 1814 4743 et
1861 4681 1957 4747 uno

484 4791 594 4935 pede
647 4793 905 4896 destitutum
957 4793 1303 4915 sustinuissent,
1346 4791 1586 4937 periculose
1637 4826 1742 4891 cum
1777 4788 1957 4931 Regina

1836 4973 1950 5033 con-
