4102 5864
514 391 601 510 406

474 576 1136 819 *rossontunsn
1196 578 1930 762 suputvn‘ums

610 1024 629 1073 :⁴
785 899 910 1012 DE
964 890 1653 1068 REBUsGEsTIs

581 1142 1180 1315 cattoit
1270 1141 1947 1388 Qutrur13

628 1434 1060 1529 inaunaroars
1095 1434 1175 1524 nr
1202 1452 1379 1526 naurs
1418 1433 1775 1548 sarsenatae
1860 1536 1863 1546 ‚
1938 1507 1942 1548 ς

551 1700 797 1807 ursan
871 1694 1343 1805 vrcssruus
1420 1694 1856 1810 surtinus,

545 2049 577 2138 Ι.
652 1977 826 2159 Julius
862 2031 1036 2136 Tettius
1072 2027 1276 2135 Pontifex
1311 2031 1585 2156 Maximus,
1634 2076 1770 2180 quem
1805 2037 1933 2140 Paulo

465 2181 624 2284 Tertio
661 2181 900 2284 successisse
936 2179 1333 2281 demonstravimus
1351 2221 1496 2299 ,cum
1532 2191 1624 2314 ejus
1662 2181 1827 2282 meritis
1866 2225 1931 2284 es-

468 2360 531 2427 ser
567 2325 822 2468 obligatus,
856 2361 900 2423 et
933 2321 1153 2431 Farnesiae
1191 2326 1351 2425 domus
1388 2327 1651 2446 studiosus,
1690 2326 1931 2431 Octavium

466 2471 741 2592 Fatnesium,
778 2471 835 2570 de
871 2508 967 2611 quo
1004 2506 1130 2608 supra
1167 2474 1461 2592 memoratum
1499 2509 1564 2572 est
1583 2549 1598 2592 ,
1619 2478 1804 2573 Parmae
1839 2484 1931 2573 Du·

469 2654 569 2718 cem
603 2625 698 2750 jure
733 2651 949 2758 perpetuo
986 2613 1297 2737 confirmavit,
1321 2617 1505 2758 suisque
1532 2615 1672 2758 copiis
1697 2657 1804 2718 cum
1831 2656 1931 2717 sum·

465 2797 541 2861 ma
576 2796 788 2901 potestate
823 2755 1058 2901 praefecit,
1096 2799 1233 2902 quam
1271 2754 1588 2904 praefecturam
1626 2762 1765 2903 vulgo
1803 2766 1929 2863 Eccle-

467 2915 544 3007 siae
572 2910 858 3042 Canfialonerum
894 2905 1138 3047 appellant.
1180 2905 1429 3025 Octavius,
1472 2915 1651 3007 Parmae
1688 2907 1929 3049 Principatu

467 3049 660 3192 potitus,
698 3048 913 3149 Carolum
949 3061 1179 3149 Caesarem
1217 3088 1292 3188 per
1327 3048 1507 3152 nuntios
1544 3089 1588 3152 et
1633 3050 1799 3151 litteras
1838 3089 1926 3190 pre-

468 3230 630 3315 catur,
660 3230 710 3294 ut
747 3195 1008 3314 decretum,
1047 3195 1173 3336 quod
1208 3192 1363 3295 Paulus
1399 3194 1448 3294 in
1484 3204 1665 3296 Petrum
1702 3196 1927 3331 Aloysiun

470 3376 684 3484 patrem,
725 3339 935 3483 idemque
980 3375 1023 3438 et
1074 3336 1221 3475 Julius
1258 3337 1493 3441 Pontifices
1530 3340 1577 3444 in
1621 3380 1665 3441 se
1707 3335 1927 3459 fecissent,

469 3483 777 3627 comprobaret
812 3522 856 3585 et
892 3520 1035 3585 ratum
1072 3479 1251 3583 haberet
1264 3560 1280 3604 ‚
1316 3482 1624 3626 castellaque,
1666 3525 1783 3625 quae
1821 3485 1870 3585 in
1900 3525 1934 3584 a·

470 3672 554 3775 gro
591 3629 815 3731 Parmensi
849 3630 1093 3731 Femaudus
1130 3637 1344 3772 Gonzaga
1381 3663 1481 3771 post
1512 3630 1782 3731 Placentiam
1820 3668 1934 3730 occu·

471 3812 658 3920 passer,
697 3772 1004 3918 praesidioque
1048 3771 1303 3900 firmasset,
1347 3775 1570 3875 Parmensi
1613 3774 1774 3877 ditioni
1822 3769 1936 3875 reddi

470 3920 644 4058 juberet
659 4000 674 4042 ,
692 3920 728 4021 si
765 3960 858 4021 non
893 3919 1033 4060 ipsam
1070 3958 1254 4061 quoque
1290 3918 1557 4020 Placentiam
1593 3917 1640 4017 in
1676 3916 1936 4019 Ecclesiasti-

472 4103 571 4167 cam
613 4066 833 4168 ditionem
880 4098 923 4165 et
960 4101 1083 4166 suam
1126 4064 1370 4166 clientelam
1418 4063 1733 4167 restituendam
1778 4061 1937 4165 consti·

471 4246 637 4313 rueret.
675 4213 757 4313 Sed
792 4208 881 4312 hoc
917 4249 942 4309 a
978 4207 1144 4312 Catolo
1181 4223 1363 4312 Caesare
1399 4210 1527 4312 nullis
1563 4206 1769 4350 precibus
1806 4210 1939 4349 impe·

471 4392 584 4457 trare
622 4356 802 4500 potuit,
841 4354 923 4501 qui
959 4354 1008 4456 in
1043 4355 1277 4496 proposito
1314 4392 1602 4498 susceptoque
1639 4354 1862 4475 consilio,
1893 4387 1944 4452 ut

471 4509 628 4603 Parma
664 4542 848 4645 quoque
884 4502 932 4601 in
968 4500 1349 4604 Mediolanensem
1386 4503 1605 4605 ditionem
1646 4503 1943 4644 redigeretur,

469 4644 793 4786 permanebat,
829 4645 1142 4769 confirmans,
1185 4684 1235 4749 ut
1282 4648 1581 4790 Principatum
1624 4648 1942 4749 Mediolanen-

469 4831 590 4916 sem,
625 4791 685 4896 sic
721 4787 850 4935 hujus
886 4793 1065 4900 ditionis
1102 4795 1230 4899 urbes
1266 4802 1469 4901 Parmam
1506 4832 1550 4898 et
1585 4793 1856 4901 Placentiam
1892 4787 1942 4888 ad

481 4979 486 4995 ··
1860 4947 1943 5037 lm·
