3998 5850
332 484 334 487 ,
433 397 560 516 466
857 409 944 493 un
976 405 1177 490 nauus
1217 405 1472 492 cnsrrs

429 569 619 674 nitiones
654 605 742 668 sese
779 564 1034 708 praecipites
1072 567 1246 666 darent
1310 563 1506 667 Incendii
1541 605 1668 670 causa
1720 600 1764 669 et
1800 565 1898 673 oti-

429 743 492 859 'go
535 712 637 855 ipsis
675 750 857 854 quoque
892 709 1086 813 Gallis
1076 748 1232 853 rgnota
1268 704 1395 812 fuit·
1386 752 1399 822 ι
1435 712 1521 812 sed
1559 712 1758 819 multi
1745 751 1905 858 tgnem·

328 906 333 915 ·
430 861 521 963 telo
568 857 802 1001 aliquo
756 899 808 958 ex
843 855 931 975 iis,
955 891 1083 997 quae
1120 892 1345 958 tormenta
1381 891 1529 958 nostra
1564 855 1888 1020 jaculabantur,

276 1025 280 1027 ’
430 1042 678 1167 expressum
732 996 807 1104 aut
842 1000 1080 1102 excitatum
1115 1042 1216 1104 casu
1270 1001 1317 1101 in
1354 1003 1690 1106 tormentarium
1740 1006 1896 1146 pulve

429 1187 524 1250 rem
562 1147 764 1249 incidisse
800 1145 1189 1248 existimaverunt.
1229 1147 1387 1267 Galli,
1417 1146 1518 1259 hoc
1540 1184 1719 1291 accepto
1757 1151 1896 1254 detti

430 1329 618 1414 mento,
649 1331 919 1438 magnopere
956 1291 1042 1391 suis
1077 1291 1203 1394 rebus
1241 1226 1443 1394 diffidire
1478 1330 1744 1459 coeperunt..

484 1447 765 1540 XXXVIII
815 1435 1038 1538 Postridie
1066 1424 1209 1537 nostri
1239 1475 1395 1576 quatra
1430 1436 1660 1580 vigilia
1616 1439 1758 1544 vineis
1800 1477 1896 1543 rur-

431 1624 500 1686 sus
536 1579 766 1701 admotis,
796 1580 965 1683 duabus
990 1580 1093 1681 aliis
1129 1577 1324 1723 partibus
1360 1584 1512 1684 dextra
1547 1583 1758 1727 laevaque
1793 1624 1895 1688 nru-

430 1766 529 1831 tum
581 1728 786 1828 subruere
839 1758 882 1824 et
918 1740 1122 1826 excavare
1157 1764 1450 1890 coeperunt,
1485 1727 1673 1866 pulveris
1725 1768 1894 1873 suppo

431 1872 569 1975 nendi
624 1906 668 1974 et
719 1871 890 1973 aditum
943 1870 1231 2034 producendi
1252 1872 1414 2014 gratia.
1470 1870 1583 1973 Galli
1619 1911 1726 1974 veto
1761 1876 1894 1976 cadu-

431 2055 650 2121 ceatorem
686 2015 734 2117 in
768 2047 901 2116 cartta
937 2016 993 2117 de
1029 2052 1134 2156 pace
1171 2015 1402 2142 mittunt,
1440 2050 1483 2117 et
1517 2051 1601 2116 tres
1637 2017 1781 2119 viros
1796 2057 1891 2161 gra-

431 2203 506 2303 ves
534 2156 788 2329 paciscendi
823 2200 948 2262 causa
983 2159 1033 2260 in
1069 2196 1214 2260 arcem
1257 2159 1378 2263 mitti
1413 2162 1666 2325 postulant.
1722 2161 1895 2284 Quibus

298 2415 301 2421 ,
433 2308 604 2426 missis,
625 2306 813 2408 deditio
818 2301 1041 2405 convenit
1066 2301 1461 2406 conditionibus
1424 2344 1484 2405 ets
1521 2303 1766 2428 similibus,
1785 2346 1893 2448 quae

433 2453 571 2591 datae
597 2446 770 2552 fuerant
806 2448 863 2569 ad
897 2442 1208 2556 Tarvatmams
1239 2449 1319 2549 sed
1350 2447 1515 2549 milites
1552 2450 1720 2571 nostri,
1762 2451 1892 2551 scele-

433 2635 480 2699 re
515 2627 557 2699 et
591 2594 773 2696 avaritia
808 2591 1023 2758 impulsi,
1056 2626 1134 2734 pet
1169 2591 1408 2693 maximam
1445 2590 1607 2693 horum
1642 2627 1888 2736 temporum

412 2729 688 2880 disciplinae
725 2729 923 2876 militatis
958 2735 1326 2908 corruptionem,
1352 2774 1442 2839 nec
1478 2739 1693 2841 ducum
1680 2737 1889 2900 ampetio,

435 2923 542 2987 cum
577 2884 772 3025 receptui
807 2919 959 2986 canere
995 2881 1247 3015 jussissent,
1281 2921 1362 2984 nec
1398 2881 1629 2984 Gallorum
1666 2884 1762 2985 telis
1797 2920 1891 2985 retr

437 3028 535 3128 neti
571 3051 877 3190 potuerunt,
916 3025 1071 3168 quin,
1110 3026 1166 3126 de
1202 3027 1320 3189 pacis
1372 3025 1706 3143 conditionibus
1741 3025 1887 3189 agitari

438 3208 542 3272 cum
576 3170 917 3314 cognovissent,
956 3170 1003 3272 in
1038 3208 1184 3271 arcem
1219 3169 1540 3334 irrumperent,
1576 3209 1736 3273 cuncta
1789 3169 1891 3273 diti-

474 3338 626 3437 erent,
664 3314 915 3418 homines
882 3353 991 3454 Jam
1026 3351 1119 3416 non
1152 3350 1444 3460 repugnantes
1477 3352 1716 3481 caperent,
1752 3308 1797 3418 et
1829 3351 1889 3417 re·

366 3529 368 3531 ·
439 3351 626 3562 bus
560 3458 768 3597 omnibus
806 3483 1048 3580 exuerent,
1064 3457 1316 3562 ducibus
1304 3461 1603 3564 invitissimis.

515 3586 734 3708 XXXIX
817 3604 1024 3708 ceterum
1059 3603 1244 3707 Carolus
1279 3617 1435 3708 Caesar
1475 3606 1678 3746 captivos
1711 3643 1893 3726 omncs,

441 3744 524 3888 qui
559 3747 607 3848 in
624 3747 838 3854 militurn
873 3783 1136 3913 potestatem
1171 3775 1416 3871 venerant,
1452 3746 1583 3851 ab
1545 3788 1606 3850 ers
1641 3751 1833 3871 deduci,
1857 3782 1894 3850 et

441 3925 570 4033 pacta
606 3892 768 3993 servari
802 3893 953 4022 jussit
1004 3903 1157 4034 Itaque
1192 3891 1342 3994 turbae
1397 3893 1576 3995 militari
1625 3891 1803 3995 libertas
1856 3927 1895 3993 et

441 4031 635 4136 abeundi
671 4037 768 4136 data
802 4031 981 4136 facultas
1016 4030 1256 4173 3praefecti
1287 4034 1542 4201 nobilesque
1578 4036 1764 4139 retenti
1801 4047 1898 4137 Ho-

441 4215 539 4279 rum
574 4177 792 4323 principes
823 4208 967 4282 erant
999 4190 1104 4281 Dux
1137 4179 1367 4307 Bullonis,
1401 4182 1477 4322 qui
1527 4183 1748 4283 custodiae
1795 4219 1894 4281 cum

441 4361 615 4425 summa
651 4357 866 4488 potestate
918 4356 1157 4465 praeerat,
1191 4334 1356 4426 Comes
1391 4325 1629 4447 Villiaris,
1664 4362 1708 4427 et
1744 4322 1897 4425 Nellae

442 4466 685 4591 Marchio,
698 4509 800 4633 qut
835 4507 938 4571 curn
975 4469 1149 4574 duobus
1195 4462 1363 4573 aliis
1322 4469 1447 4571 vttis
1459 4469 1686 4627 primariis
1721 4469 1899 4571 Ganda-

441 4645 588 4732 vum,
622 4647 673 4713 ut
709 4612 757 4714 in
793 4651 887 4714 arce
922 4614 1307 4753 custodirentur,
1318 4615 1602 4764 missisunt
1646 4614 1901 4715 Hesdinum

440 4788 637 4879 autem,
681 4790 730 4860 ut
763 4744 1048 4883 Tervanna,
1066 4757 1163 4864 ob
1198 4761 1399 4884 camdem
1437 4781 1671 4881 causam
1693 4783 1900 4862 neam

1653 4901 1899 5044 ·plius
