3998 5850
458 375 718 497 ‘'ennotr
760 408 813 492 v.
855 411 968 491 ens.
1003 411 1232 495 xxv111.
1444 427 1528 516 451

43 582 45 585 ’
110 609 196 713 que
252 567 328 671 alii
380 569 428 670 in
464 575 690 706 Joannem
726 578 899 671 Lunam
950 563 1266 690 conferebant,
1300 564 1571 675 affirmantes

109 713 255 856 ipsum
293 713 526 855 praemisso
563 713 800 856 equitatu,
833 749 878 813 et
914 712 1055 854 copiis
1091 708 1453 854 subsequentibus
1488 716 1572 820 ho-

109 895 192 960 stes
228 858 389 960 morati
423 937 438 980 ,
475 894 517 958 et
553 858 791 999 impeditos
842 857 891 959 in
926 857 1108 959 transitu
1143 856 1439 1001 distentosque
1491 903 1569 1007 ag«

108 1003 272 1146 gredi,
306 1037 348 1106 et
382 1042 595 1144 magnum
632 1002 949 1103 detrimentum
985 995 1158 1102 inferre
1178 1002 1403 1143 potuisse,
1432 1041 1568 1149 atque

109 1186 164 1246 eo
201 1145 378 1287 magis,
413 1149 539 1289 quod
575 1155 667 1277 ejus
704 1148 922 1286 equitatus
959 1181 1162 1287 tempore
1198 1144 1363 1266 affuit,
1394 1187 1439 1250 et
1473 1152 1567 1252 leve

106 1289 319 1430 praelium
372 1331 476 1392 cum
523 1286 839 1422 trajicientibus
883 1286 1084 1390 hostibus
1119 1289 1365 1393 conseruit.
1419 1300 1567 1430 Joan-

108 1471 184 1532 nes
240 1432 430 1535 vicissim
466 1433 742 1536 Marcbionis
777 1432 1094 1576 negligentiam
1143 1430 1403 1553 accusabat,
1437 1471 1482 1536 et
1516 1437 1566 1539 in

108 1613 211 1677 eum
248 1578 399 1678 erroris
435 1580 613 1720 culpam
649 1576 900 1708 rejiciebat.
1543 1615 1544 1618 ‘

175 1729 281 1822 XV.
358 1733 565 1841 Strozus,
587 1730 769 1853 trajecto
805 1727 962 1840 Amo,
997 1717 1175 1861 agmine
1211 1719 1268 1819 ad
1303 1757 1456 1821 omnes
1492 1760 1565 1822 ea-

104 1901 175 1963 sus
210 1866 463 2003 composito
500 1864 697 2004 procedit
734 1905 746 1972 ·,
780 1863 918 1963 nostri
963 1903 1065 1962 tum
1115 1861 1335 2003 bipartitis
1387 1864 1559 2003 copiis,

66 2111 70 2118 ,
103 2041 155 2106 ut
192 2041 313 2105 erant
344 2084 357 2126 ,
392 2043 435 2108 et
472 2047 596 2148 saepe
632 2007 922 2106 novissimum
957 2044 1119 2146 agmen
1170 2038 1395 2143 carpentes
1444 2007 1563 2107 inse-

103 2145 392 2288 quebantur,
426 2151 568 2250 donec
617 2147 665 2247 in
715 2141 822 2250 fines
868 2161 1084 2272 Senenses
1117 2145 1325 2288 urbisque
1374 2187 1562 2289 conspe·

102 2325 226 2392 ctum
278 2326 538 2432 perventum
574 2326 662 2391 est.
715 2300 836 2394 Tum
872 2330 976 2390 vero
1012 2304 1201 2417 Strozus„
1234 2289 1399 2394 cneum
1420 2303 1561 2394 ‘Senas

101 2433 302 2573 peditatu
357 2436 587 2577 superior,
623 2429 805 2536 inferior
839 2435 1069 2576 equitatu,
1108 2433 1302 2553 nostris,
1337 2474 1560 2575 quocum-

101 2615 189 2717 que
225 2613 460 2698 movetar,
485 2572 797 2702 ¹assectantibus
830 2577 1127 2719 vagabatur,
1161 2580 1303 2677 donec
1353 2617 1378 2676 a
1429 2587 1559 2678 Petro

101 2715 296 2820 Pacheco
331 2722 600 2841 Cardinali,
638 2721 719 2862 qui
770 2757 870 2862 post
920 2719 1097 2822 obitum
1132 2719 1248 2820 Petri
1282 2719 1434 2818 Toleti
1469 2733 1561 2823 Re·

102 2899 242 3003 gnum
277 2864 625 3006 Neapolitanum
672 2861 969 3004 procurabat,
1006 2863 1135 2964 missa
1180 2863 1227 2962 in
1274 2862 1558 3002 supplemen-

101 3040 197 3105 tum
234 3044 385 3109 manus
421 3008 647 3150 pervenit.
692 3009 757 3108 Hi
793 3045 941 3108 autem
976 2999 1153 3106 fuerunt
1187 3005 1439 3106 Italicorum
1474 3044 1558 3146 pe·

100 3148 246 3249 ditum
296 3187 403 3252 octo
452 3152 589 3252 millia
642 3151 846 3293 bipartita
895 3189 997 3250 cum
1041 3148 1208 3290 Pepolo
1261 3148 1442 3250 Comite
1512 3185 1557 3250 et

99 3291 275 3416 Camilo
309 3296 531 3396 Columna
567 3289 839 3437 praefectis3
884 3293 939 3393 ad
976 3291 1083 3392 haec
1119 3291 1383 3434 cataphracti
1418 3292 1555 3430 ,equi-

98 3466 159 3534 tes
195 3435 409 3559 dutenti,
445 3473 487 3539 et
523 3438 697 3539 levioris
749 3473 991 3539 armaturae
1041 3436 1229 3548 trecenti
1258 3474 1270 3543 3
1309 3429 1470 3575 quibus
1507 3433 1554 3535 in

21 3628 23 3630 ·
98 3578 352 3681 Caesariana
388 3618 525 3683 castra
563 3579 822 3723 perductis,
861 3580 1095 3721 auctisque·
1136 3576 1402 3719 praesidiis,
1438 3616 1553 3717 quae

97 3716 176 3860 per
210 3721 309 3822 loca
344 3724 516 3826 munita
550 3739 675 3826 Senas
712 3721 1007 3842 obsidebant,
1042 3718 1144 3822 urbs
1181 3722 1337 3821 arctius
1372 3715 1553 3819 obside·
1623 3721 1625 3726 ’

98 3895 196 3981 tut,
238 3867 528 3989 exercitibus,
564 3905 614 3969 ut
651 3866 799 4009 prius,
836 3868 945 3966 dum
981 3903 1103 3967 suam
1139 3865 1326 4005 quisque
1363 3861 1426 3962 rei
1471 3861 1554 3964 be-

84 4044 152 4107 ·ne
187 4013 402 4147 gerendae
436 4011 714 4113 occasionem
748 4043 922 4150 captat,
946 4004 1397 4150 circumvagantibus.

151 4158 289 4251 XVI.
360 4166 525 4258 Interea
561 4195 613 4256 ex
649 4154 802 4255 nostris
836 4152 991 4284 Italicis
1027 4150 1241 4253 militibus
1277 4146 1409 4250 multi
1457 4184 1559 4286 pas·

95 4292 176 4394 sim
213 4292 518 4400 dilabebantur
531 4367 555 4419 -,
588 4299 779 4400 maxime
815 4297 1000 4416 exiis,
1046 4333 1157 4436 quos
1194 4299 1390 4429 Joannes
1426 4298 1552 4391 Luna

96 4437 241 4537 soluto
277 4440 404 4542 unius
440 4441 599 4544 mensis
635 4440 855 4581 stipendio
892 4479 944 4539 ex
982 4434 1232 4538 Insubribus
1281 4436 1546 4553 adduxerat,

93 4575 143 4680 in
177 4575 338 4723 magna
374 4585 552 4688 scilicet
572 4584 840 4689 cibariorum
876 4580 1077 4721 inopia,
1113 4619 1201 4721 qua
1237 4577 1447 4679 exercitus
1498 4617 1551 4678 u-

94 4753 248 4862 terque
282 4726 563 4866 premebatur
605 4806 620 4849 ,
658 4762 702 4830 et
744 4723 949 4869 angustiis
986 4722 1055 4965 reil
1057 4866 1071 4964 l
1080 4721 1403 4863 pecuniariae,
1438 4758 1551 4859 quae

1004 4876 1040 4966 L
1092 4907 1116 4966 2
1435 4874 1552 4961 Cae·
1694 4924 1696 4927 —
