3998 5850
480 433 567 524 420
842 482 846 491 ..
907 423 995 506 nu
1043 421 1246 504 nunus
1292 423 1526 509 eusrrs.
1766 522 1768 524 ,

440 585 540 690 tolo
577 593 759 683 Caesare
809 617 932 681 suam
974 574 1157 721 operam
1195 655 1210 699 ‚
1250 578 1452 720 gratiam.
1494 612 1538 677 et
1598 574 1907 682 auctoritatem

508 727 700 826 llicerur.
1280 822 1281 825 γ
1798 812 1801 815 .
1906 814 1909 818 .

443 770 620 973 PoXX.
694 876 842 999 Hujus
887 864 1022 1006 igitur
1064 861 1286 1006 negotii,
1329 899 1373 962 et
1415 862 1533 1003 pacis
1577 862 1901 970 constituendae

445 1006 577 1116 causa
607 1011 839 1112 Mauricius
876 1049 927 1116 ,ex
963 1007 1181 1107 sociorum
1219 1005 1445 1106 voluntate
1465 1083 1480 1125 ,
1500 1043 1593 1104 non
1625 1006 1807 1147 ignaro,
1826 1051 1905 1113 nec

445 1155 771 1259 contradicente
805 1150 1012 1252 Fraxineo
1047 1150 1181 1291 Regis
1217 1147 1392 1289 legato,
1429 1148 1635 1248 Lincium
1671 1153 1828 1273 venit,
1860 1193 1905 1256 et

448 1304 504 1402 ad
555 1313 730 1439 Regem
779 1295 1098 1412 Fernandum,
1140 1291 1452 1391 Maximiliano
1486 1289 1584 1393 filio
1633 1327 1678 1393 et
1721 1293 1902 1399 Alberto

448 1441 650 1544 Bavariae
686 1453 811 1541 Duce
860 1475 1055 1579 genero,
1085 1469 1128 1535 et
1162 1432 1311 1536 Caroli
1345 1433 1528 1576 legatis,
1568 1432 1646 1574 qui
1695 1438 1874 1542 aderant
1887 1520 1905 1561 ,v

449 1583 686 1710 adhibitis,
722 1582 856 1683 verba
892 1575 1027 1698 facit,
1059 1618 1109 1678 ac
1146 1579 1200 1678 de
1235 1578 1490 1717 Lantgravii
1526 1574 1819 1703 liberatione,
1853 1588 1905 1684 de

449 1728 697 1873 Religionis
732 1720 1086 1824 contentionibus
1123 1719 1398 1841 minuendis,
1435 1720 1489 1819 de
1525 1722 1787 1825 Germaniae
1820 1737 1900 1827 Re-

451 1868 628 2014 publica
665 1867 968 1968 constituenda
1005 1863 1178 1982 retulit,
1200 1897 1243 1959 et
1278 1860 1387 1960 item
1422 1862 1477 1962 de
1515 1902 1619 2002 pace
1653 1903 1759 1966 cum
1786 1880 1896 2011 Rege

452 2008 581 2115 Gallo
619 2012 738 2112 socio
753 2087 767 2131 ,
803 2045 845 2109 et
880 2005 965 2110 sibi
999 2001 1175 2105 foedere
1212 2012 1452 2133 conjuncto
1485 1999 1727 2128 facienda,
1766 2011 1898 2152 deque

454 2156 583 2257 venia
651 2152 902 2295 proscriptis
959 2190 986 2249 a
1035 2147 1200 2249 Carolo
1244 2147 1431 2267 danda,
1468 2184 1512 2247 et
1559 2150 1708 2285 ceteris
1752 2152 1895 2272 rebus,

391 2422 393 2425 .
485 2339 569 2400 uae
603 2295 658 2396 ab
694 2298 790 2442 ipso
827 2330 870 2395 et
903 2334 929 2392 a
963 2291 1089 2396 sociis
1139 2290 1369 2394 communi
1417 2289 1603 2392 consilio
1648 2294 1894 2398 constitutae

454 2339 625 2541 lberam
639 2517 654 2560 ‚
690 2437 951 2580 postulauit.
1078 2520 1080 2523 .
1502 2516 1503 2519 κ
1721 2430 1723 2433 ’

461 2636 487 2645 „
543 2594 669 2684 XXl.
760 2583 835 2682 Ad
870 2580 937 2681 ea¹
955 2580 1196 2714 Fernandus
1232 2619 1285 2680 ex
1320 2619 1393 2687 sua
1434 2580 1772 2724 legatorumque
1809 2622 1892 2685 sen-

457 2725 621 2845 tentia,
661 2722 819 2865 quibus
855 2723 1008 2827 Caroli
1041 2761 1184 2824 sensus
1222 2763 1314 2825 non
1350 2760 1439 2823 erat
1474 2726 1689 2865 ignotus,
1727 2765 1893 2867 respon-

459 2868 555 2969 dit:
604 2874 761 2988 „Non
804 2905 993 2967 recusare
1029 2865 1239 2972 Carolum
1276 2877 1553 2986 Caesarem,
1591 2868 1740 3007 quin,
1784 2870 1819 2969 si
1849 2863 1894 2970 ab

460 3065 494 3130 ·„
507 3010 637 3109 armis
679 3004 810 3107 fuerit
851 3010 999 3108 statim
1040 3007 1309 3129 discessum,
1342 3008 1629 3150 Lantgravius
1675 3011 1892 3113 liberetur.

460 3226 493 3271 „
509 3164 638 3271 Quae
673 3188 780 3251 vero
831 3150 1112 3290 Religionem
1152 3188 1196 3251 et
1227 3151 1577 3292 Rempublicam
1623 3153 1895 3294 attingerent,

398 3368 400 3370 ψ
461 3347 494 3415 3,
510 3296 573 3394 cle·
606 3292 658 3392 iis
701 3328 855 3392 coacto
910 3291 1114 3394 Concilio
1157 3295 1409 3397 Germaniae
1452 3337 1504 3394 ex
1562 3293 1815 3434 Principum
1861 3330 1899 3393 et

465 3435 740 3556 „civitatum
778 3435 992 3534 sententia
1027 3435 1153 3538 statui
1188 3471 1417 3577 oportere.
1454 3451 1524 3537 De
1558 3439 1811 3579 proscriptis
1828 3450 1900 3539 Ca·

464 3634 499 3697 2„
513 3578 656 3678 tolum
693 3578 861 3678 exorari
896 3618 1058 3719 posse,
1094 3578 1130 3678 si
1164 3585 1252 3709 ejus
1293 3580 1505 3721 imperata
1546 3576 1804 3682 obedienter
1843 3575 1900 3681 fa·

464 3757 498 3840 5,
512 3721 661 3841 ciant,
695 3756 739 3819 et
775 3762 881 3860 quas
917 3722 1110 3838 dederit,
1149 3720 1420 3821 conditiones
1451 3721 1700 3865 accipiant.
1743 3734 1901 3827 Verum

466 3940 498 3984 „
515 3864 569 3963 dc
604 3876 729 4004 Rege
771 3864 897 3965 Gallo
934 3862 1162 3964 turbarum
1205 3865 1408 3966 omnium
1443 3902 1622 3966 auctore
1664 3866 1813 3968 minus
1845 3861 1903 3968 fa·

469 4006 597 4126 „tile
634 4007 860 4145 impetrari
895 4047 1019 4147 posse
1053 4045 1065 4115 3
1107 4006 1236 4107 licere
1273 4042 1418 4108 tamen
1440 4096 1442 4100 .
1461 4010 1729 4131 Mauricio,
1766 4048 1820 4112 ut·
1854 4006 1903 4109 ab

467 4147 672 4270 „eodem
707 4159 830 4289 Rege
867 4150 921 4249 de
957 4149 1106 4288 ipsius.
1128 4151 1352 4251 voluntate
1400 4185 1456 4251 et·
1477 4153 1591 4291 pacis
1641 4151 1906 4254 conditioni-

461 4347 498 4410 ·„
513 4289 592 4391 bus
619 4293 857 4433 exquirat,
876 4330 926 4392 ut
962 4290 1028 4392 his
1055 4294 1251 4436 cognitis
1286 4295 1563 4398 commodius
1581 4381 1584 4390 .
1597 4297 1739 4438 possit
1757 4298 1821 4396 “de
1840 4331 1906 4435 pa·

461 4434 765 4550 „cilitatione
802 4434 1097 4554 deliberatis
1437 4448 1442 4458 ’
1774 4532 1776 4535 ,
1904 4488 1906 4491 ·

459 4645 466 4657 «
538 4588 678 4675 ΧΧΠ.
751 4588 828 4679 De·
857 4578 925 4679 his
961 4577 1088 4692 rebus
1122 4621 1228 4683 cum·
1257 4581 1406 4688 fixisset
1439 4583 1739 4727 disputatum,
1777 4621 1909 4723 nega·

459 4715 529 4819 vit
576 4717 816 4823 Mauricius
857 4722 925 4826 sui
960 4721 1131 4836 arbitrii
1170 4734 1247 4828 aut
1265 4728 1518 4870 potestatis.
1548 4766 1634 4828 esse
1671 4726 1802 4834 sociis
1845 4727 1912 4826 ine.

461 4916 466 4922 ·
523 4898 528 4916 ’
1805 4907 1908 4971 con·
