4110 5888
456 367 589 440 xvm.
917 359 1424 443 sUMMnrt1UM.

433 521 494 584 aas
524 491 716 608 exponit3
748 483 886 577 deinde
936 517 1001 608 per
1032 490 1152 577 inrer-
1209 489 1297 578 dide
1312 518 1458 578 mensas
1472 484 1726 607 imperatorias
1740 480 1917 577 intruen-

439 611 592 700 nuntios
623 612 671 697 de
701 609 922 727 imperando
965 634 1069 696 extra
1094 639 1150 697 or·
1207 635 1275 717 re,
1306 636 1345 697 et
1369 611 1575 697 aulicorum
1601 610 1744 694 bonam
1771 605 1916 725 partein

376 730 380 747 ‘
439 721 568 819 dinem
601 731 744 817 tributo
773 726 908 816 refert.
941 731 1074 848 legati
1089 759 1151 816 ne·
1208 729 1363 837 alente,
1393 730 1562 848 regaliter
1593 727 1792 842 excipitur.

441 875 534 970 gant
560 849 599 935 id
627 848 818 967 potestatis
850 850 1017 965 ipsorum
1054 877 1150 936 esse.
1267 850 1413 935 XXVI.
1474 855 1544 935 Per
1582 855 1756 958 Riogiam
1787 876 1915 961 proce·

502 972 623 1057 XXII.
683 975 848 1054 Instante
871 967 1045 1071 Carolo,
1074 968 1148 1083 pla·
1208 965 1301 1054 dens
1322 967 1502 1059 Sanctum
1533 970 1774 1051 Domr‘uicum
1810 997 1916 1084 prae-

441 1112 503 1176 cet
534 1152 547 1196 ,
581 1111 625 1172 ut
673 1088 840 1176 civitates
877 1086 991 1174 missis
1022 1088 1072 1173 ab
1103 1117 1154 1174 eo
1208 1087 1431 1204 tergreditur
1460 1108 1477 1194 ,'
1503 1086 1650 1172 urbem
1676 1109 1803 1175 vetere
1843 1086 1953 1176 mi-.

442 1207 567 1294 litteris
602 1207 873 1315 consulantur,
902 1235 998 1323 quas
1024 1206 1154 1292 huma·
1212 1208 1341 1292 raculo
1365 1207 1564 1293 celebrem.

444 1327 540 1413 niter
572 1350 610 1412 et
641 1325 844 1412 amabiliter
879 1327 1035 1442 scriptas,
1065 1355 1155 1412 cum
1269 1327 1433 1413 XXVII.
1490 1325 1554 1412 Ad
1569 1324 1803 1442 Logronium
1834 1356 1937 1439 per··

370 1537 375 1547 ,
443 1446 611 1533 civitates
641 1445 838 1564 legissent,
858 1439 1049 1561 quaedam
1075 1473 1157 1530 non
1209 1446 1362 1532 ueniem
1405 1473 1534 1533 muros
1580 1468 1768 1531 vetustate
1808 1444 1914 1529 colla·

444 1590 600 1684 gravare
638 1566 870 1682 ,quaedam
911 1564 1056 1684 aegrius
1086 1569 1159 1650 Re·
1184 1565 1340 1652 ‘bentes
1362 1564 1488 1672 refici,
1504 1588 1542 1651 et
1566 1563 1663 1648 lberi
1733 1587 1838 1650 ntem
1864 1592 1916 1650 rc·

445 1685 501 1801 gis
547 1685 739 1802 postulatis
790 1709 964 1770 annuunt
1012 1707 1159 1800 praeter
1209 1685 1328 1799 parari
1359 1684 1482 1797 jubet.
1531 1680 1634 1768 Hinc
1688 1710 1761 1768 exo
1787 1681 1915 1770 itinere

444 1803 727 1920 Legionenses,
750 1803 1080 1909 Salmanticenses,
1097 1808 1159 1888 Sa-
1208 1803 1480 1919 Pompelonem
1532 1801 1751 1917 conrendir.
1800 1803 1916 1887 Deni-

446 1922 643 2040 govienscs
667 1946 706 2008 et
737 1921 1027 2009 Valdolitenses.
1048 1926 1158 2009 Gon·
1210 1949 1287 2035 que
1311 1952 1394 2038 quo
1417 1922 1477 2008 die
1494 1898 1755 2006 Montisonem
1784 1918 1917 2029 intrat,

446 2040 516 2128 zali
554 2040 759 2127 ledesmae
801 2040 1000 2128 Zamorani
1045 2040 1158 2158 legati
1208 2041 1349 2126 eodem
1389 2041 1440 2127 ad
1490 2062 1667 2125 coactum
1704 2037 1915 2126 Concilium

446 2159 635 2277 singularis
665 2160 912 2268 constantia,
945 2189 1010 2248 seu
1033 2162 1159 2277 potius
1206 2161 1323 2246 verba
1355 2155 1492 2245 faciens
1517 2187 1643 2244 rerum
1671 2157 1838 2269 proxime
1859 2187 1919 2276 ge

443 2279 668 2395 pertinacia.
1208 2303 1349 2366 starum
1369 2303 1703 2394 susceptorumque
1723 2300 1916 2364 sumtuum

471 2454 475 2459 -
506 2400 647 2510 XXIII.
707 2401 778 2484 Per
818 2398 858 2483 id
886 2422 1033 2512 tempus
1069 2427 1158 2485 con·
1208 2399 1393 2485 rationem
1423 2396 1577 2503 reddit,
1605 2418 1646 2480 et
1679 2393 1827 2508 publica
1855 2397 1916 2480 in-

447 2517 664 2605 tumeliosus
696 2516 837 2606 libellus
868 2518 918 2603 ad
947 2513 1044 2602 fores
1069 2519 1158 2607 Divi
1208 2518 1296 2633 opia
1340 2515 1570 2632 proposita,
1626 2535 1673 2600 ut
1717 2512 1772 2596 his
1812 2515 1916 2602 malis

447 2635 553 2720 Paul
592 2633 723 2723 affixus
755 2637 808 2722 ad
850 2638 1050 2721 Caesarem
1097 2638 1156 2724 de·
1210 2636 1466 2740 medeantur,
1489 2657 1610 2749 utque
1641 2629 1796 2718 vicissim
1827 2633 1916 2748 ipsi,

449 2749 567 2840 fertur
600 2819 614 2865 ,
645 2788 727 2874 quo
771 2754 1014 2845 vehementer
1061 2783 1162 2872 com·
1210 2785 1309 2872 quae
1349 2755 1428 2843 visa
1460 2753 1532 2840 sint
1560 2814 1574 2857 ,
1603 2748 1794 2870 postulent
1822 2812 1836 2866 ,
1864 2751 1919 2865 ad

450 2900 602 2981 motus,
630 2875 866 2963 Praetoribus
895 2873 1018 2960 aulicis
1049 2904 1163 2993 nego
1210 2900 1419 2966 extremum
1447 2896 1582 2992 rogat.
1826 2869 1828 2878 ’

450 2993 545 3078 tium
579 2996 645 3080 dat
688 3019 882 3080 auctorem
915 2992 1039 3078 -llbelli
1089 2994 1163 3080 dili·
1596 3096 1598 3100 ¹

452 3138 584 3230 genter
607 3113 836 3229 inquirendi.
867 3111 921 3196 Hi
935 3110 1066 3196 latim
1093 3112 1170 3207 do<
1417 3121 1531 3214 LIB,
1582 3119 1724 3212 XXI,

451 3256 534 3318 ctos
564 3228 641 3319 fere
671 3261 808 3321 omnes
848 3256 1159 3346 percunctantur,
1721 3337 1724 3344 Ι
1900 3311 1903 3320 Α

453 3375 492 3436 et
534 3376 680 3467 praeter
721 3379 827 3465 spem
868 3348 1006 3434 indicio
1056 3352 1162 3467 pueri
1270 3357 1302 3439 I.
1363 3313 1611 3441 FRanciscus
1625 3350 1823 3441 Gallorum
1836 3352 1918 3443 Rex

450 3467 503 3555 ,de
532 3471 744 3556 auctoribus
775 3491 1033 3584 cognoscunt.
1210 3473 1451 3590 indignatus,
1474 3473 1584 3589 quod
1612 3503 1637 3556 a
1665 3473 1807 3559 Carolo
1832 3477 1918 3559 Me·

512 3590 658 3673 XXIV.
716 3593 811 3672 Duo
826 3586 937 3702 igitur
951 3585 1162 3674 adolescen-
1212 3591 1465 3679 diolanensem
1479 3590 1730 3708 Principatum
1754 3620 1834 3677 non
1851 3592 1918 3677 im·

454 3728 552 3811 res,
587 3707 678 3790 alter
725 3705 851 3809 Petri,
884 3705 976 3791 alter
1003 3709 1162 3795 Garciae
1212 3734 1359 3826 petrer,
1375 3710 1515 3796 bellum
1545 3738 1676 3826 parare
1712 3739 1792 3795 non
1826 3709 1916 3795 desi·

455 3823 555 3909 lassi
581 3822 674 3909 filius
697 3853 743 3910 ex
766 3823 919 3912 vinculis
944 3824 1042 3910 dicta
1070 3854 1162 3912 cau·
1214 3828 1297 3915 stit.
1333 3829 1491 3915 Carolus
1520 3829 1559 3914 in
1586 3828 1705 3917 varias
1738 3827 1920 3914 conditio·

455 3972 496 4027 sa
527 3942 646 4060 capite
695 3943 940 4030 damnantur.
984 3945 1161 4053 Carolus,
1215 3977 1280 4033 nes
1316 3948 1507 4034 descendit
1537 3975 1551 4051 3
1580 3947 1716 4063 quubus
1749 3976 1774 4031 a
1804 3947 1921 4032 Gallo

455 4062 648 4148 Toletano
690 4087 729 4147 et
778 4060 985 4175 Hispalensi
1030 4064 1161 4151 Archi·
1214 4064 1379 4179 rejectis,
1404 4064 1592 4180 postulata
1622 4065 1699 4176 ejus
1726 4065 1837 4181 plena
1862 4094 1923 4152 cu·

455 4180 636 4295 episcopis
675 4176 808 4266 frustra
861 4179 1161 4296 deprecantibus,
1214 4182 1374 4299 piditatis
1409 4207 1449 4270 et
1475 4183 1603 4300 iniqua
1633 4183 1792 4297 judicat.

414 4303 419 4329 ”
454 4299 612 4414 Philippi
642 4297 705 4384 filii
735 4298 904 4414 precibus
935 4298 1090 4385 tandem
1102 4329 1163 4388 ex·
1272 4306 1316 4388 II.
1376 4307 1457 4390 Rex
1489 4303 1603 4422 igitur
1646 4333 1711 4419 spe
1742 4302 1922 4416 Principa-

453 4441 602 4502 oratur.
1213 4441 1273 4508 tus
1315 4422 1609 4512 Mediolanensls
1647 4421 1834 4533 dejectus,
1870 4421 1923 4507 ad

514 4537 646 4621 XXV.
690 4540 835 4624 Interea
861 4539 1161 4655 Aragonensium
1215 4542 1461 4654 solymanum
1498 4539 1631 4624 auxilia
1661 4563 1811 4624 oratum
1844 4537 1924 4624 mit·

454 4649 595 4741 indicto
623 4657 794 4743 Concilio
830 4661 977 4773 Burgos
1007 4686 1158 4775 progre
1214 4682 1293 4744 rere
1334 4659 1527 4748 constituit
1556 4659 1793 4744 Fernandum
1838 4657 1923 4742 Rin-

454 4775 582 4883 dtur,
613 4774 679 4862 ubi
707 4807 731 4861 a
763 4775 1007 4860 Comestabili
1042 4777 1161 4891 splen·
1215 4778 1369 4866 conium
1410 4841 1425 4888 ,
1479 4777 1631 4867 natione
1682 4776 1922 4893 Hispanum,

1796 4923 1923 4980 suum-
