4110 5888
624 369 1127 445 summanrom.
1501 381 1591 449 mr
1716 330 1723 337 ⁴

136 495 219 581 dito
252 521 317 579 ιιι
341 520 388 577 err
419 489 573 576 Consilii
605 491 741 606 publici
781 521 859 577 sen·
908 524 1053 580 merum
1086 495 1209 613 cogit

138 613 282 718 tentia,
309 636 348 696 et
365 610 533 727 Reginae
563 612 761 697 voluntate
781 641 858 696 cer-
966 617 1104 699 XXIII.
1175 617 1354 731 Regina,
1372 617 1619 704 tumultuario

144 733 185 818 tis
218 730 500 816 conditionibus
538 730 739 816 convenit.
908 732 1065 818 militurn
1099 734 1247 819 delectu
1279 736 1410 819 habito
1429 797 1442 842 ,
1458 766 1546 820 cum
1566 736 1621 822 his

192 854 333 937 XVIII.
406 849 677 985 Quorumdam
723 853 857 934 Proce·
907 849 1174 937 Norfolchium
1203 854 1402 937 Ducem
1393 883 1431 938 ιιι
1476 854 1623 941 Huvie·

139 1001 218 1056 rum
278 966 591 1054 tumultuandi
582 967 727 1054 mitium
761 1028 773 1074 ,
822 991 861 1054 et
907 993 990 1053 tum
1012 1000 1216 1106 properare
1240 971 1364 1106 jubet..
1396 973 1450 1057 Hi
1483 975 1531 1059 ad
1555 974 1621 1061 ho

142 1091 185 1175 de
211 1087 456 1173 matrimonio
492 1087 734 1225 impediendo
766 1116 857 1171 con·
908 1113 980 1173 stes
1011 1089 1119 1174 initio
1153 1092 1278 1204 praehi
1324 1092 1428 1207 signa
1472 1089 1627 1178 transfe-

141 1207 329 1322 spiratio,
360 1235 527 1321 quorum
560 1206 765 1339 principem
801 1205 853 1290 lo
909 1232 1023 1314 runt,
1066 1233 1104 1294 et
1134 1206 1423 1294 Norfolchius
1415 1240 1491 1326 ipse
1534 1212 1624 1326 capi·

141 1356 224 1411 curn
247 1325 424 1411 obtinent
451 1325 621 1410 Thomas
638 1324 847 1430 Huvietus,
908 1349 996 1412 tur.

142 1449 270 1531 Petrus
303 1448 468 1553 Carrus,
499 1469 539 1529 et
562 1445 748 1528 Henricus
777 1442 854 1529 Sul'
972 1448 1117 1534 XXIV.
1178 1451 1223 1532 In
1256 1476 1302 1532 ea
1341 1475 1466 1533 rerum
1504 1447 1629 1563 iniqui

144 1560 298 1650 folchius
343 1568 460 1648 Dux.
516 1563 615 1650 Petri
662 1562 826 1649 Carti
816 1593 862 1649 ιιι
912 1587 989 1651 tate
1035 1566 1180 1684 Regina
1222 1565 1460 1682 popularium
1514 1565 1630 1652 fidem

148 1682 314 1769 Galliam
345 1679 460 1800 fuga..
911 1683 1107 1799 implorat.
1149 1684 1366 1819 Ejusdem,
1418 1711 1632 1771 convocata

195 1804 304 1887 XIX.
368 1801 563 1889 Huvietus
608 1800 663 1888 ad
690 1801 864 1889 Chento
911 1799 1206 1940 frequentissima
1238 1803 1448 1917 concione,
1486 1805 1535 1889 ad
1560 1827 1631 1920 po·

138 1921 192 2006 nis
241 1919 337 2006 lines
374 1947 514 2006 manus
548 1922 672 2039 cogit.
722 1918 864 2008 Suffol·
912 1921 1045 2038 pulum
1078 1924 1222 2010 oratio.

132 2041 243 2126 chius
283 2026 452 2127 ducentis
494 2041 681 2155 equitibus
720 2041 860 2128 coactis
972 2043 1101 2127 XXV
1164 2044 1251 2126 Hac
1289 2041 1455 2144 audita,
1492 2070 1631 2157 magna

126 2155 172 2244 in
210 2160 482 2248 Varoicensem
509 2160 754 2246 Comitatum
771 2188 865 2250 con
913 2155 956 2244 fit
989 2161 1203 2246 animorum
1235 2159 1508 2245 commutatio
1548 2164 1630 2246 Hu-
1739 2195 1741 2197 ¹

126 2278 307 2366 tendens
320 2280 510 2391 Joannam
530 2277 649 2365 filiam
668 2307 742 2415 per
757 2309 856 2396 prae
913 2276 1034 2365 vietus
1063 2280 1115 2365 ad
1147 2279 1367 2366 suburbium
1400 2277 1520 2362 biduo
1560 2275 1631 2364 fru

125 2425 255 2482 eones
284 2400 472 2522 Reginam
510 2398 745 2515 pronuntiari
780 2428 862 2514 per·
913 2422 988 2483 stra
1005 2424 1207 2484 consumto
1226 2422 1359 2484 movet
1370 2425 1476 2502 ,ac,
1497 2400 1635 2484 Tame·

126 2517 219 2634 git·
210 2575 223 2620 ,
237 2517 306 2603 sed
340 2517 391 2605 ad
407 2517 685 2604 Northantonis
703 2518 862 2604 Comitis
913 2515 945 2601 si
971 2540 1081 2634 supra
1111 2517 1331 2602 Londinum
1363 2516 1544 2629 trajecto,
1573 2544 1636 2601 re·
1671 2621 1673 2624 ψ
1764 2560 1767 2561 ’

129 2636 385 2723 adventantis
435 2636 611 2722 nuntium
668 2635 869 2723 consilium
912 2659 974 2720 cta
1000 2637 1046 2721 in
1071 2636 1257 2724 urbem
1219 2664 1307 2720 curn
1339 2634 1518 2754 expeditis
1542 2662 1633 2720 corr·

126 2753 206 2841 init
237 2742 397 2845 latenter
412 2779 516 2845 extra
532 2755 763 2845 Britamriam
777 2786 870 2873 pro
913 2756 1063 2842 tendit.

135 2869 342 2989 fugiendi.
972 2876 1127 2960 XXVI.
1179 2872 1250 2959 Ad
1282 2871 1441 2956 moenia
1472 2895 1513 2957 et
1542 2902 1629 2986 por·
1666 2896 1669 2901 ’

206 2994 300 3075 XX.
352 2993 604 3110 Agricolam
594 3019 721 3109 rtaque
734 3024 871 3131 quern·-
912 3017 991 3077 tarn
1038 2993 1193 3077 alteram
1225 2991 1417 3076 occlusam
1453 2993 1634 3080 accedens

146 3109 239 3193 dam
269 3109 340 3195 sibi
358 3137 497 3197 notum
511 3139 668 3217 nactus,
682 3115 731 3197 ab
755 3144 804 3200 eo
825 3115 864 3198 in
912 3111 1133 3225 oppidanos
1151 3110 1296 3196 blandis
1321 3109 1450 3197 verbis
1473 3109 1631 3225 alloqui-

148 3254 284 3316 cavam
308 3230 488 3315 arborem
520 3174 727 3316 deduciiur
742 3260 871 3347 ,quo
913 3253 997 3314 tur.
1032 3236 1133 3316 Inter
1161 3229 1257 3313 haec
1288 3229 1528 3313 Pemhrucius
1554 3233 1627 3314 Co

152 3346 306 3433 rusticus
324 3348 554 3465 temporibus
586 3350 728 3437 idoneis
759 3378 863 3434 acce·
913 3377 998 3433 mes
1016 3348 1220 3482 Reginae
1211 3376 1309 3483 jussu
1340 3346 1504 3431 celeriter
1538 3348 1631 3433 edu·

150 3464 237 3551 dens
277 3466 458 3555 alimenta
488 3465 592 3557 fideli
629 3496 752 3584 opera
779 3468 874 3588 sub·
913 3491 978 3553 cto
1012 3466 1244 3582 praesidio
1235 3496 1273 3549 m
1303 3464 1469 3552 Huvieti
1502 3464 1629 3578 copias

151 3583 356 3671 ministrat.
913 3585 1096 3699 impetum
1137 3582 1263 3668 facit
1255 3641 1266 3686 ,
1297 3585 1498 3669 Cortineus
1539 3612 1629 3670 curn

204 3706 318 3789 XXI.
351 3705 451 3791 Sed
479 3704 649 3790 muricus
667 3704 780 3791 vel
755 3731 874 3793 nmo·
914 3704 1085 3817 equitatu
1114 3701 1327 3788 Huvietum
1354 3703 1608 3808 adoritur,
1573 3732 1625 3792 vt

150 3848 190 3904 re
231 3822 295 3910 vel
323 3822 537 3938 cupiditate
576 3800 751 3909 inductus
784 3829 876 3909 Du·-
916 3852 1087 3936 vumque
1113 3820 1243 3937 capit
1621 3869 1622 3872 ι

148 3967 232 4023 cem
265 3941 321 4026 ad
345 3966 554 4026 extremum
592 3941 764 4057 prodit,
797 3944 917 4058 qui
975 3943 1137 4025 XXVII.
1184 3940 1386 4027 Huvietus
1416 3971 1461 4027 ex
1499 3940 1626 4029 vincu-

145 4082 281 4171 captus
314 4058 574 4146 Londinum
565 4090 604 4146 ιιι
636 4089 760 4146 arcem
806 4091 868 4147 re·
916 4057 1014 4144 lis
1004 4064 1100 4162 ¹inter
1136 4059 1416 4175 conspirationis
1460 4059 1630 4148 conscios

146 4176 320 4261 ducitur.
366 4176 495 4265 Brevis
527 4180 576 4265 de
620 4179 744 4289 rustici
777 4179 868 4267 illius
916 4178 1141 4264 Cortineum
1174 4179 1385 4282 nominat,
1408 4179 1481 4292 qui
1505 4180 1630 4265 statim

146 4294 319 4380 hominis
341 4291 507 4380 facto
474 4327 640 4413 ejusque
665 4297 800 4410 justitia
831 4325 879 4387 et
917 4297 956 4381 in
996 4297 1207 4383 custodiam
1250 4297 1473 4401 deducitur,
1506 4300 1630 4384 donec

144 4412 360 4498 honestate
382 4414 608 4535 disputatio
680 4429 683 4437 '
919 4415 1086 4550 ejusdcm
1120 4415 1359 4528 poenitentia
1398 4415 1507 4501 ducti
1531 4418 1630 4503 testi·

148 4529 350 4617 XXII
396 4539 497 4635 Inter
492 4563 543 4620 ea
579 4532 760 4619 Thomas
786 4537 881 4618 Hu·
919 4533 1258 4618 monioliberatur.
1287 4531 1529 4640 Suffolchius,
1549 4541 1630 4623 Hu·

150 4647 270 4735 vietus
298 4652 521 4739 inchoatum
552 4682 667 4768 opus
680 4677 815 4774 urget,
835 4677 884 4739 et
921 4652 1078 4756 vietus,
1097 4676 1136 4736 et
1174 4650 1330 4762 Joanna
1368 4683 1463 4739 curn
1497 4657 1634 4741 marito

144 4794 323 4924 mutuor
353 4769 519 4861 millium
524 4797 779 4871 armatorum
804 4803 883 4860 ιιιι·
920 4770 1052 4886 capite
1073 4771 1316 4887 plectuntur.

1563 4890 1635 4976 ιιι
1668 4849 1686 4886 “
