4124 5880
555 461 614 559 94
920 447 1003 526 on
1053 443 1261 532 nauus
1289 440 1531 524 r<assuens

512 613 641 712 etiam
680 618 732 709 ex
768 648 822 709 eo
859 604 1053 704 maxime
1087 598 1334 721 conflabat,
1374 603 1500 742 quod
1538 640 1581 701 se
1615 609 1705 732 jam
1744 638 1836 701 non
1871 594 1978 704 fa'ci

511 755 552 856 le
590 753 702 854 adiri
745 749 1095 910 conveniriquen
1100 743 1308 864 sinebat,
1344 785 1455 886 quae
1489 783 1553 845 res
1601 780 1650 844 ut
1691 743 1977 848 conficiendis

515 897 883 1059 expediendisque
929 890 1119 1035 negotiis
1155 927 1366 1008 moram,
1403 887 1463 988 sic
1499 928 1549 988 ea
1591 880 1837 1031 gerentibus
1874 931 1975 994 ma

514 1080 651 1183 gnam
686 1039 936 1141 molestiam
972 1073 1015 1138 et
1050 1034 1328 1175 dispendium
1364 1027 1600 1134 afferebat
1712 1082 1718 1093 ι

227 1206 293 1273 Au
312 1227 501 1276 unum·
591 1194 753 1286 XXIII
828 1184 903 1283 Ad
945 1182 1063 1282 diem
1105 1177 1391 1280 undecimum
1427 1177 1638 1277 Kalendas
1673 1185 1857 1311 MajaS,
1893 1178 1977 1322 qui

234 1414 238 1417 „
284 1355 316 1387 ’“’·
350 1447 368 1458 ,.
512 1323 599 1429 firit
635 1367 772 1428 annus
808 1324 974 1426 Christi
1018 1322 1270 1426 millesimus
1312 1320 1682 1462 quingentesimus
1726 1325 1976 1465 trigesimus

365 1452 388 1465 ..
505 1511 701 1590 nonus,
736 1467 911 1576 Isabella
941 1474 1195 1636 Augusta,
1231 1506 1344 1606 quae
1380 1464 1597 1604 pertenuis
1633 1501 1724 1568 erat
1758 1468 1975 1572 valetudi

504 1616 620 1734 nis,
656 1648 699 1711 et
735 1611 1030 1748 dysenteria
1015 1651 1107 1742 Jam
1149 1608 1317 1749 pridem
1352 1605 1622 1727 laborabat,
1657 1608 1865 1713 abortum
1901 1609 1973 1716 fe-

505 1757 596 1876 eit,
634 1754 887 1896 morboque
922 1754 1242 1866 invalescente
1279 1753 1477 1860 absumta
1515 1791 1577 1856 est
1619 1754 1723 1896 ipsis
1764 1756 1974 1859 Kalendis

502 1899 667 2031 Maji,
703 1939 955 2063 magnum
969 1898 1035 1997 sui
1070 1896 1334 2000 desiderium
1370 1898 1644 2037 relinquens,
1680 1938 1784 1999 cunr
1819 1902 1970 2002 ceteris

502 2040 710 2144 omnibus
744 2121 760 2164 ,
798 2044 878 2184 qui
913 2040 1096 2143 virtutes
1132 2049 1222 2173 ejus
1258 2074 1605 2182 perspexerant,
1641 2077 1740 2142 tum
1776 2044 1973 2145 maxime

501 2186 664 2288 Carolo
700 2186 908 2306 marito,
945 2220 1102 2286 mutua
1139 2182 1302 2285 sibiet
1339 2184 1500 2285 eximia
1548 2184 1722 2286 caritate
1781 2194 1970 2319 conjun-

501 2329 725 2431 ctissimo.
782 2340 885 2429 Erat
926 2329 1047 2430 enirn
1099 2325 1341 2428 Isabella
1312 2368 1365 2431 ns
1399 2327 1650 2430 lenioribus
1699 2328 1970 2457 virtutibus,

501 2470 664 2612 quibus
713 2467 907 2574 feminae
951 2470 1231 2613 potissimum
1287 2474 1653 2574 commendantur
1687 2549 1702 2635 .'
1741 2474 1970 2635 ornatissi-

501 2652 607 2738 ma,
645 2617 903 2736 modestia,
940 2617 1109 2757 pudore
1159 2653 1203 2715 et
1239 2616 1563 2777 temperantia,
1600 2615 1841 2718 mitissimis
1877 2615 1968 2719 bu

500 2758 852 2901 manissimisque
889 2694 1137 2877 inoribus,
1174 2757 1246 2861 sed
1287 2798 1391 2860 curn
1432 2759 1647 2899 gravitate
1691 2761 1812 2901 regia
1844 2794 1963 2864 tem

500 2902 687 3071 peratis,
723 2938 943 3042 praeterea
978 2903 1027 3002 in
1062 2902 1273 3007 maritum
1311 2900 1588 3004 observantia
1624 2901 1863 3045 singulari,
1894 2906 1969 3008 cui

501 3053 594 3176 jam
639 3045 830 3186 graviter
877 3046 1126 3189 aegrotanti
1161 3043 1352 3147 maxime
1396 3046 1602 3148 omnium
1637 3047 1820 3151 Carolus
1864 3051 1968 3147 assi-

503 3184 670 3308 debat,
705 3132 1018 3331 interdumque
1053 3189 1375 3291 medicamenta
1421 3191 1717 3332 potionesque
1752 3192 1836 3292 suis
1873 3192 1968 3331 ipse

502 3267 704 3437 manibits
746 3330 933 3433 libenter
969 3370 1043 3432 ac
1064 3333 1213 3433 sedulo
1248 3332 1569 3438 ministrabat.
1601 3335 1787 3437 Medicis
1832 3375 1967 3479 porro

502 3473 641 3574 de
601 3512 693 3576 vrta
740 3486 831 3608 ejus
876 3474 1250 3617 desperantibus,
1287 3477 1376 3620 ipse
1418 3479 1584 3622 primus
1628 3517 1709 3619 pro
1753 3465 1967 3641 singulari

502 3619 658 3719 suain
692 3631 843 3722 Deum
878 3622 1040 3783 pietate
1076 3657 1120 3721 et
1162 3620 1375 3762 religione
1410 3622 1654 3763 periculum
1690 3660 1818 3722 uxorr
1853 3623 1968 3724 dile-

504 3759 718 3863 ctissimae
754 3764 1055 3884 renuntiavit,
1093 3763 1321 3867 exhortans
1365 3765 1574 3867 simulet
1617 3765 1881 3891 obtestans,
1916 3804 1968 3872 ut

501 3913 592 4036 jam
637 3908 838 4007 terrestris
887 3910 1005 4008 vitae
1049 3946 1182 4049 atque
1224 3911 1420 4011 mortalis
1469 3911 1647 4028 oblita,
1682 3910 1739 4009 de
1787 3840 1969 4014 coelesti

500 4049 726 4150 dumtaxat
762 4052 1109 4193 sempiternaque
1146 4052 1390 4194 cogitaret.
1432 4055 1505 4154 Ad
1541 4090 1762 4155 summam
1796 4055 1972 4157 nullum

501 4188 707 4298 officium
736 4194 806 4295 vel
839 4197 1092 4338 prudentis,
1116 4198 1186 4297 vel
1222 4196 1446 4337 religiosi,
1467 4196 1537 4298 vel
1564 4197 1867 4301 amantissimi
1880 4238 1970 4302 ma·

501 4334 600 4435 riri·
612 4337 658 4437 in
694 4378 875 4440 uxorem
893 4375 1251 4502 aegrotantem,
1289 4342 1360 4443 sed
1397 4382 1452 4442 ne
1488 4382 1589 4486 post
1631 4379 1822 4444 mortem
1859 4345 1971 4503 qui-

502 4478 603 4578 dem
639 4483 960 4620 praetermisit,
997 4525 1085 4628 qua
1121 4485 1377 4598 laborante,
1413 4486 1745 4625 supplicationes
1782 4485 1886 4584 de
1873 4523 1971 4589 rm-

499 4627 711 4760 petranda
754 4635 846 4754 ejus
890 4629 1024 4727 salute
1073 4625 1128 4728 ab
1164 4627 1405 4728 immortali
1440 4639 1541 4730 Deo
1587 4665 1664 4792 per
1700 4666 1834 4729 omne
1871 4640 1969 4734 Re

503 4801 645 4905 gnum
680 4764 953 4880 indictae3
941 4809 1032 4912 rpsa
1068 4810 1173 4875 vero
1208 4806 1387 4915 accepto
1422 4771 1576 4877 mortis
1611 4772 1807 4876 instantis
1843 4812 1966 4877 nun-

1868 4918 1966 5041 ri0,
