4192 5858
411 449 520 565 ,27⁶
808 457 892 538 nu
934 455 1139 540 nunus
1185 451 1407 539 Gusrrs

398 615 617 726 trecentis
654 651 787 757 quam
825 653 1007 713 manum
1044 653 1069 710 a
1105 615 1240 714 Paulo
1281 611 1496 714 Pontifice
1546 608 1723 712 missam
1774 623 1866 746 ejus

403 809 455 866 ex
492 764 587 863 filio
623 799 760 901 nepos
780 760 994 860 Octavius
1029 758 1248 861 Farnesius
1263 834 1279 878 ,
1318 758 1528 898 idemque
1565 756 1716 857 Caroli
1751 771 1869 860 Cae-

405 909 506 1012 saris
542 944 696 1068 gener
726 903 952 1025 ducebat,
950 901 1218 1043 alebatque
1271 905 1463 1052 ejusdem
1502 900 1786 1001 Pontificis
1775 942 1866 1005 tm-

407 1092 584 1195 pensa,
621 1048 702 1190 qui
752 1086 1039 1150 nummorum
1092 1084 1310 1187 praeterea
1360 1082 1627 1151 scutatorum
1676 1082 1869 1150 trecenta

406 1196 547 1298 millia
582 1192 805 1294 Catolo
795 1230 845 1292 tn·
892 1232 1022 1292 usum
1058 1193 1295 1292 militarem
1333 1191 1578 1291 summisit
1633 1198 1866 1293 Pervenere

407 1340 513 1442 item
548 1339 714 1477 equites
750 1335 958 1457 ducenti,
979 1376 1092 1476 quos
1128 1347 1232 1441 Dux
1269 1335 1512 1435 Florentiae
1548 1345 1741 1435 Cosmus
1768 1345 1866 1435 Me·

258 1582 261 1583 f
408 1487 558 1601 dices,
597 1516 641 1579 et
689 1518 908 1600 centurn,
942 1521 1056 1622 quos
1089 1493 1194 1583 Dux
1246 1480 1457 1580 Ferrariae
1508 1478 1787 1599 mittebant,
1825 1516 1867 1581 et

408 1629 711 1766 Hispanorum
749 1661 972 1727 veteranae
1007 1623 1243 1745 cohortes,
1281 1659 1378 1723 tum
1413 1664 1466 1722 ex
1502 1624 1723 1764 Cisalpina
1759 1626 1867 1724 Gal-

408 1772 467 1871 lia
503 1810 614 1870 cum
642 1776 760 1867 Atze
811 1765 1063 1909 praefecto,
1100 1806 1194 1868 turn
1247 1810 1299 1867 ex
1334 1781 1495 1928 Regno
1532 1767 1862 1907 Neapolitano

408 1926 560 2054 Itaque
596 1913 935 2035 accedentibus,
970 1913 1050 2053 qui
1102 1953 1154 2013 ex
1190 1911 1413 2011 Pannonia
1468 1907 1678 2011 inferiore
1729 1951 1865 2011 vene-

407 2094 534 2176 rant,
561 2056 865 2196 Hispanorum
902 2095 1107 2157 numerus
1143 2056 1198 2155 ad
1235 2091 1343 2155 octo
1372 2053 1509 2153 millia
1544 2056 1719 2216 crevitn,
1762 2065 1866 2155 Ger-

407 2200 528 2302 mani
564 2241 747 2340 quoque
783 2240 971 2302 numero
1007 2201 1063 2299 ad
1099 2192 1317 2298 seridccim
1352 2198 1516 2319 millia,
1538 2240 1643 2299 cum
1679 2197 1761 2317 iis,
1788 2197 1868 2339 qui

407 2340 675 2446 Ratisbonae
712 2345 929 2484 praesidio
965 2344 1103 2444 relicti
1136 2337 1344 2465 fuerant,
1379 2378 1712 2460 convenerunt,
1747 2345 1871 2484 equi-

409 2522 471 2587 tes
506 2526 613 2587 vero
649 2485 931 2628 cataphracti
953 2489 1043 2588 duo
1079 2486 1252 2612 millia,
1271 2486 1449 2589 levioris
1484 2523 1728 2590 armaturae
1764 2527 1871 2592 curn

408 2631 567 2734 Italicis
603 2632 723 2733 mille
760 2634 1018 2775 quingenti

477 2784 582 2878 XV
657 2776 741 2876 His
776 2778 919 2918 copiis
951 2778 1149 2898 coactis,
1184 2775 1477 2883 Ratisbonam
1514 2774 1669 2895 redit,
1706 2811 1751 2877 et
1787 2773 1893 2878 tri-

319 2948 320 2951 ‘
406 2916 532 3060 ginta
567 2959 638 3020 sex
687 2922 859 3061 magnis
909 2920 1288 3064 mediocribusque
1342 2923 1569 3022 tormentis
1621 2852 1843 3062 eripeditis
1855 2999 1878 3041 ,

409 3099 453 3163 et
502 3063 606 3162 inde
655 3060 912 3183 abstractis,
948 3066 1067 3166 mille
1120 3065 1356 3167 bominum
1411 3066 1678 3207 praesidi-um
1733 3066 1872 3165 relin-

410 3244 580 3344 quens,
599 3142 942 3349 Ingolstadiuni,
966 3248 1055 3348 qua
1092 3247 1214 3349 parte
1249 3209 1393 3310 hostes
1431 3207 1737 3350 vagabantur,
1776 3248 1871 3308 mo·

411 3384 518 3470 vet,
553 3350 853 3513 postridieque
889 3354 1184 3452 Neustadium
1220 3353 1464 3473 Danubi0,
1500 3392 1579 3492 qur
1616 3388 1753 3492 ponte
1792 3351 1868 3454 ibi

409 3426 518 3592 deni
547 3494 872 3613 committitur,
913 3497 1173 3637 impositum
1210 3499 1431 3638 oppidum
1463 3497 1610 3596 venit
1627 3536 1726 3674 qua
1763 3498 1870 3599 dum

411 3672 536 3776 parat
571 3639 808 3739 exercitum
845 3572 980 3739 tiibus
1018 3641 1229 3780 pontibus
1267 3642 1495 3772 trajicere,
1533 3636 1706 3740 duobus
1757 3641 1874 3741 scili-

410 3814 479 3879 cet
525 3821 682 3944 super·
703 3783 951 3903 naviculas,
989 3823 1103 3922 quae
1156 3784 1284 3883 carris
1321 3783 1633 3903 vectabantur,
1668 3822 1876 3885 constru

408 3923 517 4044 ctis,
558 3925 810 4027 nuntiatum
850 3963 950 4046 est,
985 3924 1131 4027 hostes
1167 3969 1218 4027 ex
1253 3930 1384 4028 altera
1420 3928 1614 4028 fluminis
1651 3967 1784 4069 parte
1821 3929 1877 4029 ad

408 4001 702 4171 Ratisbonam
761 4070 1067 4231 occupandam
1126 4075 1418 4173 contendere
1486 4085 1636 4212 Itaque
1691 4072 1878 4172 Carolus

407 4219 648 4313 Germanos
701 4213 853 4333 mille,
890 4214 1117 4354 Hispanos
1170 4214 1482 4373 scloppetarios
1531 4215 1879 4356 quadringentos

406 4355 610 4492 praesidii
646 4292 874 4496 supplendi
918 4357 1060 4499 gratia
1097 4356 1391 4461 Ratisbonam
1442 4398 1676 4501 properare
1711 4357 1878 4492 jubet,

405 4497 487 4634 qui
523 4501 723 4636 proxima
774 4537 903 4600 nocte
939 4499 1162 4602 urbem
1149 4503 1366 4641 ingressi,
1407 4538 1590 4601 omnem
1644 4512 1734 4637 eJ‘us
1791 4543 1878 4643 po-

2058 4242 2096 4267 A

2043 4411 2096 4441 d

387 4641 550 4739 ¹tiundi
586 4681 708 4782 spem
760 4640 964 4745 hostibus
996 4647 1280 4744 ademerunt
1336 4657 1456 4746 Cum
1494 4646 1679 4746 Carolus
1731 4649 1876 4750 biduo
1998 4666 2096 4722 θ

402 4784 553 4927 copias
588 4783 846 4890 Danubium
883 4790 1148 4923 trajecisset,
1149 4787 1419 4894 nuntiatum
1457 4827 1553 4909 est,
1584 4786 1731 4892 hostes
1773 4823 1872 4932 post
1927 4797 2089 4880 :15

1799 4946 2044 5037 111...ae
