3998 5850
482 426 730 510 cauom
767 427 819 509 v.
860 431 975 509 utu.
1008 428 1209 512 xxvrt.
1432 442 1522 540 427

104 581 179 689 nia
224 583 514 725 exportulavit
550 625 561 682 ε
597 620 746 684 contra
782 621 886 682 vero
923 583 1106 683 Henrici
1143 582 1274 724 Regis
1323 582 1389 684 sui
1428 591 1551 715 justi-

103 728 214 827 tiam
253 764 296 828 et
326 727 645 830 humanitatem
684 724 884 827 laudibus
921 726 969 825 in
1003 728 1172 828 caelum
1204 727 1385 848 extulit,
1413 730 1547 859 illud

54 886 58 895 '
98 908 188 1011 que
232 871 282 971 in
319 900 479 1011 magna
530 880 620 1001 ejus
675 872 802 971 laude
839 870 989 1010 posuit
1028 949 1043 989 ,
1083 871 1207 1011 quod
1254 912 1279 970 a
1329 875 1545 976 Mauricio

99 1032 143 1114 et
182 1012 365 1116 Albetto
409 1014 778 1155 Brandeburgensi
826 1013 1107 1115 Germanicae
1153 1013 1359 1115 libertatis
1396 1016 1546 1118 vindi-

43 1286 44 1289 Ν
97 1155 222 1257 cibus
254 1158 391 1297 ipsius
437 1196 570 1296 opem
602 1157 937 1299 implorantibus
966 1155 1213 1256 admonitus
1247 1234 1262 1277 ‚
1295 1166 1542 1260 Germano-

96 1335 195 1398 rum
233 1340 404 1401 causam
442 1301 624 1402 libenter
674 1338 758 1440 pro
798 1340 873 1400 sua
918 1299 1084 1432 justitia
1130 1336 1173 1401 et
1228 1302 1542 1407 necessitudine

95 1464 164 1540 acl
179 1480 391 1583 propensa
423 1443 470 1543 in
505 1483 605 1543 eam
640 1443 867 1543 nationem
905 1443 1132 1543 voluntate
1160 1444 1439 1587 suscepisset,
1461 1449 1541 1588 qui

130 1623 368 1725 uamquam
417 1581 591 1688 foedere
640 1623 817 1691 cautum
855 1620 961 1686 esset
1012 1585 1127 1686 inter
1164 1586 1279 1725 ipsos
1314 1665 1329 1708 ‚
1368 1630 1423 1689 ne
1476 1591 1540 1693 illi

95 1621 256 1867 ibsque
291 1729 425 1870 Regis
460 1730 682 1830 voluntate
728 1764 772 1828 et
803 1729 1013 1868 permissu
1050 1768 1153 1830 cum
1187 1728 1311 1845 hoste
1347 1733 1538 1872 pacisce·

93 1905 281 1989 rentur,
314 1870 427 1970 hanc
465 1908 613 1972 tamen
661 1872 964 1971 conditionem
1003 1872 1221 1971 Mauricio
1262 1911 1342 2012 pro
1381 1876 1538 1977 amici-

91 2010 153 2112 tia
208 2012 447 2113 remitteret
486 2091 501 2132 ,
539 2015 678 2113 modo
717 2013 929 2151 Principes
979 2013 1142 2153 captivi
1181 2012 1415 2116 liberentur
1448 2095 1462 2135 ,
1493 2055 1537 2119 et

90 2157 238 2253 modis
276 2156 481 2258 omnibus
518 2155 776 2288 Germaniae
812 2153 1004 2255 libertati
1042 2196 1092 2256 ac
1129 2157 1335 2298 dignitati
1381 2199 1536 2260 consu-

89 2294 227 2397 latur.
285 2299 423 2418 Quod
472 2336 620 2399 autem
673 2310 771 2400 Rex
809 2300 1054 2398 Fernandus
1106 2335 1151 2398 et
1204 2299 1334 2401 ceteri
1371 2302 1536 2404 Princi-

122 2478 164 2535 es
219 2477 261 2539 et
297 2440 443 2581 legati
479 2441 536 2541 ab
568 2441 768 2541 Henrico
800 2452 924 2582 Rege
978 2441 1032 2539 de
1084 2441 1202 2580 pacis
1256 2444 1531 2544 conditioni-

87 2475 203 2701 bus,
236 2582 272 2681 si
306 2583 461 2722 pacisci
491 2584 652 2704 vellet,
674 2622 749 2724 per
786 2584 1055 2684 Mauricium
1083 2583 1408 2722 exquisivissets
1436 2627 1531 2690 non

84 2758 173 2823 esse
203 2735 380 2867 Regum
409 2729 639 2828 Gallorum
674 2726 999 2827 consuetudinis
1030 2765 1182 2865 pacem
1213 2726 1270 2825 ab
1298 2725 1421 2827 hoste
1457 2768 1530 2867 pe-

86 2897 176 2967 tere
207 2909 218 2966 :
252 2906 400 2969 tamen
437 2870 472 2969 si
501 2871 543 2970 ei
572 2878 638 2969 res
670 2870 833 2971 ablatae
866 2869 1143 2972 restituantur
1177 2945 1192 2986 ,
1232 2908 1283 2968 ac
1318 2871 1372 2969 de
1411 2870 1528 3001 inju·
1620 2888 1623 2893 ’

83 3007 155 3108 riis
194 3011 401 3125 satisfiat,
431 3013 574 3152 ipsum
610 3050 763 3153 pacem
808 3011 1004 3153 publicae
1042 3001 1201 3152 quietis
1247 3012 1386 3152 gratia
1434 3054 1527 3114 non

85 3190 172 3251 esse
204 3149 558 3293 aspernaturum.
657 3203 659 3206 ’

152 3307 321 3398 ΧΧΧΙ.
395 3300 467 3400 nd
500 3298 611 3399 hanc
648 3296 841 3400 Fraxinci
873 3296 1125 3400 orationem
1152 3296 1298 3438 paucis
1344 3309 1525 3399 Fernan·

81 3437 130 3538 di
161 3441 292 3581 Regis
330 3480 656 3584 conventusque
703 3443 886 3544 nomine
927 3480 1182 3582 responsum
1234 3477 1339 3540 est:
1379 3514 1409 3559 „
1426 3448 1524 3540 Per-

79 3654 113 3699 „
128 3586 367 3711 jucundam
399 3585 482 3686 sibi
529 3624 695 3727 perque
735 3623 907 3727 gratam
945 3587 1192 3687 orationem
1225 3579 1389 3701 fuisse,
1434 3622 1525 3723 qua

80 3727 355 3844 „Fraxineus
385 3728 440 3827 de
474 3765 618 3829 vetere
668 3731 894 3830 Gallorum
928 3738 1337 3866 Germanorumque
1381 3763 1524 3824 neces-

78 3938 113 3985 „
129 3867 316 3997 situdine
353 3907 398 3969 et
431 3873 594 4004 mutuis
625 3866 803 3978 'officiis
835 3907 1217 3972 commemorasset
1238 3909 1251 3975 3
1275 3909 1319 3967 se
1345 3869 1525 3969 eosdem

76 4011 310 4128 „Hentici
345 4015 479 4155 Regis
511 4014 708 4116 animum
746 4016 795 4117 in
826 4056 880 4116 eo
916 4016 1107 4115 maxime
1144 4012 1365 4155 probare,
1397 4011 1522 4150 quod
1563 4022 1565 4025 ’

71 4155 450 4272 „Germanorum
484 4159 674 4258 consiliis
712 4160 765 4258 de
800 4197 904 4301 pace
956 4159 1182 4300 gratiaque
1235 4154 1520 4256 reconcilian-

72 4296 180 4413 „da
220 4297 543 4437 impedimento
579 4342 664 4402 esse
704 4303 858 4403 nolit:
896 4302 950 4400 de
987 4298 1260 4440 Principibus
1296 4335 1401 4397 vero
1444 4334 1520 4395 ca-

75 4509 108 4553 „
125 4438 256 4573 privis
296 4480 507 4583 magnam
541 4484 628 4542 csse
665 4484 786 4582 spem
824 4442 947 4543 brevi
998 4484 1072 4543 eos
1108 4481 1195 4541 esse
1246 4437 1519 4540 liberandos.
1642 4486 1643 4489 ¹

68 4583 263 4697 „Quod
298 4585 353 4684 de
390 4586 506 4686 bello
534 4628 559 4686 a
590 4589 751 4688 Carolo
783 4585 1115 4688 Caesareillato
1133 4662 1148 4706 ,
1169 4619 1213 4685 et
1246 4582 1369 4685 rebus
1400 4580 1522 4681 abla-

75 4788 111 4844 ‚,
128 4722 182 4820 tis
222 4801 238 4845 ,
290 4728 525 4870 ceterisque
589 4729 755 4866 injuriis
811 4764 1135 4850 memorasset,
1183 4727 1231 4830 id
1278 4720 1525 4862 cujusmodi

949 4870 1061 4974 leh
1080 4915 1106 4972 a
1415 4940 1447 4987 ‚‚
1461 4901 1532 4964 εδ·
