4192 5858
483 346 569 434 250
851 325 954 411 ors
993 320 1457 409 aususausrrs

446 489 574 592 licitis
610 482 905 605 adhortante,
941 482 988 584 in
1025 483 1180 586 Caroli
1214 522 1350 586 castra
1384 482 1508 586 venit
1524 494 1544 625 ,
1587 512 1631 583 et
1665 476 1908 585 Confesso⁴

447 675 544 737 rem
570 633 777 733 eumdem
812 664 972 730 notum
1010 663 1053 728 et
1087 630 1282 731 amicum
1320 632 1375 731 de
1401 611 1624 730 voluntate
1653 627 1792 790 Regis
1828 629 1909 729 do-

450 815 553 899 cet,
589 778 730 918 deque
813 776 996 875 lacando
1031 774 1234 936 Carol0,
1270 811 1315 875 et
1367 813 1472 916 pace
1524 773 1638 873 inter
1686 772 1906 918 Principes

450 963 535 1066 pro
569 922 767 1062 ipsiuso
738 814 889 1021 olihcio
928 954 970 1019 et
1005 917 1167 1059 pictate
1201 918 1476 1021 concilianda
1510 914 1791 1017 cohortatur.

541 1074 730 1179 XXVII
823 1058 1111 1183 Confessor,
1140 1064 1279 1164 Ducis
1328 1060 1639 1203 Lotharingiae
1677 1095 1720 1161 et
1752 1060 1908 1165 Caroli

449 1208 636 1312 Famesii
670 1245 815 1348 preces
850 1208 970 1348 apud
1001 1205 1214 1344 Carolum
1249 1201 1407 1307 frustra
1441 1202 1566 1309 fitisse
1600 1245 1692 1306 non
1724 1207 1907 1346 ignora

449 1353 560 1476 bat,
596 1391 699 1455 cum
733 1352 806 1452 ille
840 1388 997 1514 sponte
1033 1390 1141 1474 sua,
1171 1350 1243 1453 hic
1280 1393 1306 1452 a
1340 1352 1476 1453 Paulo
1510 1348 1726 1453 Pontifice
1760 1359 1907 1511 Lega

449 1534 519 1599 tus
556 1539 604 1601 ea
640 1498 695 1597 de
731 1535 778 1597 re
814 1536 1000 1616 missus,
1030 1535 1117 1597 sese
1154 1495 1203 1596 in
1237 1494 1631 1638 pacificationem
1621 1494 1906 1656 interpqsuis-

449 1675 591 1742 sent·
582 1709 595 1750 ,
629 1640 813 1783 cupidus
863 1634 1012 1741 tamen
1064 1637 1304 1804 publicae·
1301 1639 1647 1742 Christianorum
1696 1637 1813 1780 pacis
1863 1670 1907 1738 et

448 1786 650 1927 quietis,
699 1786 989 1948 spernendam
1024 1823 1120 1885 non
1155 1784 1330 1927 putavit
1376 1785 1499 1886 illam
1534 1784 1907 1925 qualemcumque

446 1929 585 2072 Regis
620 1930 676 2029 de
712 1969 817 2072 pace
852 1928 1157 2072 legationem,
1195 1930 1307 2072 quin
1341 1930 1397 2030 ad
1432 1930 1646 2031 Carolum
1688 1923 1909 2089 perferre-

447 2107 551 2181 tut;
591 2113 679 2216 qua
714 2073 944 2215 exposita,
976 2071 1193 2174 Monachi
1227 2114 1333 2174 cum
1365 2073 1529 2176 Carolo
1565 2073 1643 2175 de
1656 2111 1764 2214 pace
1799 2069 1908 2172 dili·

445 2254 600 2359 genter
643 2252 829 2380 agunt?
818 2253 895 2317 et
944 2218 1209 2359 suppliciter
1246 2205 1565 2336 cohortantur,
1604 2253 1654 2318 ut
1688 2214 1905 2319 Christia-

446 2398 611 2462 norum
660 2361 862 2504 sanguini
894 2399 1130 2524 parceret,
1164 2403 1275 2465 neve
1325 2400 1505 2527 propter
1540 2361 1676 2504 Regis
1729 2360 1904 2502 culpam

446 2501 496 2605 in
531 2504 792 2648 populares,
828 2504 910 2647 qui
945 2509 1141 2641 ejusdem
1190 2508 1481 2610 temeritatem
1517 2542 1562 2609 et
1561 2543 1755 2670 parum
1806 2505 1903 2648 pios

447 2684 629 2750 conatus
681 2685 1023 2768 aversarentur,
1058 2650 1212 2753 saeviti
1263 2687 1516 2814 pateretur3
1560 2651 1770 2793 iniquum
1820 2686 1905 2752 esse

358 2817 364 2839 '
446 2792 576 2893 unius
612 2792 761 2927 injusti
796 2791 990 2896 hominis
1030 2797 1198 2897 crimen
1235 2833 1279 2898 et
1315 2794 1606 2899 audaciam
1594 2834 1643 2895 m
1691 2792 1906 2937 plurimos

446 2930 703 3038 innocentes
756 2934 1019 3061 vindicari,
1065 2936 1397 3105 indignumque
1440 2975 1532 3041 tam
1587 2938 1668 3081 pio
1722 2975 1905 3081 tamque

447 3076 646 3183 humano
682 3078 913 3225 Principe,
952 3118 997 3182 et
1032 3085 1145 3224 qui,
1180 3118 1230 3186 ut
1266 3121 1407 3206 esset,
1442 3084 1503 3187 sic
1549 3123 1594 3183 st
1639 3079 1907 3246 reipublicae
1981 3142 1982 3145 κ

444 3221 717 3328 Christianae
753 3262 1005 3328 assertorem
1041 3266 1128 3329 esse
1164 3162 1475 3370 profiteatui‚
1509 3226 1819 3346 committere,
1855 3259 1972 3326 ut
1975 3176 1981 3255 l

444 3365 688 3529 Christiani
724 3370 889 3472 mutuis
941 3369 1143 3474 caedibus
1190 3367 1384 3475 confecti
1420 3409 1464 3473 et
1500 3372 1752 3491 extenuati,
1786 3377 1906 3471 Tur·
1955 3445 1962 3540 q

443 3509 505 3610 cis
540 3513 854 3616 communibus
890 3550 933 3615 et
967 3514 1186 3616 acerrimis
1221 3515 1455 3637 hostibus,
1492 3551 1536 3617 ct
1569 3516 1673 3618 tales
1706 3515 1953 3617 occasio-r

443 3690 519 3755 nes
554 3658 788 3802 diligenter
838 3656 1208 3781 observantibus,
1242 3661 1488 3826 opportuni
1530 3659 1638 3762 fiant
1687 3658 1795 3760 ad
1781 3667 1943 3825 mju-q:
1945 3596 1951 3682 l

441 3795 587 3922 tum,
629 3839 794 3944 suaque
837 3803 1075 3945 pertinacia
1108 3841 1152 3907 et
1185 3808 1346 3909 mutuis
1397 3802 1760 3908 contentionibus
1810 3841 1932 3904 rem

440 3981 727 4047 communem
764 3948 987 4111 perditum
1023 3986 1158 4082 eant,
1193 3951 1442 4093 praesertim
1478 3989 1581 4053 cum
1603 3950 1675 4051 ad
1710 3948 1924 4112 gloriamp

439 4122 485 4186 et
521 4087 756 4195 hominum
793 4091 1053 4234 opinionem
1100 4095 1200 4197 satis
1249 4136 1475 4260 superque
1511 4089 1768 4237 profectum
1815 4129 1874 4195 stt

438 4224 609 4335 afflictis
658 4238 716 4339 ab
764 4275 820 4335 eo
870 4234 998 4338 rebus
1035 4238 1242 4364 Gallicis,
1280 4276 1356 4365 et,
1393 4238 1479 4343 msi
1531 4274 1726 4383 parcat,
1756 4058 1919 4394 extiel

436 4408 566 4474 mum
601 4378 835 4481 discrimen
870 4381 1159 4484 adeuntibus.

503 4529 706 4623 XXVIII.
780 4522 964 4627 Talibus
1000 4527 1184 4629 monitis
1203 4526 1395 4630 Carolus
1432 4562 1660 4671 permotus
1674 4604 1690 4647 ,
1712 4522 1793 4670 qui
1833 4568 1852 4628 s

430 4695 587 4804 sponte
623 4706 651 4768 a
686 4667 948 4772 crudelitate
976 4704 1019 4774 et
1052 4669 1280 4775 maleficiis
1330 4671 1632 4824 abhorrebat,
1669 4708 1714 4776 et
1767 4682 1875 4774 Fra

1965 3296 1972 3398 l

1925 3874 1932 3967 l
