4034 5858
457 424 794 509 CAROLIV.
840 427 964 506 LlB
996 427 1134 510 XXX
1386 429 1471 523 543

61 593 363 762 „quxadam
399 590 456 690 ad
511 587 711 687 eamdem
754 619 798 688 et
836 622 1063 732 supremos
1099 580 1381 725 Magistratus
1417 589 1523 692 hae-

59 744 342 868 „rericarum
382 767 604 835 causarum
646 733 811 866 judices
855 769 960 831 cum
1010 727 1226 830 mandatis
1287 735 1341 831 de
1396 733 1527 838 rebus

57 967 91 1013 „
113 880 319 990 omnibus
354 878 486 982 misi
539 880 639 976 Nee
674 876 884 995 dubito,
925 874 1036 1016 quin
1071 886 1168 976 Rex
1192 873 1426 1039 Philippus
1469 882 1527 984 fi

59 1030 242 1155 „lius
231 1065 420 1186 ipsaque
448 1027 678 1157 Joanna,
707 1021 779 1120 cui
815 1054 879 1118 est
914 1060 939 1118 a
974 1015 1103 1121 fratre
1138 1018 1384 1159 Hispaniae
1420 1063 1525 1165 pto-

63 1175 278 1296 „curatio
315 1168 502 1281 tradita,
540 1200 582 1264 et
616 1164 897 1304 Magistratus
933 1162 1072 1268 iidem
1105 1202 1289 1265 omnem
1336 1166 1527 1309 diligen-

63 1320 221 1446 „tiam
270 1308 590 1429 adhibuerint,
628 1306 962 1446 adhibiturique
1014 1308 1133 1426 sint,
1169 1343 1222 1408 ut
1269 1307 1371 1414 huic
1417 1312 1528 1454 pesti

72 1461 339 1598 „tantisque
389 1452 514 1556 malis
559 1487 843 1571 occurratur,
882 1487 924 1550 et
958 1452 1224 1591 perniciosus
1260 1453 1440 1556 morbus
1478 1499 1530 1558 er

66 1603 331 1728 „mentibus
366 1600 723 1762 Hispanorum,
762 1635 876 1737 quos
912 1595 1114 1698 invaserit
1145 1636 1338 1737 ,quam
1372 1601 1531 1702 citissi

70 1787 193 1870 „me
230 1745 327 1846 fieri
363 1742 530 1907 possit,
553 1743 839 1883 exstirpetur,
873 1775 1007 1879 prout
1042 1740 1103 1842 rei
1137 1743 1339 1843 conditio
1374 1781 1418 1845 et
1453 1786 1530 1887 pe

67 1890 242 2013 „ciculi
276 1887 544 2050 magnitudo
581 1886 808 2030 postulat,
833 1883 953 1983 edito
989 1884 1222 2024 exemplo,
1243 1924 1335 2025 quo
1372 1928 1532 2029 pravo-

57 2076 221 2195 „rum
256 2032 395 2132 animi
429 2071 455 2129 a
491 2066 616 2133 tanto
667 2029 872 2129 scelere
871 2066 921 2126 ac
924 2026 1193 2129 deserenda
1227 2029 1330 2130 Fide
1366 2031 1532 2135 Catho-

66 2180 206 2300 „lica
243 2178 575 2286 deterreantur,
614 2176 800 2313 dequo
835 2170 1021 2313 negotio
1077 2208 1122 2274 et
1156 2177 1422 2315 exsequendi
1467 2217 1535 2278 ra·
1627 2292 1629 2295 ,

65 2323 247 2447 „tione
297 2320 443 2421 eidem
479 2323 685 2453 Joannae
737 2315 988 2479 diligentius
1039 2317 1176 2419 etiam
1220 2355 1264 2421 et
1299 2321 1536 2424 accuratius

77 2464 340 2606 „proximis
389 2464 541 2567 litteris
590 2459 1059 2622 perscrips1.Haec
1081 2501 1185 2563 cum
1226 2462 1289 2563 ita
1339 2465 1457 2587 sint,
1490 2504 1542 2568 et

72 2606 239 2729 „mihi
289 2609 345 2707 de
392 2604 634 2708 liberorum
690 2602 1141 2744 administrorumque
1209 2606 1441 2745 diligentia
1491 2644 1536 2709 et
1667 2658 1670 2661 ·

75 2749 262 2871 „fide
250 2785 312 2849 tta
327 2751 670 2913 persuaserim·
662 2816 674 2857 ‚
714 2788 787 2848 mc
824 2782 972 2851 tamen
1007 2747 1145 2886 pietas
1193 2785 1245 2848 m
1279 2762 1430 2853 Deum
1481 2750 1538 2853 h
1705 2768 1715 2782 ’

79 2892 337 3034 „desque
324 2933 370 2993 m
407 2893 645 2993 Ecclesiam
680 2887 961 2991 Catholicam
997 2889 1228 3035 solicitum
1255 2889 1419 3016 habet,
1454 2934 1539 3036 pro

74 3047 245 3169 „cujus
281 3036 402 3136 di
360 3071 492 3137 nitate
549 3073 594 3137 ct
628 3033 888 3136 auctoritate
924 3029 1140 3155 tuenda,
1176 3073 1221 3138 et
1256 3034 1312 3137 ab
1348 3037 1540 3141 haereti-

75 3217 353 3300 „corumr
314 3076 540 3281 Hiaudibus
596 3213 639 3318 et
674 3173 902 3279 sceleribus
938 3113 1204 3279 vindicarida
1242 3181 1511 3301 ,sciunto
1482 3225 1540 3285 o-.

75 3400 110 3446 „
131 3363 285 3443 mnes,
315 3361 427 3463 quot
462 3359 737 3463 quantosque
773 3318 943 3421 labores
978 3360 1081 3423 cum
1117 3360 1241 3423 meae
1277 3324 1422 3424 salutis
1458 3366 1540 3466 pe-

74 3466 273 3629 „riculo
294 3466 557 3629 gravique
621 3465 854 3605 dispendio
922 3464 1187 3629 susceperim
1233 3465 1509 3639 obierimque
1523 3549 1539 3592 ,

81 3689 114 3735 ‚,
130 3608 394 3773 gravissimis
428 3606 626 3711 morbis
636 3610 741 3711 inde
776 3608 1045 3713 contractis
1099 3608 1274 3729 Quibus
1309 3650 1412 3715 cum
1447 3623 1540 3747 jam

81 3833 114 3877 „
137 3754 326 3855 resistere
367 3793 615 3895 nequeam,
649 3747 789 3853 officii
840 3791 926 3851 esse
978 3751 1117 3871 duxi,
1153 3788 1204 3893 ut
1239 3789 1542 3899 antequama

87 3898 225 4018 „vita
260 3896 468 4017 discedo,
510 3895 894 4038 quemadmodum
930 3931 1008 4032 pet
1062 3929 1375 4002 testamentum
1427 3898 1545 4021 feci,

78 4118 112 4167 „
135 4038 195 4138 sic
231 4075 372 4140 rursus
408 4078 486 4182 per
522 4038 750 4140 codicillos
785 4076 887 4137 cum
921 4047 1046 4179 Rege
1082 4036 1289 4182 Philippo
1338 4043 1429 4147 filio
1470 4086 1546 4143 ca-

88 4259 120 4304 „
135 4181 308 4282 rissimo
364 4218 408 4282 et
443 4182 698 4286 Catholicae
752 4181 1002 4344 Religionis
1038 4182 1330 4284 colentissimo
1382 4187 1547 4289 eisdem

81 4322 355 4447 „derebus
392 4365 549 4467 agam.
602 4323 928 4463 Philippum
917 4324 1055 4464 igitur
1094 4324 1237 4426 filium
1290 4325 1426 4432 etiam
1477 4367 1546 4430 at·

82 4507 220 4635 „que
264 4468 398 4568 ctiam
447 4467 634 4587 horror,
669 4506 868 4585 moneo,
899 4463 1131 4584 obtestor,
1169 4502 1212 4567 et
1253 4508 1333 4631 ptq
1369 4511 1549 4636 patemo

83 4620 221 4734 „jure
257 4611 510 4769 praecipio,
546 4647 596 4711 ut
619 4545 718 4712 hoc
769 4608 1067 4750 negotium,
1101 4607 1149 4709 in
1187 4651 1280 4750 quo
1317 4619 1449 4756 ipsius
1505 4653 1557 4716 et

86 4753 370 4895 „Hispaniae
405 4756 597 4857 maxima
632 4792 694 4855 tes
731 4752 913 4894 agitur,
943 4787 1116 4852 summa
1151 4791 1249 4857 cura
1286 4791 1328 4857 et
1364 4760 1550 4920 vigilan-

1434 4976 1465 5022 „
1485 4912 1545 4999 ιιι
