<?xml version="1.0" encoding="UTF-8"?>
<!DOCTYPE html PUBLIC "-//W3C//DTD XHTML 1.0 Transitional//EN"
    "http://www.w3.org/TR/xhtml1/DTD/xhtml1-transitional.dtd">
<html xmlns="http://www.w3.org/1999/xhtml" xml:lang="en" lang="en">
 <head>
  <title>
</title>
<meta http-equiv="Content-Type" content="text/html;charset=utf-8" />
  <meta name='ocr-system' content='tesseract 3.04.00' />
  <meta name='ocr-capabilities' content='ocr_page ocr_carea ocr_par ocr_line ocrx_word'/>
</head>
<body>
  <div class='ocr_page' id='page_1' title='image "./joannisgenesiis00sepgoog_0230.png"; bbox 0 0 4170 5866; ppageno 0'>
   <div class='ocr_carea' id='block_1_1' title="bbox 523 392 1501 513">
    <p class='ocr_par' dir='ltr' id='par_1_1' title="bbox 523 392 1501 513">
     <span class='ocr_line' id='line_1_1' title="bbox 523 392 1501 513; baseline -0.009 -30"><span class='ocrx_word' id='word_1_1' title='bbox 523 423 606 513; x_wconf 79' lang='lat'>192</span> <span class='ocrx_word' id='word_1_2' title='bbox 767 492 772 505; x_wconf 21' lang='lat' dir='ltr'>y</span> <span class='ocrx_word' id='word_1_3' title='bbox 900 396 987 477; x_wconf 77' lang='grc' dir='ltr'>ιιι</span> <span class='ocrx_word' id='word_1_4' title='bbox 1029 395 1229 474; x_wconf 72' lang='lat' dir='ltr'>ussus</span> <span class='ocrx_word' id='word_1_5' title='bbox 1270 392 1501 474; x_wconf 77' lang='lat' dir='ltr'>Gestis</span> 
     </span>
    </p>
   </div>
   <div class='ocr_carea' id='block_1_2' title="bbox 359 543 2045 4837">
    <p class='ocr_par' dir='ltr' id='par_1_2' title="bbox 427 543 1933 1374">
     <span class='ocr_line' id='line_1_2' title="bbox 476 543 1933 666; baseline 0 -9"><span class='ocrx_word' id='word_1_6' title='bbox 476 594 590 661; x_wconf 88' lang='lat' dir='ltr'>terea</span> <span class='ocrx_word' id='word_1_7' title='bbox 624 564 801 656; x_wconf 89' lang='lat' dir='ltr'>Petrum</span> <span class='ocrx_word' id='word_1_8' title='bbox 839 548 1061 652; x_wconf 83' lang='lat' dir='ltr'>Aloisium</span> <span class='ocrx_word' id='word_1_9' title='bbox 1097 549 1242 649; x_wconf 91' lang='lat' dir='ltr'>Castri</span> <span class='ocrx_word' id='word_1_10' title='bbox 1277 561 1494 666; x_wconf 91' lang='lat' dir='ltr'>Ducem,</span> <span class='ocrx_word' id='word_1_11' title='bbox 1539 543 1661 647; x_wconf 89' lang='lat' dir='ltr'>Pauli</span> <span class='ocrx_word' id='word_1_12' title='bbox 1706 551 1933 657; x_wconf 84' lang='lat' dir='ltr'>Pontificis</span> 
     </span>
     <span class='ocr_line' id='line_1_3' title="bbox 427 690 1934 818; baseline -0.002 -17"><span class='ocrx_word' id='word_1_13' title='bbox 427 712 428 715; x_wconf 54' lang='lat'>‘</span> <span class='ocrx_word' id='word_1_14' title='bbox 477 697 658 818; x_wconf 87' lang='lat' dir='ltr'>filium,</span> <span class='ocrx_word' id='word_1_15' title='bbox 694 739 744 799; x_wconf 89' lang='lat' dir='ltr'>ac</span> <span class='ocrx_word' id='word_1_16' title='bbox 797 694 1069 794; x_wconf 88' lang='lat' dir='ltr'>Franciscum</span> <span class='ocrx_word' id='word_1_17' title='bbox 1125 702 1348 793; x_wconf 87' lang='lat' dir='ltr'>Estensem</span> <span class='ocrx_word' id='word_1_18' title='bbox 1400 690 1534 791; x_wconf 90' lang='lat' dir='ltr'>Ducis</span> <span class='ocrx_word' id='word_1_19' title='bbox 1585 695 1796 796; x_wconf 86' lang='lat' dir='ltr'>Ferrariae</span> <span class='ocrx_word' id='word_1_20' title='bbox 1838 695 1934 799; x_wconf 89' lang='lat' dir='ltr'>fra-</span> 
     </span>
     <span class='ocr_line' id='line_1_4' title="bbox 478 829 1932 982; baseline -0.001 -38"><span class='ocrx_word' id='word_1_21' title='bbox 478 880 642 960; x_wconf 91' lang='lat' dir='ltr'>trem,</span> <span class='ocrx_word' id='word_1_22' title='bbox 678 841 758 982; x_wconf 91' lang='lat' dir='ltr'>qui</span> <span class='ocrx_word' id='word_1_23' title='bbox 813 839 1050 938; x_wconf 90' lang='lat' dir='ltr'>adventum</span> <span class='ocrx_word' id='word_1_24' title='bbox 1099 835 1287 954; x_wconf 89' lang='lat' dir='ltr'>Caroli,</span> <span class='ocrx_word' id='word_1_25' title='bbox 1320 835 1392 934; x_wconf 88' lang='lat' dir='ltr'>alii</span> <span class='ocrx_word' id='word_1_26' title='bbox 1423 829 1568 939; x_wconf 74' lang='lat' dir='ltr'>officii</span> <span class='ocrx_word' id='word_1_27' title='bbox 1609 841 1932 982; x_wconf 89' lang='lat' dir='ltr'>assectandique</span> 
     </span>
     <span class='ocr_line' id='line_1_5' title="bbox 478 978 1933 1130; baseline -0.001 -42.997"><span class='ocrx_word' id='word_1_28' title='bbox 478 987 651 1130; x_wconf 84' lang='lat' dir='ltr'>gratia,</span> <span class='ocrx_word' id='word_1_29' title='bbox 687 984 762 1083; x_wconf 86' lang='lat' dir='ltr'>alii</span> <span class='ocrx_word' id='word_1_30' title='bbox 796 983 1083 1123; x_wconf 84' lang='lat' dir='ltr'>negotiorum</span> <span class='ocrx_word' id='word_1_31' title='bbox 1120 1016 1297 1079; x_wconf 90' lang='lat' dir='ltr'>suorum</span> <span class='ocrx_word' id='word_1_32' title='bbox 1335 1018 1462 1108; x_wconf 85' lang='lat' dir='ltr'>causa</span> <span class='ocrx_word' id='word_1_33' title='bbox 1497 978 1835 1124; x_wconf 82' lang='lat' dir='ltr'>exspectabant,</span> <span class='ocrx_word' id='word_1_34' title='bbox 1858 1026 1933 1085; x_wconf 89' lang='lat' dir='ltr'>eo-</span> 
     </span>
     <span class='ocr_line' id='line_1_6' title="bbox 480 1102 1936 1279; baseline 0.001 -50"><span class='ocrx_word' id='word_1_35' title='bbox 480 1171 567 1270; x_wconf 91' lang='lat' dir='ltr'>que</span> <span class='ocrx_word' id='word_1_36' title='bbox 610 1127 760 1228; x_wconf 89' lang='lat' dir='ltr'>triduo</span> <span class='ocrx_word' id='word_1_37' title='bbox 797 1126 978 1225; x_wconf 83' lang='lat' dir='ltr'>Carolus</span> <span class='ocrx_word' id='word_1_38' title='bbox 1012 1120 1262 1279; x_wconf 84' lang='lat' dir='ltr'>Sabaudiae</span> <span class='ocrx_word' id='word_1_39' title='bbox 1283 1102 1418 1245; x_wconf 87' lang='lat' dir='ltr'>Dux,</span> <span class='ocrx_word' id='word_1_40' title='bbox 1456 1157 1499 1221; x_wconf 88' lang='lat' dir='ltr'>et</span> <span class='ocrx_word' id='word_1_41' title='bbox 1530 1108 1758 1248; x_wconf 82' lang='lat' dir='ltr'>Ernatiuel</span> <span class='ocrx_word' id='word_1_42' title='bbox 1795 1125 1936 1229; x_wconf 88' lang='lat' dir='ltr'>Phili-</span> 
     </span>
     <span class='ocr_line' id='line_1_7' title="bbox 481 1266 968 1374; baseline -0.017 0"><span class='ocrx_word' id='word_1_43' title='bbox 481 1272 627 1374; x_wconf 90' lang='lat' dir='ltr'>bettus</span> <span class='ocrx_word' id='word_1_44' title='bbox 665 1271 780 1372; x_wconf 85' lang='lat' dir='ltr'>filius</span> <span class='ocrx_word' id='word_1_45' title='bbox 817 1266 968 1369; x_wconf 84' lang='lat' dir='ltr'>affuit.</span> 
     </span>
    </p>

    <p class='ocr_par' dir='ltr' id='par_1_3' title="bbox 359 1410 2045 4808">
     <span class='ocr_line' id='line_1_8' title="bbox 457 1410 1935 1558; baseline 0.003 -43"><span class='ocrx_word' id='word_1_46' title='bbox 457 1436 458 1439; x_wconf 65' lang='lat'>‘</span> <span class='ocrx_word' id='word_1_47' title='bbox 548 1427 600 1515; x_wconf 89' lang='lat'>11.</span> <span class='ocrx_word' id='word_1_48' title='bbox 661 1420 837 1513; x_wconf 88' lang='lat' dir='ltr'>Paucos</span> <span class='ocrx_word' id='word_1_49' title='bbox 893 1412 982 1511; x_wconf 90' lang='lat' dir='ltr'>dies</span> <span class='ocrx_word' id='word_1_50' title='bbox 1031 1413 1086 1512; x_wconf 91' lang='lat' dir='ltr'>ad</span> <span class='ocrx_word' id='word_1_51' title='bbox 1123 1419 1321 1513; x_wconf 87' lang='lat' dir='ltr'>Genuam</span> <span class='ocrx_word' id='word_1_52' title='bbox 1371 1449 1565 1514; x_wconf 89' lang='lat' dir='ltr'>moratus</span> <span class='ocrx_word' id='word_1_53' title='bbox 1588 1410 1815 1555; x_wconf 83' lang='lat' dir='ltr'>Carolus,</span> <span class='ocrx_word' id='word_1_54' title='bbox 1854 1455 1935 1558; x_wconf 90' lang='lat' dir='ltr'>pet</span> 
     </span>
     <span class='ocr_line' id='line_1_9' title="bbox 379 1523 1932 1719; baseline 0.001 -60"><span class='ocrx_word' id='word_1_55' title='bbox 379 1622 385 1634; x_wconf 85' lang='lat'>.</span> <span class='ocrx_word' id='word_1_56' title='bbox 480 1567 766 1719; x_wconf 84' lang='lat' dir='ltr'>Tortonam,</span> <span class='ocrx_word' id='word_1_57' title='bbox 799 1569 1090 1697; x_wconf 85' lang='lat' dir='ltr'>Bogucram,</span> <span class='ocrx_word' id='word_1_58' title='bbox 1121 1558 1241 1656; x_wconf 89' lang='lat' dir='ltr'>Pado</span> <span class='ocrx_word' id='word_1_59' title='bbox 1275 1555 1530 1698; x_wconf 89' lang='lat' dir='ltr'>Ticinoque</span> <span class='ocrx_word' id='word_1_60' title='bbox 1566 1523 1819 1659; x_wconf 86' lang='lat' dir='ltr'>lluminibus</span> <span class='ocrx_word' id='word_1_61' title='bbox 1857 1599 1932 1699; x_wconf 91' lang='lat' dir='ltr'>per</span> 
     </span>
     <span class='ocr_line' id='line_1_10' title="bbox 480 1693 1933 1841; baseline -0.001 -38"><span class='ocrx_word' id='word_1_62' title='bbox 480 1702 770 1841; x_wconf 87' lang='lat' dir='ltr'>temporarios</span> <span class='ocrx_word' id='word_1_63' title='bbox 806 1740 857 1798; x_wconf 90' lang='lat' dir='ltr'>ex</span> <span class='ocrx_word' id='word_1_64' title='bbox 893 1697 1102 1799; x_wconf 71' lang='lat' dir='ltr'>naviculis</span> <span class='ocrx_word' id='word_1_65' title='bbox 1138 1693 1362 1799; x_wconf 88' lang='lat' dir='ltr'>confectos</span> <span class='ocrx_word' id='word_1_66' title='bbox 1397 1734 1551 1839; x_wconf 89' lang='lat' dir='ltr'>pontes</span> <span class='ocrx_word' id='word_1_67' title='bbox 1586 1699 1816 1830; x_wconf 87' lang='lat' dir='ltr'>trajectis,</span> <span class='ocrx_word' id='word_1_68' title='bbox 1847 1711 1933 1802; x_wconf 89' lang='lat' dir='ltr'>Pa</span> 
     </span>
     <span class='ocr_line' id='line_1_11' title="bbox 450 1839 1932 2002; baseline -0.001 -57"><span class='ocrx_word' id='word_1_69' title='bbox 450 1847 604 1987; x_wconf 73' lang='lat' dir='ltr'>&#39;piam</span> <span class='ocrx_word' id='word_1_70' title='bbox 641 1843 793 1962; x_wconf 88' lang='lat' dir='ltr'>venit,</span> <span class='ocrx_word' id='word_1_71' title='bbox 831 1883 923 1982; x_wconf 90' lang='lat' dir='ltr'>quo</span> <span class='ocrx_word' id='word_1_72' title='bbox 959 1842 1202 2002; x_wconf 84' lang='lat' dir='ltr'>Margarita</span> <span class='ocrx_word' id='word_1_73' title='bbox 1235 1840 1371 1941; x_wconf 89' lang='lat' dir='ltr'>notha</span> <span class='ocrx_word' id='word_1_74' title='bbox 1408 1839 1494 1941; x_wconf 82' lang='lat' dir='ltr'>filia</span> <span class='ocrx_word' id='word_1_75' title='bbox 1539 1880 1843 1981; x_wconf 85' lang='lat' dir='ltr'>processerat,</span> <span class='ocrx_word' id='word_1_76' title='bbox 1884 1878 1932 1945; x_wconf 93' lang='lat' dir='ltr'>ut</span> 
     </span>
     <span class='ocr_line' id='line_1_12' title="bbox 480 1976 2045 2122; baseline -0.003 -34"><span class='ocrx_word' id='word_1_77' title='bbox 480 1987 692 2088; x_wconf 77' lang='lat' dir='ltr'>Carolum</span> <span class='ocrx_word' id='word_1_78' title='bbox 724 1976 953 2085; x_wconf 88' lang='lat' dir='ltr'>salutaret</span> <span class='ocrx_word' id='word_1_79' title='bbox 1001 1994 1065 2082; x_wconf 89' lang='lat' dir='ltr'>Ex</span> <span class='ocrx_word' id='word_1_80' title='bbox 1100 1984 1261 2122; x_wconf 87' lang='lat' dir='ltr'>Papia</span> <span class='ocrx_word' id='word_1_81' title='bbox 1254 1980 1449 2084; x_wconf 89' lang='lat' dir='ltr'>Carolus</span> <span class='ocrx_word' id='word_1_82' title='bbox 1472 1997 1744 2090; x_wconf 86' lang='lat' dir='ltr'>Cremona-m</span> <span class='ocrx_word' id='word_1_83' title='bbox 1779 1985 1932 2108; x_wconf 85' lang='lat' dir='ltr'>venit,</span> <span class='ocrx_word' id='word_1_84' title='bbox 1982 1977 2045 1996; x_wconf 71' lang='grc'><em>”</em></span> 
     </span>
     <span class='ocr_line' id='line_1_13' title="bbox 480 2126 1934 2269; baseline 0 -39"><span class='ocrx_word' id='word_1_85' title='bbox 480 2132 559 2232; x_wconf 91' lang='lat' dir='ltr'>ubi</span> <span class='ocrx_word' id='word_1_86' title='bbox 612 2131 652 2229; x_wconf 90' lang='lat' dir='ltr'>ei</span> <span class='ocrx_word' id='word_1_87' title='bbox 702 2143 888 2230; x_wconf 90' lang='lat' dir='ltr'>Cosmus</span> <span class='ocrx_word' id='word_1_88' title='bbox 939 2126 1135 2227; x_wconf 89' lang='lat' dir='ltr'>Medices</span> <span class='ocrx_word' id='word_1_89' title='bbox 1185 2126 1534 2230; x_wconf 75' lang='lat' dir='ltr'>florentinorum</span> <span class='ocrx_word' id='word_1_90' title='bbox 1590 2143 1693 2229; x_wconf 88' lang='lat' dir='ltr'>Dux</span> <span class='ocrx_word' id='word_1_91' title='bbox 1760 2165 1934 2269; x_wconf 85' lang='lat' dir='ltr'>praesto</span> 
     </span>
     <span class='ocr_line' id='line_1_14' title="bbox 481 2267 1942 2435; baseline 0.001 -63"><span class='ocrx_word' id='word_1_92' title='bbox 481 2267 599 2392; x_wconf 87' lang='lat' dir='ltr'>fuit,</span> <span class='ocrx_word' id='word_1_93' title='bbox 636 2273 953 2435; x_wconf 79' lang='lat' dir='ltr'>negotiumque</span> <span class='ocrx_word' id='word_1_94' title='bbox 988 2269 1225 2419; x_wconf 85' lang='lat' dir='ltr'>Florentini</span> <span class='ocrx_word' id='word_1_95' title='bbox 1259 2270 1527 2412; x_wconf 88' lang='lat' dir='ltr'>Principatus</span> <span class='ocrx_word' id='word_1_96' title='bbox 1578 2273 1824 2414; x_wconf 86' lang='lat' dir='ltr'>transegit,</span> <span class='ocrx_word' id='word_1_97' title='bbox 1864 2301 1942 2373; x_wconf 62' lang='lat' dir='ltr'>rex</span> 
     </span>
     <span class='ocr_line' id='line_1_15' title="bbox 447 2414 1936 2533; baseline 0.001 -19"><span class='ocrx_word' id='word_1_98' title='bbox 447 2414 612 2514; x_wconf 85' lang='lat' dir='ltr'>¹bus</span> <span class='ocrx_word' id='word_1_99' title='bbox 600 2450 660 2515; x_wconf 81' lang='lat' dir='ltr'>tta</span> <span class='ocrx_word' id='word_1_100' title='bbox 705 2416 985 2530; x_wconf 89' lang='lat' dir='ltr'>constitutis,</span> <span class='ocrx_word' id='word_1_101' title='bbox 1019 2449 1070 2514; x_wconf 89' lang='lat' dir='ltr'>ut</span> <span class='ocrx_word' id='word_1_102' title='bbox 1121 2451 1236 2514; x_wconf 89' lang='lat' dir='ltr'>arces</span> <span class='ocrx_word' id='word_1_103' title='bbox 1287 2450 1385 2513; x_wconf 92' lang='lat' dir='ltr'>tum</span> <span class='ocrx_word' id='word_1_104' title='bbox 1419 2414 1697 2533; x_wconf 87' lang='lat' dir='ltr'>Florentina,</span> <span class='ocrx_word' id='word_1_105' title='bbox 1734 2453 1830 2514; x_wconf 92' lang='lat' dir='ltr'>tum</span> <span class='ocrx_word' id='word_1_106' title='bbox 1869 2453 1936 2516; x_wconf 90' lang='lat' dir='ltr'>et-</span> 
     </span>
     <span class='ocr_line' id='line_1_16' title="bbox 483 2555 1993 2722; baseline 0.004 -66"><span class='ocrx_word' id='word_1_107' title='bbox 483 2558 591 2656; x_wconf 85' lang='lat' dir='ltr'>iam</span> <span class='ocrx_word' id='word_1_108' title='bbox 606 2555 881 2658; x_wconf 88' lang='lat' dir='ltr'>Liburnensis</span> <span class='ocrx_word' id='word_1_109' title='bbox 899 2595 1061 2698; x_wconf 89' lang='lat' dir='ltr'>,quas</span> <span class='ocrx_word' id='word_1_110' title='bbox 1078 2555 1275 2659; x_wconf 87' lang='lat' dir='ltr'>Carolus</span> <span class='ocrx_word' id='word_1_111' title='bbox 1294 2557 1350 2656; x_wconf 87' lang='lat' dir='ltr'>ad</span> <span class='ocrx_word' id='word_1_112' title='bbox 1385 2557 1434 2657; x_wconf 91' lang='lat' dir='ltr'>id</span> <span class='ocrx_word' id='word_1_113' title='bbox 1467 2595 1638 2721; x_wconf 86' lang='lat' dir='ltr'>tempus</span> <span class='ocrx_word' id='word_1_114' title='bbox 1674 2597 1777 2659; x_wconf 92' lang='lat' dir='ltr'>cum</span> <span class='ocrx_word' id='word_1_115' title='bbox 1814 2598 1938 2722; x_wconf 83' lang='lat' dir='ltr'>prae</span> <span class='ocrx_word' id='word_1_116' title='bbox 1989 2659 1993 2662; x_wconf 75' lang='grc'>,</span> 
     </span>
     <span class='ocr_line' id='line_1_17' title="bbox 482 2689 1939 2851; baseline 0.002 -52"><span class='ocrx_word' id='word_1_117' title='bbox 482 2701 633 2821; x_wconf 88' lang='lat' dir='ltr'>sidiis,</span> <span class='ocrx_word' id='word_1_118' title='bbox 670 2741 784 2842; x_wconf 89' lang='lat' dir='ltr'>quae</span> <span class='ocrx_word' id='word_1_119' title='bbox 816 2715 1004 2802; x_wconf 85' lang='lat' dir='ltr'>Cosmus</span> <span class='ocrx_word' id='word_1_120' title='bbox 1038 2689 1233 2851; x_wconf 83' lang='lat' dir='ltr'>alebat,</span> <span class='ocrx_word' id='word_1_121' title='bbox 1249 2712 1488 2820; x_wconf 91' lang='lat' dir='ltr'>tenuerat,</span> <span class='ocrx_word' id='word_1_122' title='bbox 1524 2698 1571 2801; x_wconf 92' lang='lat' dir='ltr'>in</span> <span class='ocrx_word' id='word_1_123' title='bbox 1594 2702 1762 2802; x_wconf 88' lang='lat' dir='ltr'>Cosmi</span> <span class='ocrx_word' id='word_1_124' title='bbox 1797 2704 1939 2804; x_wconf 90' lang='lat' dir='ltr'>Ducis</span> 
     </span>
     <span class='ocr_line' id='line_1_18' title="bbox 484 2842 1933 2985; baseline 0.002 -42"><span class='ocrx_word' id='word_1_125' title='bbox 484 2851 744 2985; x_wconf 87' lang='lat' dir='ltr'>potestatem</span> <span class='ocrx_word' id='word_1_126' title='bbox 779 2844 1157 2984; x_wconf 87' lang='lat' dir='ltr'>permitterentur,</span> <span class='ocrx_word' id='word_1_127' title='bbox 1177 2844 1209 2944; x_wconf 91' lang='lat' dir='ltr'>is</span> <span class='ocrx_word' id='word_1_128' title='bbox 1246 2844 1294 2945; x_wconf 89' lang='lat' dir='ltr'>in</span> <span class='ocrx_word' id='word_1_129' title='bbox 1329 2845 1597 2985; x_wconf 79' lang='lat' dir='ltr'>stipendium</span> <span class='ocrx_word' id='word_1_130' title='bbox 1633 2842 1839 2944; x_wconf 88' lang='lat' dir='ltr'>militare</span> <span class='ocrx_word' id='word_1_131' title='bbox 1857 2848 1933 2946; x_wconf 92' lang='lat' dir='ltr'>du·</span> 
     </span>
     <span class='ocr_line' id='line_1_19' title="bbox 479 2985 1933 3096; baseline 0.003 -12"><span class='ocrx_word' id='word_1_132' title='bbox 479 3008 686 3087; x_wconf 74' lang='lat' dir='ltr'>&#39;catorum</span> <span class='ocrx_word' id='word_1_133' title='bbox 720 3025 953 3089; x_wconf 86' lang='lat' dir='ltr'>aureorum</span> <span class='ocrx_word' id='word_1_134' title='bbox 989 2989 1125 3087; x_wconf 87' lang='lat' dir='ltr'>millia</span> <span class='ocrx_word' id='word_1_135' title='bbox 1155 2985 1219 3086; x_wconf 91' lang='lat' dir='ltr'>bis</span> <span class='ocrx_word' id='word_1_136' title='bbox 1249 3022 1432 3090; x_wconf 91' lang='lat' dir='ltr'>centum</span> <span class='ocrx_word' id='word_1_137' title='bbox 1468 2988 1630 3090; x_wconf 91' lang='lat' dir='ltr'>Catolo</span> <span class='ocrx_word' id='word_1_138' title='bbox 1666 3026 1933 3096; x_wconf 68' lang='lat' dir='ltr'>numerarem</span> 
     </span>
     <span class='ocr_line' id='line_1_20' title="bbox 381 3119 1937 3293; baseline 0.001 -65"><span class='ocrx_word' id='word_1_139' title='bbox 381 3207 383 3211; x_wconf 19' lang='grc' dir='ltr'>ι</span> <span class='ocrx_word' id='word_1_140' title='bbox 484 3169 678 3269; x_wconf 91' lang='lat' dir='ltr'>quotum</span> <span class='ocrx_word' id='word_1_141' title='bbox 713 3166 950 3293; x_wconf 83' lang='lat' dir='ltr'>utrumque</span> <span class='ocrx_word' id='word_1_142' title='bbox 984 3125 1151 3231; x_wconf 89' lang='lat' dir='ltr'>factum</span> <span class='ocrx_word' id='word_1_143' title='bbox 1185 3119 1268 3230; x_wconf 88' lang='lat' dir='ltr'>fuit</span> <span class='ocrx_word' id='word_1_144' title='bbox 1304 3128 1573 3231; x_wconf 85' lang='lat' dir='ltr'>bonafide.</span> <span class='ocrx_word' id='word_1_145' title='bbox 1615 3140 1937 3272; x_wconf 90' lang='lat' dir='ltr'>Hucquoque</span> 
     </span>
     <span class='ocr_line' id='line_1_21' title="bbox 484 3269 1941 3411; baseline 0.001 -39"><span class='ocrx_word' id='word_1_146' title='bbox 484 3273 750 3373; x_wconf 85' lang='lat' dir='ltr'>Ferrariensis</span> <span class='ocrx_word' id='word_1_147' title='bbox 778 3288 890 3375; x_wconf 89' lang='lat' dir='ltr'>Dux</span> <span class='ocrx_word' id='word_1_148' title='bbox 926 3269 1066 3373; x_wconf 88' lang='lat' dir='ltr'>officii</span> <span class='ocrx_word' id='word_1_149' title='bbox 1102 3306 1146 3372; x_wconf 90' lang='lat' dir='ltr'>et</span> <span class='ocrx_word' id='word_1_150' title='bbox 1179 3270 1390 3373; x_wconf 89' lang='lat' dir='ltr'>salutandi</span> <span class='ocrx_word' id='word_1_151' title='bbox 1425 3275 1567 3411; x_wconf 87' lang='lat' dir='ltr'>gratia</span> <span class='ocrx_word' id='word_1_152' title='bbox 1602 3273 1763 3393; x_wconf 90' lang='lat' dir='ltr'>venit,</span> <span class='ocrx_word' id='word_1_153' title='bbox 1798 3310 1843 3373; x_wconf 91' lang='lat' dir='ltr'>et</span> <span class='ocrx_word' id='word_1_154' title='bbox 1893 3312 1941 3373; x_wconf 88' lang='lat'>1-</span> 
     </span>
     <span class='ocr_line' id='line_1_22' title="bbox 487 3414 1940 3557; baseline 0.001 -42"><span class='ocrx_word' id='word_1_155' title='bbox 487 3452 578 3516; x_wconf 90' lang='lat' dir='ltr'>tem</span> <span class='ocrx_word' id='word_1_156' title='bbox 628 3419 720 3516; x_wconf 92' lang='lat' dir='ltr'>duo</span> <span class='ocrx_word' id='word_1_157' title='bbox 769 3417 1019 3518; x_wconf 89' lang='lat' dir='ltr'>Cardinales</span> <span class='ocrx_word' id='word_1_158' title='bbox 1055 3459 1079 3516; x_wconf 88' lang='lat' dir='ltr'>a</span> <span class='ocrx_word' id='word_1_159' title='bbox 1114 3417 1252 3515; x_wconf 84' lang='lat' dir='ltr'>Paulo</span> <span class='ocrx_word' id='word_1_160' title='bbox 1288 3414 1495 3517; x_wconf 84' lang='lat' dir='ltr'>Pontifice</span> <span class='ocrx_word' id='word_1_161' title='bbox 1533 3415 1735 3557; x_wconf 89' lang='lat' dir='ltr'>Legati,</span> <span class='ocrx_word' id='word_1_162' title='bbox 1763 3450 1813 3515; x_wconf 93' lang='lat' dir='ltr'>ut</span> <span class='ocrx_word' id='word_1_163' title='bbox 1866 3415 1940 3517; x_wconf 90' lang='lat' dir='ltr'>lo</span> 
     </span>
     <span class='ocr_line' id='line_1_23' title="bbox 359 3554 1942 3721; baseline 0.002 -64"><span class='ocrx_word' id='word_1_164' title='bbox 359 3667 361 3673; x_wconf 19' lang='lat'><strong>¹</strong></span> <span class='ocrx_word' id='word_1_165' title='bbox 487 3561 591 3659; x_wconf 86' lang='lat' dir='ltr'>cum</span> <span class='ocrx_word' id='word_1_166' title='bbox 626 3561 966 3679; x_wconf 88' lang='lat' dir='ltr'>constituerent,</span> <span class='ocrx_word' id='word_1_167' title='bbox 996 3598 1089 3721; x_wconf 89' lang='lat' dir='ltr'>quo</span> <span class='ocrx_word' id='word_1_168' title='bbox 1120 3560 1271 3657; x_wconf 89' lang='lat' dir='ltr'>Paulus</span> <span class='ocrx_word' id='word_1_169' title='bbox 1299 3554 1504 3659; x_wconf 86' lang='lat' dir='ltr'>Pontifex</span> <span class='ocrx_word' id='word_1_170' title='bbox 1540 3595 1582 3659; x_wconf 93' lang='lat' dir='ltr'>et</span> <span class='ocrx_word' id='word_1_171' title='bbox 1608 3559 1789 3661; x_wconf 86' lang='lat' dir='ltr'>Carolus</span> <span class='ocrx_word' id='word_1_172' title='bbox 1825 3569 1942 3660; x_wconf 51' lang='lat' dir='ltr'>Cat»</span> 
     </span>
     <span class='ocr_line' id='line_1_24' title="bbox 361 3701 1942 3844; baseline 0.003 -46"><span class='ocrx_word' id='word_1_173' title='bbox 361 3814 362 3818; x_wconf 7' lang='grc' dir='ltr'><strong><em>Ν</em></strong></span> <span class='ocrx_word' id='word_1_174' title='bbox 441 3731 447 3740; x_wconf 88' lang='grc'>’</span> <span class='ocrx_word' id='word_1_175' title='bbox 488 3706 552 3799; x_wconf 86' lang='lat' dir='ltr'>sat</span> <span class='ocrx_word' id='word_1_176' title='bbox 586 3703 871 3842; x_wconf 87' lang='lat' dir='ltr'>colloquendi</span> <span class='ocrx_word' id='word_1_177' title='bbox 907 3703 1046 3844; x_wconf 86' lang='lat' dir='ltr'>gratia</span> <span class='ocrx_word' id='word_1_178' title='bbox 1081 3702 1395 3802; x_wconf 86' lang='lat' dir='ltr'>convenirent.</span> <span class='ocrx_word' id='word_1_179' title='bbox 1447 3705 1587 3802; x_wconf 89' lang='lat' dir='ltr'>Locus</span> <span class='ocrx_word' id='word_1_180' title='bbox 1636 3739 1782 3804; x_wconf 87' lang='lat' dir='ltr'>autem</span> <span class='ocrx_word' id='word_1_181' title='bbox 1833 3701 1942 3802; x_wconf 91' lang='lat' dir='ltr'>ido</span> 
     </span>
     <span class='ocr_line' id='line_1_25' title="bbox 488 3841 1937 3997; baseline 0.002 -54"><span class='ocrx_word' id='word_1_182' title='bbox 488 3881 594 3945; x_wconf 91' lang='lat' dir='ltr'>neus</span> <span class='ocrx_word' id='word_1_183' title='bbox 630 3854 817 3963; x_wconf 89' lang='lat' dir='ltr'>Parma,</span> <span class='ocrx_word' id='word_1_184' title='bbox 854 3847 921 3945; x_wconf 84' lang='lat' dir='ltr'>vel</span> <span class='ocrx_word' id='word_1_185' title='bbox 956 3841 1221 3957; x_wconf 86' lang='lat' dir='ltr'>Placentia,</span> <span class='ocrx_word' id='word_1_186' title='bbox 1258 3885 1350 3985; x_wconf 92' lang='lat' dir='ltr'>quo</span> <span class='ocrx_word' id='word_1_187' title='bbox 1386 3842 1588 3946; x_wconf 86' lang='lat' dir='ltr'>Pontifex</span> <span class='ocrx_word' id='word_1_188' title='bbox 1639 3883 1937 3997; x_wconf 83' lang='lat' dir='ltr'>processerat,</span> 
     </span>
     <span class='ocr_line' id='line_1_26' title="bbox 488 3988 2035 4128; baseline 0.001 -44"><span class='ocrx_word' id='word_1_189' title='bbox 488 3988 747 4088; x_wconf 85' lang='lat' dir='ltr'>videbatur:</span> <span class='ocrx_word' id='word_1_190' title='bbox 738 3991 865 4087; x_wconf 88' lang='lat' dir='ltr'>sed</span> <span class='ocrx_word' id='word_1_191' title='bbox 879 4024 1057 4128; x_wconf 89' lang='lat' dir='ltr'>propter</span> <span class='ocrx_word' id='word_1_192' title='bbox 1091 4023 1284 4088; x_wconf 89' lang='lat' dir='ltr'>veterem</span> <span class='ocrx_word' id='word_1_193' title='bbox 1320 3988 1704 4127; x_wconf 84' lang='lat' dir='ltr'>controversiam,</span> <span class='ocrx_word' id='word_1_194' title='bbox 1697 4028 1847 4128; x_wconf 87' lang='lat' dir='ltr'>quae</span> <span class='ocrx_word' id='word_1_195' title='bbox 1884 3991 2035 4109; x_wconf 88' lang='lat' dir='ltr'>de</span> 
     </span>
     <span class='ocr_line' id='line_1_27' title="bbox 488 4129 1941 4233; baseline -0.001 -4"><span class='ocrx_word' id='word_1_196' title='bbox 488 4129 555 4230; x_wconf 90' lang='lat' dir='ltr'>his</span> <span class='ocrx_word' id='word_1_197' title='bbox 591 4129 770 4233; x_wconf 87' lang='lat' dir='ltr'>urbibus</span> <span class='ocrx_word' id='word_1_198' title='bbox 806 4131 1090 4232; x_wconf 85' lang='lat' dir='ltr'>Pontificibus</span> <span class='ocrx_word' id='word_1_199' title='bbox 1125 4131 1337 4232; x_wconf 85' lang='lat' dir='ltr'>Romanis</span> <span class='ocrx_word' id='word_1_200' title='bbox 1373 4168 1435 4232; x_wconf 90' lang='lat' dir='ltr'>est</span> <span class='ocrx_word' id='word_1_201' title='bbox 1471 4172 1573 4233; x_wconf 91' lang='lat' dir='ltr'>cum</span> <span class='ocrx_word' id='word_1_202' title='bbox 1602 4129 1802 4231; x_wconf 86' lang='lat' dir='ltr'>Ducibus</span> <span class='ocrx_word' id='word_1_203' title='bbox 1839 4138 1941 4229; x_wconf 88' lang='lat' dir='ltr'>Me</span> 
     </span>
     <span class='ocr_line' id='line_1_28' title="bbox 488 4271 1943 4396; baseline 0.001 -25.001"><span class='ocrx_word' id='word_1_204' title='bbox 488 4271 845 4394; x_wconf 85' lang='lat' dir='ltr'>diolanensibtis,</span> <span class='ocrx_word' id='word_1_205' title='bbox 876 4275 1109 4375; x_wconf 89' lang='lat' dir='ltr'>Paulus</span> <span class='ocrx_word' id='word_1_206' title='bbox 1074 4312 1133 4373; x_wconf 86' lang='lat' dir='ltr'>ets</span> <span class='ocrx_word' id='word_1_207' title='bbox 1170 4273 1434 4396; x_wconf 83' lang='lat' dir='ltr'>metuebat,</span> <span class='ocrx_word' id='word_1_208' title='bbox 1466 4277 1501 4376; x_wconf 92' lang='lat' dir='ltr'>si</span> <span class='ocrx_word' id='word_1_209' title='bbox 1536 4314 1640 4375; x_wconf 92' lang='lat' dir='ltr'>cum</span> <span class='ocrx_word' id='word_1_210' title='bbox 1677 4279 1813 4375; x_wconf 83' lang='lat' dir='ltr'>manu</span> <span class='ocrx_word' id='word_1_211' title='bbox 1848 4274 1943 4372; x_wconf 88' lang='lat' dir='ltr'>rni-</span> 
     </span>
     <span class='ocr_line' id='line_1_29' title="bbox 482 4415 1943 4578; baseline 0.003 -66"><span class='ocrx_word' id='word_1_212' title='bbox 482 4415 602 4514; x_wconf 87' lang='lat' dir='ltr'>litari</span> <span class='ocrx_word' id='word_1_213' title='bbox 639 4459 692 4516; x_wconf 93' lang='lat' dir='ltr'>eo</span> <span class='ocrx_word' id='word_1_214' title='bbox 709 4421 935 4518; x_wconf 88' lang='lat' dir='ltr'>Carolus</span> <span class='ocrx_word' id='word_1_215' title='bbox 947 4418 1164 4539; x_wconf 85' lang='lat' dir='ltr'>uenisset,</span> <span class='ocrx_word' id='word_1_216' title='bbox 1201 4420 1236 4517; x_wconf 92' lang='lat' dir='ltr'>is</span> <span class='ocrx_word' id='word_1_217' title='bbox 1288 4454 1434 4519; x_wconf 88' lang='lat' dir='ltr'>autem</span> <span class='ocrx_word' id='word_1_218' title='bbox 1469 4419 1557 4518; x_wconf 91' lang='lat' dir='ltr'>sine</span> <span class='ocrx_word' id='word_1_219' title='bbox 1607 4415 1886 4578; x_wconf 39' lang='lat' dir='ltr'>praesidio·</span> <span class='ocrx_word' id='word_1_220' title='bbox 1858 4456 1943 4516; x_wconf 88' lang='lat' dir='ltr'>ve-</span> 
     </span>
     <span class='ocr_line' id='line_1_30' title="bbox 487 4557 1948 4722; baseline 0.003 -66"><span class='ocrx_word' id='word_1_221' title='bbox 487 4557 580 4664; x_wconf 79' lang='lat' dir='ltr'>nire</span> <span class='ocrx_word' id='word_1_222' title='bbox 604 4557 824 4699; x_wconf 80' lang='lat' dir='ltr'>nolebat.</span> <span class='ocrx_word' id='word_1_223' title='bbox 879 4574 964 4661; x_wconf 89' lang='lat' dir='ltr'>Ita</span> <span class='ocrx_word' id='word_1_224' title='bbox 968 4579 1077 4701; x_wconf 78' lang='lat' dir='ltr'>post</span> <span class='ocrx_word' id='word_1_225' title='bbox 1112 4564 1290 4721; x_wconf 82' lang='lat' dir='ltr'>longam</span> <span class='ocrx_word' id='word_1_226' title='bbox 1321 4563 1675 4722; x_wconf 79' lang='lat' dir='ltr'>disputationem</span> <span class='ocrx_word' id='word_1_227' title='bbox 1724 4559 1948 4660; x_wconf 85' lang='lat' dir='ltr'>constitu-</span> 
     </span>
     <span class='ocr_line' id='line_1_31' title="bbox 486 4692 1948 4837; baseline 0.002 -36"><span class='ocrx_word' id='word_1_228' title='bbox 486 4736 600 4801; x_wconf 84' lang='lat' dir='ltr'>tum</span> <span class='ocrx_word' id='word_1_229' title='bbox 627 4739 723 4821; x_wconf 90' lang='lat' dir='ltr'>est,</span> <span class='ocrx_word' id='word_1_230' title='bbox 758 4737 808 4800; x_wconf 91' lang='lat' dir='ltr'>ut</span> <span class='ocrx_word' id='word_1_231' title='bbox 836 4692 921 4802; x_wconf 83' lang='lat' dir='ltr'>ad</span> <span class='ocrx_word' id='word_1_232' title='bbox 932 4705 1157 4804; x_wconf 86' lang='lat' dir='ltr'>Bussetuni</span> <span class='ocrx_word' id='word_1_233' title='bbox 1192 4705 1493 4808; x_wconf 83' lang='lat' dir='ltr'>immunitum</span> <span class='ocrx_word' id='word_1_234' title='bbox 1518 4703 1755 4837; x_wconf 85' lang='lat' dir='ltr'>Castellum</span> <span class='ocrx_word' id='word_1_235' title='bbox 1785 4696 1948 4804; x_wconf 82' lang='lat' dir='ltr'>medio</span> 
     </span>
    </p>
   </div>
   <div class='ocr_carea' id='block_1_3' title="bbox 1879 4841 1951 4945">
    <p class='ocr_par' dir='ltr' id='par_1_4' title="bbox 1879 4841 1951 4945">
     <span class='ocr_line' id='line_1_32' title="bbox 1879 4841 1951 4945; baseline 0 0"><span class='ocrx_word' id='word_1_236' title='bbox 1879 4841 1951 4945; x_wconf 81' lang='lat' dir='ltr'>fe·</span> 
     </span>
    </p>
   </div>
   <div class='ocr_carea' id='block_1_4' title="bbox 0 0 2103 5866">
    <p class='ocr_par' dir='ltr' id='par_1_5' title="bbox 0 0 2103 5866">
     <span class='ocr_line' id='line_1_33' title="bbox 0 0 2103 5866; baseline 0 0"><span class='ocrx_word' id='word_1_237' title='bbox 0 0 2103 5866; x_wconf 95' lang='lat' dir='ltr'> </span> 
     </span>
    </p>
   </div>
  </div>
 </body>
</html>
