4110 5888
614 275 1115 422 sUMMARIUM.
1457 353 1578 427 XLIX.

130 474 299 591 cupiens,
338 470 388 556 de
421 468 593 555 Concilio
617 470 840 557 Tridentino
1057 481 1172 572 LIB.
1220 481 1318 573 XX
1325 482 1439 574 V'II,

129 590 355 681 renovando
383 619 472 673 cum
499 588 602 701 Julio
637 593 700 673 ΙΙΙ.
743 590 839 705 agit.

127 719 205 829 lpse
230 716 514 795 Germanorum
529 706 742 793 Concilium
765 737 842 791 rur·
954 716 981 796 1.
1047 664 1090 814 J
1090 712 1195 798 Ulius
1210 719 1270 798 lll.
1297 714 1498 801 Octavium
1514 722 1599 804 Far·

125 862 185 916 sus
218 834 436 945 Augustam
468 824 751 911 Vindelicorum
778 825 839 911 ad
896 830 1039 915 nesium
1070 835 1224 917 Parmae
1240 837 1387 921 Ducem
1419 832 1497 944 jure
1520 846 1599 951 per·

126 974 262 1036 vocat.
508 1000 510 1003 J
895 973 1015 1062 petuo
1060 950 1280 1037 confirmat.
1334 953 1515 1039 Octavius
1573 985 1598 1042 a

184 1070 287 1152 XCI.
348 1061 550 1149 Nonnullis
607 1062 840 1149 Electoribus
896 1069 1052 1152 Caesare
1081 1070 1208 1180 perir,
1237 1095 1280 1153 ut
1306 1069 1493 1154 Pontifieis
1532 1072 1598 1158 de·

124 1213 166 1274 et
193 1186 391 1270 civitatum
421 1182 549 1298 legatis
586 1182 839 1270 convenienti·
894 1210 1037 1270 cretum
1062 1187 1305 1301 comprobet.
1344 1187 1419 1270 Hic
1441 1219 1598 1303 respon-

124 1308 217 1410 bus,
251 1301 390 1389 decreti
405 1302 617 1417 Augustani
636 1301 763 1388 violati
789 1324 840 1386 at·
896 1303 961 1388 der
986 1309 1157 1388 Parmam
1202 1330 1241 1387 cr
1282 1302 1505 1391 Placentiam
1548 1309 1599 1394 ad

125 1451 206 1539 que
246 1419 426 1506 contemti
461 1419 644 1505 rationem
676 1422 726 1505 ab
757 1420 839 1535 ipsis
894 1422 1171 1536 Imperatoriam
1218 1420 1425 1507 clientelam
1479 1427 1598 1540 perti·

129 1540 269 1655 poscit.
300 1539 452 1624 Illorum
485 1566 725 1653 responsum.
893 1567 1002 1626 nere.
1556 1590 1560 1598 ·

194 1661 316 1742 XCII.
396 1662 516 1771 Leges
552 1656 758 1768 adlCarolo
799 1658 838 1742 in
963 1663 1007 1742 Il.
1083 1660 1207 1773 Hujus
1249 1662 1417 1776 repulsae
1465 1661 1598 1750 dolore

128 1777 333 1864 haereticos
386 1774 483 1858 latae
547 1772 836 1870 confirmantur.
892 1777 1077 1890 perculsus
1092 1778 1345 1883 Octavius,a
1383 1809 1513 1866 socero
1543 1781 1597 1868 ad

128 1899 296 2012 Magnus
327 1892 418 1977 inde
444 1916 667 1978 cunctorum
709 1895 836 1979 haere-
892 1897 1100 1981 Henricum
1123 1898 1326 1983 Gallorum
1359 1903 1503 2014 Regem
1531 1900 1597 1984 de·

129 2015 288 2101 ticorum
306 2012 463 2116 timor,
495 2040 708 2128 magnaque
751 2043 835 2126 pro
893 2011 1001 2098 ficere
1032 2017 1181 2121 statuit,
1197 2021 1265 2132 qui
1290 2015 1443 2131 quidem
1475 2042 1604 2131 parer-¹

130 2135 266 2219 borum
297 2130 467 2218 virorum
499 2159 604 2244 spes,
632 2157 731 2244 quae
761 2134 835 2213 Ca·
892 2160 981 2216 nam
1010 2133 1222 2219 societatem
1262 2164 1349 2218 cum
1392 2133 1599 2248 Solymano

129 2253 254 2338 tolum
281 2278 361 2335 non
394 2249 595 2363 decepisset
621 2309 634 2351 ,
660 2246 726 2331 nisi
769 2249 835 2334 ad·
891 2248 1015 2360 palam
1046 2278 1087 2335 et
1116 2253 1280 2338 studiose
1303 2250 1411 2337 colit..

130 2398 254 2457 versus
275 2368 357 2484 pios
380 2366 546 2478 ejusdem
567 2389 723 2451 conatus
738 2392 835 2450 non·
950 2374 1010 2452 ΠΙ.
1072 2371 1236 2456 Octavio
1281 2370 1411 2484 igitur,
1441 2398 1598 2459 omnem

130 2487 317 2574 nullorum
345 2483 460 2571 animi
485 2483 589 2569 odio
618 2505 658 2572 et
695 2481 835 2572 invidia
888 2517 996 2573 suam
1037 2518 1150 2603 opem
1197 2487 1247 2571 ad
1289 2485 1512 2572 Placentiam
1542 2490 1594 2573 in·

130 2606 302 2723 exagitati
324 2603 496 2691 luissent.
881 2607 971 2693 uiro
999 2606 1141 2694 Carolo
1171 2605 1463 2720 recuperandam
1490 2606 1596 2719 polli-

190 2728 329 2810 XClll.
393 2722 565 2807 Concilio
608 2723 834 2811 Tridentino
889 2751 994 2812 cetur
1021 2759 1033 2834 3
1063 2757 1112 2812 eo
1152 2725 1284 2810 scilicet
1326 2723 1477 2808 consilio
1508 2784 1521 2827 ,
1549 2748 1596 2809 ut

130 2866 315 2930 renovato
345 2841 577 2926 Crescentius
606 2842 832 2949 Cardinalis,
890 2844 990 2930 bello
1040 2846 1079 2931 in
1115 2843 1216 2926 ltalia
1252 2839 1425 2926 conflato
1457 2839 1597 2926 Conci·

130 2961 361 3047 Sebastianus
402 2959 617 3075 Pighinus,
661 2960 834 3046 Aloisius-
887 2961 979 3046 lium
1028 2961 1290 3046 Tridentiuum
1343 2957 1595 3067 dissolvatur,

131 3109 204 3194 que
230 3085 474 3193 Lypomauus
507 3079 733 3161 Nautiorum
764 3108 834 3165 no·
889 3108 970 3164 non
995 3080 1143 3197 ignarus
1175 3077 1328 3169 nihilse
1342 3075 1483 3161 Carolo
1512 3107 1591 3163 mo

135 3198 228 3282 mine
257 3222 452 3312 praesunt.
490 3194 614 3280 Prima
640 3220 679 3280 et
707 3224 829 3282 secun·
888 3196 1010 3282 lestius
1025 3193 1170 3283 efficere
1202 3223 1308 3311 posse
1323 3255 1336 3297 ,
1351 3222 1420 3278 nec
1438 3194 1487 3278 ad
1503 3199 1593 3281 Ger·

131 3314 180 3400 ‘da
221 3315 380 3400 sessione
414 3311 560 3402 initium
608 3311 833 3402 deliberandi
889 3316 1034 3401 maniae
1077 3311 1326 3401 defectionem
1368 3312 1592 3398 accomoda-

134 3457 377 3548 prorogatur.
887 3433 975 3519 tius.

185 3552 330 3636 XCIV.
377 3553 421 3634 In
450 3552 559 3636 tertia
588 3551 745 3637 sessione
759 3559 832 3638 Lu-
946 3553 1014 3636 lV.
1073 3556 1205 3667 ltaque
1224 3548 1334 3664 apud
1357 3545 1475 3632 coacti
1491 3547 1592 3629 Con·

137 3666 288 3755 theranis
318 3699 342 3752 a
373 3669 546 3753 Concilio
578 3667 672 3754 fides
717 3671 832 3783 publi-
887 3669 957 3755 cilii
980 3670 1107 3754 Patres
1136 3697 1201 3782 per
1232 3669 1397 3783 legatum
1422 3664 1520 3780 agit,
1550 3695 1590 3749 0-

134 3810 176 3867 ca
205 3789 342 3890 datur3
371 3786 432 3869 cui
472 3787 627 3900 quidem
661 3788 833 3874 Concilio
889 3815 1091 3902 mnemque
1119 3814 1224 3870 suam
1252 3784 1400 3899 culpam
1426 3783 1464 3867 in
1494 3786 1594 3865 Pon·

127 3904 302 4018 Episcopi
327 3903 516 4020 sexaginta
538 3905 620 3990 duo
639 3935 834 4019 ,quorum
888 3904 1024 3991 tillcem
1057 3929 1095 3989 ct
1121 3906 1321 3988 Caesarem
1353 3897 1528 3998 conlert3
1550 3898 1593 3983 si-

121 4017 285 4137 Hispani
326 4022 656 4137 vigintiquinque
701 4048 859 4129 erants
890 4024 1045 4139 mulque
1076 4022 1168 4136 petit
1210 4046 1325 4135 arque
1362 4020 1591 4120 obtestatur,

116 4128 329 4225 intersunt.
355 4144 416 4224 Ex
442 4139 565 4223 Gallia
592 4141 834 4254 Transalpina
888 4166 933 4228 ut
958 4143 1108 4256 incepto
1126 4139 1327 4243 desistant,
1343 4163 1457 4250 arque
1481 4131 1520 4217 id
1535 4128 1593 4216 of·

113 4257 247 4342 nullus
281 4261 435 4371 aRege
465 4257 646 4342 Henrico
664 4259 836 4344 conveni·
888 4259 1013 4345 ficium
1046 4261 1085 4344 in
1121 4255 1374 4372 tranquilliora
1402 4269 1591 4366 ‘tempora

113 4394 165 4454 re
186 4375 408 4490 permittitur
425 4377 513 4488 ‚qui
536 4404 667 4460 omnes
680 4377 837 4461 occasio
888 4379 1072 4489 rejiciant.

118 4512 194 4574 nes
229 4518 356 4608 captat
384 4493 526 4578 Carolo
556 4493 618 4580 vel
645 4520 733 4576 cum
771 4521 837 4578 sua
948 4497 998 4578 V.
1059 4487 1229 4575 Pontifex
1252 4487 1398 4603 injurias
1428 4485 1507 4597 jure
1531 4514 1594 4573 na

123 4598 275 4696 usauria
307 4611 515 4699 molestiam
548 4609 765 4698 exhibendi.
890 4609 997 4705 rurali
1012 4606 1173 4722 repellit.
1212 4608 1422 4708 Henricus,
1443 4606 1595 4691 Octavii

400 4817 402 4820 Α
893 4724 1098 4847 patrocinio
1126 4751 1322 4840 suscepto,
1337 4723 1532 4840 pecuniam
1560 4722 1594 4807 ei

196 4845 359 4934 Tormll.
1283 4843 1321 4926 G
1525 4865 1596 4950 pro
