4034 5858
115 493 162 568 ris
180 491 309 562 intrat.
336 491 383 559 ΙΙ.
412 514 492 585 334.
521 488 709 587 Philippum
730 494 782 561 A·
886 487 1070 588 Rhodopes
1098 513 1235 589 portum
1259 492 1372 565 adest.
1400 495 1445 566 ΙΙ.
1466 516 1545 588 370.

73 590 76 593 ’
112 611 243 664 sturum
269 588 453 686 Principem
478 590 513 660 in
531 614 592 661 suo
616 589 782 660 suburba·
882 593 924 662 In
956 592 1096 664 Siciliam
1116 616 1195 665 cum
1225 594 1412 666 triremibus
1435 596 1544 690 proli-

112 716 159 762 no
179 691 346 787 praetorio
364 691 516 789 regaliter
537 690 699 760 instructo
717 711 777 760 ex·
882 690 1015 763 ciscitur
1041 741 1053 774 ,
1081 712 1118 762 ut
1146 695 1398 767 tormentarium
1432 696 1544 789 pulve·

111 789 220 888 cipit.
259 785 306 856 114
342 809 419 882 357.
463 789 665 882 Qrindecim
709 787 778 858 dies
881 808 952 862 rem
973 790 1018 863 ad
1040 790 1232 887 Aphrodisii
1256 796 1541 891 oppugnationem

109 890 300 984 Philippum
343 908 517 983 totamque
548 886 706 959 familiam
740 905 774 957 et
880 888 1050 986 deportet.
1081 895 1128 960 ΙΙ.
1159 910 1239 985 395.
1271 894 1441 983 Pulverem
1470 912 1543 964 ror-

107 990 243 1061 Ducem
278 986 451 1060 Albanum
487 987 579 1087 regio
613 1003 773 1085 apparatu
879 990 1078 1060 mentarium
1103 1009 1138 1059 et
1156 993 1423 1088 supplementum
1451 993 1540 1063 mili-

105 1106 140 1158 et
175 1085 433 1185 splendidissime
474 1087 555 1161 alit.
598 1089 644 1156 ΙΙ.
693 1089 772 1179 360.

104 1189 300 1286 Dragutum
337 1185 466 1281 insequi
495 1188 619 1276 jussus,
633 1186 668 1257 in
689 1184 772 1256 Sici-

104 1286 181 1357 liam
207 1287 363 1385 navigat.
397 1291 442 1356 11.
464 1287 542 1380 386.
570 1287 768 1386 Βαιςυῑεω
826 1287 939 1360 Dona
974 1284 1159 1359 Cardinalis
1189 1289 1373 1362 Genuensis
1412 1289 1538 1390 Philip-

103 1383 302 1484 fugitantem
332 1385 390 1455 diu
422 1385 651 1482 nequidquam
682 1385 769 1456 inse-
875 1409 957 1483 pum
993 1391 1158 1458 Asturum
1186 1388 1371 1484 Principem
1397 1389 1432 1458 in
1459 1395 1537 1460 An-

103 1501 234 1569 emtus,
268 1485 513 1557 Monastcrium
542 1483 705 1582 oppidum
733 1501 766 1552 et
875 1484 971 1557 dreae
995 1485 1120 1556 Doriae
1142 1487 1334 1560 suburbano
1368 1489 1536 1585 praetorio
1630 1557 1633 1563 .

103 1605 212 1655 arcem
236 1603 435 1684 expugnat.
458 1587 504 1655 11.
526 1585 604 1679 387.
629 1585 766 1681 Aphro·
872 1583 1181 1680 excipit.11.357.

3 1750 7 1754 .
104 1681 224 1754 disium
240 1702 374 1755 vtentare
398 1684 590 1756 constituit.
617 1685 664 1753 11.
685 1683 764 1776 387.
822 1683 932 1754 Doria
951 1690 967 1769 (
977 1681 1263 1781 Claristoplrinus)v
1282 1688 1311 1755 Ι.
1332 1688 1377 1756 06
1382 1708 1413 1779 3.

101 1782 314 1855 Femandum
329 1785 457 1882 Vegam
479 1783 523 1856 ad
536 1802 666 1881 patrem
686 1782 768 1852 mit-
822 1784 931 1856 Doria
946 1781 1185 1869 (franciscus)
1212 1784 1303 1854 nauis
1321 1784 1533 1869 Caesarianae

101 1881 174 1966 tit,
201 1901 247 1954 ut
263 1907 360 1955 suum
383 1881 557 1955 consilium
601 1900 636 1952 et
680 1880 767 1969 judi·
870 1879 1056 1980 praelectus
1084 1882 1127 1953 ad
1152 1882 1261 1954 hostes
1282 1881 1408 1954 transfu
1432 1909 1474 1954 a.
1503 1890 1533 1954 Ι.

91 1979 192 2052 Δτίιιιη
208 1979 360 2053 deferat.
381 1984 426 2052 ΙΙ.
448 1982 525 2076 387.
537 1985 688 2076 Accepto
700 1983 766 2049 Ve·
873 1981 956 2071 258.
983 1980 1152 2054 Onerariis
1167 1980 1307 2053 navibus
1329 2004 1370 2079 pr
1405 2029 1407 2033 «
1438 2001 1532 2053 ctus..

101 2100 165 2178 gae
181 2080 316 2172 Joannis
335 2101 500 2178 responso,
514 2077 767 2152 difficultatibus
871 2086 918 2152 II.
935 2085 989 2170 56.

101 2200 136 2248 se
152 2177 276 2250 mederi
295 2200 388 2275 posse
403 2178 605 2251 confirmat.
621 2181 667 2249 11.
685 2178 765 2272 388.
821 2174 929 2250 Doria
946 2179 1213 2273 (Joannetinus)
1242 2178 1439 2276 Hipponem
1458 2184 1531 2255 Re-

100 2276 332 2374 Irruptionem
363 2278 514 2350 tentandi
549 2296 669 2350 auctor
701 2275 766 2349 fit.
869 2280 963 2377 gium
994 2278 1140 2349 mittitur
1174 2277 1219 2351 ad
1244 2277 1422 2349 duodecim
1441 2277 1531 2350 Che-

878 1107 951 1158 tum
992 1087 1171 1187 deportans
1207 1089 1450 1188 Aphrodisium
1487 1115 1539 1163 re·

880 1187 1040 1258 vertitur.
1061 1193 1107 1257 11.
1126 1192 1203 1281 396.

101 2379 150 2446 ΙΙ.
186 2396 263 2469 390.
299 2380 506 2476 Expugnato
535 2375 763 2475 Aphrodisio,

99 2477 291 2572 Dragutem
317 2478 469 2548 insectari
491 2480 627 2574 pergit,
652 2497 686 2546 et
718 2474 762 2546 ab

99 2595 141 2643 eo
158 2573 351 2646 deluditur.
380 2580 429 2645 11.
458 2593 538 2671 399.
568 2581 662 2670 Jussu
690 2580 762 2647 Ca-

99 2671 161 2743 roli
184 2676 315 2745 classem
335 2675 504 2746 Malacam
527 2675 697 2772 compellit
718 2672 762 2745 ad

100 2773 220 2843 milites
242 2773 279 2843 in
314 2775 535 2844 Germaniam
555 2770 762 2845 deferendos.

100 2872 147 2940 11.
178 2892 262 2966 430.
302 2872 419 2942 Portui
452 2874 589 2943 Veneris
627 2872 761 2969 appulsa

99 2970 217 3053 classe,
230 2968 347 3040 milites
368 2970 545 3067 Neapolim
566 2969 684 3056 defert,
707 2969 763 3041 cui

868 2377 976 2448 radrni
1012 2377 1160 2449 triremes
1202 2375 1468 2476 oppugnandas.
1501 2382 1530 2446 Ι.

866 2482 950 2569 406·
984 2482 1038 2552 Re
1068 2475 1193 2561 infecta
1228 2479 1263 2547 in
1287 2479 1449 2549 Goletarn
1480 2497 1532 2546 rc-

866 2577 1023 2648 vertitur.
1041 2576 1069 2644 Ι.
1089 2599 1171 2670 407.
1203 2577 1344 2647 Fliscum
1365 2581 1530 2669 Joannem

867 2677 953 2746 male
983 2674 1130 2774 cogitare
1160 2675 1366 2772 suspicatur,
1391 2694 1425 2744 et
1451 2682 1530 2744 An«

867 2773 980 2847 dream
1006 2774 1152 2845 solicitus
1175 2773 1353 2845 admonet.
1379 2775 1426 2844 ΙΙ.
1448 2774 1527 2864 308.

866 2882 928 2946 Per
950 2873 1095 2945 Comitis
1119 2871 1213 2945 Flisci
1234 2871 1373 2956 *insidias
1403 2868 1530 2944 occidi-

867 2992 947 3043 tur.
964 2975 1009 3042 ΙΙ.
1031 2995 1113 3066 33¹·
1427 2992 1428 2995 ’

99 3091 119 3139 a
148 3070 292 3144 Turrica
328 3071 528 3164 Gallicaque
550 3074 647 3143 classe
675 3070 764 3167 peri-
814 3071 922 3145 Doria
937 3071 1180 3169 (Philippinus)
1196 3067 1351 3142 Andreae
1374 3031 1530 3167 praefecti

98 3169 213 3238 culum
234 3168 404 3240 imminet.
434 3170 577 3264 ΙΙ.438.
600 3176 641 3241 ln
669 3179 760 3242 Pon-

97 3266 165 3336 tiae
185 3267 309 3339 insulae
333 3287 549 3367 conspectum
576 3291 762 3370 progressus

97 3364 133 3435 in
156 3367 317 3438 Turcicas
335 3391 434 3439 naves
453 3367 597 3454 incidit,
627 3371 760 3442 ceteris-

98 3486 165 3558 que
184 3464 263 3565 fuga
279 3468 412 3563 elapsis,
424 3487 546 3564 septem
563 3469 760 3566 interceptas

97 3563 244 3637 triremes
266 3567 412 3639 amittit.
443 3569 489 3638 ΙΙ.
504 3569 589 3662 438.

46 3664 157 3742 Dona
173 3671 188 3752 (
206 3667 376 3739 Antonius
391 3668 482 3751 )‚ut
497 3691 575 3740 cum
591 3685 672 3739 octo
699 3666 761 3737 tri·

96 3764 243 3839 remibus
270 3766 385 3863 portui
408 3767 568 3863 pracsidio
591 3767 659 3851 sit,
688 3768 760 3838 Ge*

96 3887 200 3937 nuam
224 3865 392 3937 mittitur.
407 3868 435 3938 I.
451 3889 535 3961 44¹7·
559 3872 667 3939 Crure
682 3866 760 3936 vul-

95 3981 253 4035 neratur.
281 3967 403 4052 11.19.
441 3968 511 4040 Suis
531 3991 587 4039 sex
612 3965 759 4036 triremi-

864 3195 968 3270 nepos
994 3174 1077 3242 mari
1092 3171 1305 3242 Caesarianos
1326 3169 1370 3239 ad
1390 3173 1529 3264 Neapo-

864 3272 924 3343 lim
941 3270 1096 3342 obsidet.
1125 3277 1155 3342 Ι.
1181 3291 1264 3360 255.
1291 3268 1350 3340 Ad
1378 3290 1528 3366 pugnam

865 3369 1019 3443 adversus
1042 3368 1249 3442 Moncadam
1275 3389 1308 3437 se
1330 3384 1526 3462 comparat.

865 3475 895 3543 1.
913 3491 993 3563 257.
1024 3472 1121 3563 Quae
1148 3491 1223 3540 suae
1253 3485 1359 3564 partes
1388 3468 1454 3535 sint
1480 3462 1525 3536 ad

865 3567 1040 3641 Andream
1055 3570 1089 3640 in
1112 3565 1290 3639 amicitiam
1315 3566 1430 3637 Caroli
1457 3585 1526 3634 tra-

865 3667 1081 3754 ducendum,
1093 3667 1234 3740 libenter
1245 3688 1278 3737 se
1289 3667 1524 3763 praestiturum

865 3770 1056 3866 promittit.
1078 3773 1107 3838 I.
1125 3772 1208 3862 063.
1230 3765 1327 3836 Vasti
1350 3763 1525 3837 Marcbio-

865 3890 942 3938 nem
976 3887 1011 3938 ct
1038 3866 1218 3940 Ascanium
1240 3865 1448 3937 Columnam
1473 3887 1526 3934 ca*

865 3986 941 4066 ptos
962 3970 1120 4038 Genuam
1143 3967 1269 4038 mittit.
1285 3970 1313 4035 Ι.
1332 3970 1413 4058 063.

97 4062 160 4135 bus
187 4083 332 4160 praeest.
360 4069 406 4136 11.
428 4087 485 4157 55.
520 4072 560 4140 ln
595 4065 757 4162 quasdam
814 4066 941 4144 Doriae
957 4065 1194 4160 (Joannetini)
1212 4064 1313 4136 vidua
1336 4061 1524 4159 aPhilippo

95 4161 243 4238 hostium
259 4186 358 4234 naves
377 4186 514 4238 movet.
542 4172 588 4238 II.
611 4167 671 4257 58..
695 4175 755 4239 Pe*
863 4175 1027 4241 Asturum
1044 4164 1193 4261 Principe
1213 4163 1377 4241 invisitur.
1394 4167 1528 4254 ΙΙ.360..

96 4262 238 4334 ticulose
254 4263 469 4338 vulneratur.
493 4268 539 4337 Il.
557 4270 616 4337 62.
641 4266 757 4340 Trite·
814 4270 944 4343 Doriae
963 4266 1121 4363 Principis
1139 4289 1227 4340 uxor
1244 4273 1376 4338 Perecra
1397 4283 1418 4334 a
1444 4259 1525 4331 Plri-

95 4363 203 4434 mium
234 4358 440 4460 praefectus.
477 4368 523 4436 ΙῙ.
550 4371 629 4461 ι36.
665 4362 758 4439 Alie·
862 4368 959 4465 lippo
985 4373 1150 4440 Asturum
1180 4362 1331 4461 Principe
1360 4361 1523 4435 invisitur.

91 4484 180 4534 num
201 4465 351 4537 animum
377 4466 421 4535 ab
447 4464 584 4538 Andrea
607 4465 703 4570 gerit,
723 4488 758 4540 ct
865 4473 912 4540 ΙΙ.
932 4472 1012 4562 360.

66 4560 255 4636 (30τεὶοω
293 4565 460 4637 Toletum
498 4567 666 4662 sequitur.
710 4575 757 4642 II.
814 4566 993 4643 Dorothea
1019 4565 1167 4640 Comitis
1192 4560 1331 4638 Palatini
1360 4583 1448 4634 uxor
1462 4608 1475 4644 ,
1489 4577 1525 4630 et

101 4681 141 4753 03
148 4678 184 4744 9.
206 4663 459 4762 Imperatoriam
482 4667 614 4740 classem
628 4665 672 4738 ad
695 4671 758 4742 Al·
864 4667 1061 4744 Christiemi
1077 4666 1208 4740 Daniae
1220 4663 1325 4764 Regis
1342 4680 1377 4733 et
1399 4659 1528 4732 rebel-⁴

97 4760 221 4859 getiam
238 4767 471 4856 consequitur.
494 4769 540 4838 II.
559 4789 636 4862 139·
664 4771 755 4840 Cum
864 4773 915 4845 lae
951 4768 1067 4844 Caroli
1102 4764 1251 4842 Caesaris
1287 4761 1408 4837 sororis
1432 4758 1524 4834 filia·

95 4880 156 4991 serr¹
192 4862 256 4939 suis
298 4863 486 4941 triremibus
528 4868 681 4971 Philippo
710 4867 757 4945 ad
865 4871 1013 4966 1b375·
1215 4973 1281 5039 m
1451 4915 1531 5029 ω
