4034 5858
513 489 593 577 540
645 513 647 516 .
887 467 969 546 ou
999 456 1198 544 nunus
1245 459 1459 542 cesus

472 661 571 723 rur.
624 624 703 722 Sed
739 620 901 720 horum
952 621 1173 754 malorum
1229 658 1321 717 non
1358 654 1450 716 tarn
1501 614 1547 715 in
1583 607 1785 712 moribus
1837 647 1920 712 erat

404 891 407 896 .
475 766 640 907 culpa,
674 804 807 905 quam
843 765 889 862 in
924 766 1098 862 adversa
1134 762 1402 862 valetudine:
1424 801 1476 860 ex
1512 757 1685 898 magnis
1724 757 1916 867 enimet

475 907 757 1009 insolentibus
793 905 1014 1007 laboribus
1052 983 1067 1025 ,
1106 904 1213 1004 dum
1249 901 1361 1002 bella
1395 905 1441 1003 in
1477 902 1713 1001 Germania
1768 899 1916 1000 Gallia-

477 1092 564 1190 que
600 1052 828 1150 durissimo
865 1050 968 1149 anni
1004 1053 1200 1189 tempore
1236 1082 1437 1188 gereret,
1472 1046 1519 1143 in
1555 1083 1706 1185 graves
1744 1041 1918 1143 morbos

475 1195 716 1300 inciderat3
749 1193 961 1333 quamdiu
998 1193 1116 1292 enim
1155 1184 1322 1330 integra
1358 1186 1605 1288 valetudine
1641 1183 1759 1306 fuit,
1797 1188 1917 1318 justi·

475 1337 570 1456 tia,
592 1337 832 1475 religione,
850 1334 1151 1477 magnitudine
1186 1331 1325 1431 animi
1353 1409 1367 1450 ,
1405 1330 1618 1472 gravitate
1652 1364 1786 1469 atque
1824 1370 1918 1471 pru-

476 1473 660 1598 dentia,
682 1481 736 1577 ad
774 1517 990 1579 summam
1025 1477 1150 1577 omni
1183 1475 1324 1617 Regia
1358 1473 1566 1613 civilique
1601 1472 1765 1574 virture
1801 1514 1918 1615 prae-

479 1621 624 1727 stitit3
659 1622 730 1718 sed
768 1620 924 1719 accidit
961 1621 1044 1738 ei,
1074 1621 1195 1757 quod
1231 1615 1316 1718 fere
1353 1617 1536 1715 maximi
1572 1616 1740 1756 ingenii
1784 1618 1918 1718 maxi-

476 1763 629 1900 mique
665 1762 805 1861 animi
842 1762 939 1860 viris
975 1761 1198 1879 accidisse,
1220 1759 1459 1859 clarissimis
1496 1760 1704 1897 exemplis
1724 1758 1915 1859 Philoso·

477 1901 558 2042 phi
581 1906 741 2002 docent
761 1917 774 2022 ',
794 1938 844 2001 ur
880 1939 992 2002 atrae
1009 1902 1106 2002 bilis
1132 1902 1296 2003 morbis
1317 1937 1580 2009 tentaretur3
1602 1940 1760 2001 verum
1784 1902 1913 2002 inhac

477 2047 568 2183 ipsa
604 2045 894 2146 invaletudine
918 2050 1099 2146 Carolus
1136 2083 1348 2185 magnum
1384 2044 1535 2142 insitae
1569 2044 1763 2173 justitiae
1798 2083 1915 2186 arque

476 2188 647 2289 virtutis
683 2190 997 2288 documentum
1032 2187 1178 2307 dedit,
1216 2188 1296 2326 qui
1332 2183 1416 2284 sibi
1452 2185 1712 2287 valetudinis
1747 2191 1804 2286 ad
1838 2190 1917 2288 im-

480 2332 719 2468 perandum
755 2332 925 2466 ineptae
962 2330 1155 2427 conscius
1191 2370 1265 2428 sua
1301 2364 1458 2467 sponte
1509 2370 1595 2429 sese
1639 2331 1836 2471 Imperiis
1869 2373 1918 2430 οι

480 2468 656 2570 mnibus
690 2468 944 2588 abdicavit,
990 2506 1033 2569 et
1070 2472 1270 2569 omnium
1306 2483 1563 2612 Regnorum
1598 2481 1667 2602 jus
1705 2510 1747 2572 et
1778 2474 1918 2612 impe-

481 2615 607 2712 randi
633 2648 890 2754 potestatem
926 2612 975 2711 in
999 2610 1249 2753 Philippum
1285 2611 1426 2714 filium
1461 2615 1821 2733 transtulit‚cum
1855 2654 1915 2714 re·

480 2793 650 2895 gnasset
685 2796 818 2856 annos
854 2756 1174 2897 quadraginta,
1209 2755 1387 2896 perinde
1424 2798 1474 2855 ac
1510 2758 1546 2857 si
1580 2759 1772 2859 moriens
1803 2758 1915 2858 here·

482 2901 584 2998 dem
619 2900 761 3038 ipsum
797 2937 1169 3036 successoremque
1205 2899 1491 3039 relinqueret.

550 3049 646 3139 XL.
721 3052 870 3178 Itaque
914 3082 964 3140 ex
1000 3042 1149 3181 Belgio
1191 3079 1293 3140 curn
1329 3040 1494 3141 duabus
1543 3043 1767 3146 sororibus
1802 3047 1920 3146 Eleo-

482 3217 591 3279 nora
646 3216 687 3282 et
720 3184 863 3281 Maria
917 3183 963 3281 in
999 3182 1260 3323 Hispaniam
1296 3184 1426 3285 classe
1469 3226 1544 3326 per
1580 3196 1818 3289 Oceanum
1863 3228 1917 3289 re·

483 3354 624 3443 versus
662 3325 708 3459 in
744 3326 839 3466 agri
874 3325 1107 3426 Placentini
1163 3327 1433 3429 coenobium
1468 3331 1756 3467 Hieronymo
1811 3332 1919 3431 dica-

230 3459 234 3467 ’
369 3534 371 3538 ,
484 3499 610 3583 turn,
630 3466 755 3605 quod
790 3468 845 3567 ad
880 3468 1040 3591 radices
1075 3473 1330 3611 Orospedae
1366 3472 1556 3592 montis,
1578 3513 1666 3614 qua
1703 3476 1842 3575 solem
1874 3515 1920 3572 o-

483 3608 667 3709 rientem
701 3647 743 3710 et
779 3611 1007 3710 meridiem
1044 3648 1252 3752 spectat,
1288 3626 1388 3715 Iusti
1423 3654 1799 3756 cognominatur,
1831 3657 1921 3717 cum

485 3752 634 3888 paucis
671 3753 887 3852 advitam
923 3754 1137 3893 privatam
1171 3757 1411 3855 necessariis
1447 3761 1710 3860 administris
1748 3762 1922 3878 secessit,

483 3903 604 4022 cujus
641 3895 703 3994 rei
740 3897 879 4034 gratia
916 3900 1039 3996 aedes
1074 3895 1294 3998 coenobio
1329 3900 1595 4041 contiguas,
1631 3943 1727 4003 non
1777 3907 1922 4004 admo·

231 4022 233 4028 ¹
346 4171 348 4175 .
421 4128 424 4131 ,
482 4036 588 4134 dum
624 4074 701 4138 nec
737 4076 907 4176 capaces
961 4079 1041 4140 nec
1075 4038 1304 4178 superbas,
1344 4046 1416 4142 sed
1454 4045 1531 4144 tali
1565 4047 1681 4145 virae
1719 4084 1766 4147 et
1800 4086 1918 4147 seces-

481 4178 548 4277 sui
583 4217 916 4297 convenientes,
945 4191 1037 4312 jam
1074 4185 1244 4322 pridem
1280 4190 1585 4288 construendas
1620 4195 1924 4307 mandaverat,

481 4317 529 4417 in
565 4361 672 4461 agro
709 4322 868 4422 scilicet
903 4359 948 4442 ct
982 4326 1084 4424 loco
1121 4365 1341 4447 amoeno,
1378 4366 1509 4469 arque
1545 4373 1592 4431 ea
1622 4335 1734 4431 caeli
1770 4371 1926 4470 tempe·

482 4497 659 4589 ratura,
696 4503 746 4565 ut
781 4505 860 4566 nec
897 4468 1066 4567 aestivis
1101 4467 1312 4569 caloribus
1350 4509 1643 4612 magnopere,
1673 4516 1757 4575 nec
1791 4475 1926 4616 frigo-

481 4598 599 4700 ribus
635 4603 826 4706 hibernis
861 4607 1114 4717 infesteturr
1142 4652 1413 4752 quamquam
1450 4619 1709 4737 secedendi,
1732 4660 1837 4720 cum
1873 4658 1927 4719 res

477 4752 976 4888 pateretur,consilium
1012 4794 1113 4854 non
1144 4790 1236 4857 ram
1273 4799 1324 4857 ex
1359 4759 1556 4878 morbis,
1580 4800 1719 4901 quarn
1759 4806 1813 4868 ex
1849 4801 1931 4866 tac⁴

1865 4907 1930 5006 dio
