4102 5864
517 472 601 561 342
727 501 730 506 «
874 440 982 538 ‘ou
1015 457 1213 538 ussus
1254 454 1482 537 Gusrrs

449 629 575 737 'Quo
611 609 792 755 cognito
791 610 1180 730 Demosthenes,
1213 611 1424 712 advocata
1459 605 1707 731 concione,
1743 613 1801 712 de
1837 608 1933 714 suis

465 795 508 858 et
544 793 824 874 ceterorum,
853 796 966 897 quos
1001 753 1227 895 Philippus
1263 754 1390 853 ad
1356 793 1507 853 necem
1549 790 1762 894 peteret,
1780 752 1933 856 offi-

464 901 543 1002 ciis
577 899 837 1041 reipublicae
873 896 1161 1012 salutaribus,
1197 898 1341 1058 deque
1375 896 1488 996 illius
1524 891 1745 999 fraudibus
1785 899 1924 1000 dolo-

463 1081 552 1183 que
588 1042 805 1143 disserit·
796 1110 809 1150 ,
844 1043 916 1141 sed
952 1039 1121 1140 illud
1108 1078 1157 1140 ιιι
1200 1039 1355 1179 primis
1406 1037 1684 1159 confirmat,
1733 1038 1823 1140 hoc
1878 1082 1929 1141 a·

313 1204 315 1207 ’
463 1223 567 1326 gere
601 1197 775 1326 Regem
828 1182 1206 1302 versutissimum,
1241 1217 1329 1300 ut,
1364 1183 1616 1284 custodibus
1652 1218 1696 1283 et
1721 1180 1926 1291 excubi-

462 1325 632 1427 toribus
668 1331 723 1425 de
758 1326 908 1428 medio
943 1324 1143 1444 sublatis,
1168 1257 1387 1425 irifirmam
1423 1360 1467 1425 et
1504 1326 1902 1425 incustoditam
1861 1365 1927 1427 cr-

462 1470 647 1571 vitatem
681 1469 992 1571 circumveniat
1025 1504 1068 1567 et
1103 1468 1321 1567 adoriatur
1360 1468 1489 1608 ,qui
1525 1467 1664 1567 simile
1700 1468 1929 1628 quiddam

467 1612 663 1751 apologo
712 1611 919 1750 luporum
969 1609 1301 1770 excogitasset·
1286 1608 1398 1714 ‚sic
1433 1609 1552 1709 enim
1581 1649 1673 1711 esse
1708 1649 1757 1709 ιιι
1794 1605 1930 1710 fabu-
2041 1696 2044 1705 .

463 1754 564 1872 lis,
602 1751 762 1914 quibus
811 1753 1006 1854 salutaria
1040 1751 1213 1851 monita
1268 1789 1602 1892 nonnumquam
1651 1794 1677 1852 a
1726 1753 1931 1892 pruden

463 1894 637 1994 cissimis
687 1893 940 1995 hominibus
991 1892 1253 1995 subobscure
1307 1893 1617 2035 traderentur.
1607 1970 1684 2015 .„
1702 1932 1809 1999 cum
1871 1897 1930 1994 de

415 2063 417 2067 ’
461 2114 492 2157 ,,
514 2035 859 2175 pacificatione
848 2072 957 2138 mter
1009 2038 1132 2177 lupos
1189 2069 1232 2135 et
1282 2032 1385 2135 oves
1437 2071 1675 2177 ageretur,
1711 2070 1930 2199 expostu

460 2177 698 2298 „lantibus
748 2178 951 2298 ovibus,
987 2217 1038 2278 ac
1090 2177 1266 2279 hostiles
1318 2214 1361 2277 et
1397 2175 1746 2279 intolerabiles
1733 2178 1927 2308 injurias

463 2318 621 2458 „lupis
656 2319 1014 2450 objicientibus,
1050 2320 1313 2460 respondisse
1348 2318 1472 2459 lupos
1523 2355 1567 2419 et
1602 2317 1930 2442 confirmasse,

462 2536 493 2579 „
509 2458 592 2559 sibi
627 2501 729 2562 cum
754 2461 922 2564 ovibus
959 2462 1068 2560 nihil
1104 2464 1198 2563 odii
1234 2462 1302 2560 vel
1356 2462 1584 2561 simultatis
1620 2463 1929 2584 intercedere,

459 2677 495 2725 „
511 2634 654 2704 totum
690 2603 846 2706 odium
883 2641 925 2703 et
961 2603 1191 2704 bellum
1179 2604 1280 2764 ipsis
1316 2643 1402 2705 esse
1436 2643 1541 2705 cum
1576 2602 1800 2723 canibus,
1842 2608 1930 2745 qui

460 2816 495 2867 „
509 2782 592 2882 pro
640 2785 713 2847 sua
749 2745 1032 2988 improbitate
1067 2748 1192 2906 lupos
1234 2745 1344 2847 nihil
1393 2747 1448 2845 de
1483 2786 1526 2845 se
1567 2747 1678 2844 male
1732 2748 1929 2848 meritos

457 2885 721 3003 „hostiliter
757 2928 803 2988 m
823 2924 1034 2996 estarents
1062 2886 1176 2987 1ιὶ
1145 2926 1180 2988 sr
1214 2888 1458 2988 communis
1495 2887 1638 2988 salutis
1667 2927 1798 2988 causa
1838 2890 1932 2993 sibi

459 3029 719 3145 „dedantur
739 3031 1089 3169 ,sempiternam
1123 3024 1315 3168 pacem
1313 3071 1356 3129 se
1392 3028 1616 3169 ovibus,
1605 3065 1694 3130 rcto
1735 3033 1931 3132 sanctis·

460 3229 492 3287 „
510 3167 623 3266 simo
659 3107 868 3300 foedere,
901 3174 1143 3272 daturos‘
1131 3191 1165 3233 “

533 3318 684 3411 LXIII.
759 3248 942 3411 Talibus
978 3311 1117 3414 verbis
1152 3314 1396 3453 talibusque
1432 3313 1612 3414 monitis
1662 3353 1767 3414 curn
1836 3357 1933 3419 no·

460 3446 605 3551 bilitas
641 3451 862 3591 plebem
851 3491 897 3553 ιιι
933 3492 1056 3554 suam
1091 3456 1345 3557 sententiam
1392 3456 1699 3595 perduxisset,
1742 3496 1932 3600 magno

461 3630 672 3694 consensu
708 3593 765 3695 ab
800 3593 1008 3696 omnibus
1045 3599 1266 3735 repudiata
1314 3598 1381 3696 lex
1416 3593 1501 3700 fuir
1541 3593 1933 3720 ,affirmantibus

460 3773 512 3833 ac
549 3737 926 3901 praedicantibus,
964 3768 1058 3838 non
1094 3779 1136 3838 se
1180 3738 1449 3879 peccandi
1440 3739 1639 3875 licentiae
1688 3778 1766 3841 aut
1831 3755 1932 3875 ejus

462 3878 671 3977 sceleris
661 3880 913 4021 impunitati
955 3883 1161 3994 studete,
1201 3918 1391 3982 metuere
1425 3904 1570 3980 tamen
1608 3884 1891 4024 ,nequid
1877 3926 1931 3987 ιιι

461 4060 510 4117 ea
545 4019 639 4161 lege
675 4016 863 4140 lateret,
900 4023 1024 4183 quod
1075 4022 1245 4122 civitati
1297 4024 1460 4164 grande
1510 3959 1691 4183 aliqtiod
1744 4027 1930 4126 malurn

461 4159 756 4300 importarem
799 4196 892 4264 non
927 4164 1063 4303 igitur
1100 4203 1292 4264 recusate
1324 4242 1339 4283 ,
1372 4202 1609 4326 quominus
1646 4204 1693 4263 ιιι
1729 4164 1929 4268 haereti

463 4344 540 4403 cos
573 4343 655 4442 pro
692 4302 853 4407 sceleris
888 4307 1098 4445 gravitate
1134 4306 1417 4425 vindicetur,
1453 4306 1583 4445 siqurs
1634 4307 1795 4407 usitata
1850 4348 1928 4408 ra·

462 4445 584 4544 tione
620 4485 696 4585 per
731 4450 845 4588 leges
880 4484 1134 4568 communes
1170 4489 1293 4548 causa
1337 4450 1491 4568 dicta,
1526 4485 1569 4547 et
1616 4487 1689 4588 per
1725 4451 1928 4590 Episco

463 4623 545 4726 pos
608 4627 658 4686 ac
699 4535 861 4717 judices
898 4578 1273 4691 Ecclesiasticos
1261 4629 1457 4731 rpsorum
1482 4591 1790 4691 administros
1844 4634 1926 4693 co

465 4729 629 4871 gnita,
672 4730 867 4869 legitime
902 4733 1031 4836 fuerit
1082 4733 1342 4835 convictus:
1380 4732 1577 4844 atillam
1614 4734 1922 4853 severitatem,

1771 4913 1923 5012 quam
