4124 5880
536 443 594 534 ς,
901 439 985 521 un
1035 435 1243 516 nasus
1291 433 1517 518 Gnsrrs

424 607 428 614 ’
500 598 626 699 dicae
677 580 914 714 Comites,
951 591 1246 734 Cuellarisque
1281 591 1510 696 Marchi0.
1566 583 1773 693 Coenatis
1823 627 1966 732 porro

501 783 645 846 sermo
683 743 730 844 in
766 740 953 841 multam
990 774 1170 840 noctem
1208 739 1509 890 producitur,
1554 740 1698 839 donec
1746 735 1964 899 irrepente

498 925 545 989 et
580 893 847 989 admonente
884 923 1044 986 somno
1082 881 1288 985 cubitum
1324 880 1575 986 discessere.
1623 892 1755 983 Erant
1792 883 1963 1025 Hispa

496 1035 564 1133 nis
601 1034 702 1133 lecti
739 1029 972 1174 magnifice
1009 1070 1087 1172 pet
1123 1030 1283 1131 domos
1319 1029 1506 1194 privatas
1542 1027 1770 1161 instructi.
1794 1040 1963 1130 Caro

371 1271 373 1275 ,
497 1177 592 1277 lo
580 1216 692 1279 mtta
728 1178 920 1319 Regiam
958 1172 1139 1318 tragulis
1176 1207 1220 1278 et
1256 1175 1572 1316 peristromatis
1608 1212 1820 1317 personae
1854 1213 1964 1280 con

493 1323 761 1426 venientibus
797 1356 1051 1463 apparatus.

401 1480 405 1486 ’
565 1479 719 1568 ΧΧΧ.
795 1475 996 1568 Posterus
1033 1465 1123 1568 dies
1159 1464 1292 1567 simili
1328 1463 1496 1568 ratione
1542 1505 1592 1566 ac
1634 1460 1799 1566 laetitia
1843 1502 1962 1566 cona

495 1647 662 1712 sumtus
700 1648 796 1731 est,
834 1644 876 1708 et
913 1611 965 1711 iis
1002 1649 1223 1752 quoque,
1292 1610 1339 1709 ui
1390 1613 1446 1711 ad
1497 1651 1626 1714 naves
1680 1645 1958 1728 manserant,

493 1753 652 1856 cibaria
701 1754 830 1854 missa
881 1755 1062 1895 singulis
1112 1651 1360 1855 trireinilsus
1414 1754 1524 1857 bini
1565 1752 1749 1874 boves,
1802 1753 1958 1853 arietes

492 1897 641 2017 deni,
676 1903 814 2040 cupae
862 1901 972 2000 vino
1024 1897 1178 2061 plenae
1228 1896 1383 2001 binae.
1439 1900 1703 2000 Carolus
1661 1896 1853 2000 vrcissim
1903 1938 1958 1997 ex

492 2041 627 2184 Regis
684 2042 936 2144 domesticis
990 2043 1107 2145 viros
1162 2037 1437 2184 feminasque
1505 2041 1748 2186 magnificis
1824 2042 1957 2141 donis

491 2187 766 2291 muneravit.
817 2200 1026 2313 Ceterum
1077 2186 1240 2289 Catolo
1293 2225 1343 2287 ac
1380 2185 1496 2328 Regi
1548 2188 1647 2289 solis
1701 2185 1956 2328 prandenti

490 2328 572 2429 bus
633 2330 803 2431 Galli
788 2366 911 2462 Juxta
967 2367 1011 2430 et
1062 2332 1255 2471 Hispani
1305 2330 1525 2473 principes
1579 2371 1683 2433 cum
1727 2330 1859 2471 Regis
1896 2329 1958 2430 fi

490 2474 559 2575 liis
596 2474 858 2595 astiterunt,
891 2474 1003 2617 quin
1038 2475 1171 2576 etiam
1207 2476 1427 2576 Henricus
1464 2485 1615 2608 major
1642 2514 1749 2577 natu
1783 2474 1955 2574 manti-

348 2613 358 2632 ⁰
488 2616 529 2719 le
565 2622 620 2720 ad
655 2554 915 2721 assiccanilas
968 2619 1079 2720 lotas
1115 2659 1269 2720 manus
1306 2620 1471 2722 Carolo
1507 2622 1683 2722 Caesari
1737 2612 1955 2722 submini

489 2763 675 2864 stravit·
668 2830 679 2871 2
711 2765 837 2906 quod
872 2758 1071 2866 officium
1107 2762 1449 2929 perhumaniter
1467 2764 1717 2908 repudianti
1753 2762 1949 2926 Carolo,

490 2943 532 3007 et
569 2910 624 3007 ad
661 2949 845 3050 mappas·
879 2908 1028 3151 potius
1064 2945 1218 3011 manus
1255 2908 1488 3031 assicanti,
1526 2922 1658 3013 Rex:
1691 2907 1929 3027 Noli,in

487 3051 621 3192 quit,
628 3063 999 3191 Imperator,
926 3056 999 3151 riht
993 3057 1120 3152 ’b'de
1079 3059 1210 3168 latrum
1239 3056 1499 3224 officiumj
1445 3094 1485 3155 re
1494 3053 1646 3163 ireres
1687 3094 1774 3155 nam
1814 3055 1954 3191 dignus

487 3234 554 3312 et,
575 3202 638 3294 cui
669 3237 737 3331 ego
768 3232 941 3334 quoque,
957 3238 1030 3296 non
1062 3202 1179 3296 solum
1206 3237 1279 3296 met
1273 3203 1461 3319 liberi,
1490 3208 1776 3299 ministremus.
1816 3194 1954 3295 Dein

487 3340 542 3437 de
579 3340 742 3440 Carolo
778 3344 834 3440 ad
870 3380 997 3442 naves
1048 3340 1219 3482 regredi
1254 3342 1426 3482 paranti
1462 3356 1559 3447 Rex
1605 3342 1745 3444 multa
1780 3338 1836 3440 de
1891 3381 1954 3439 o

485 3483 634 3622 ptimo
670 3524 751 3584 suo
787 3484 835 3584 in
871 3483 1018 3624 ipsum
1054 3487 1206 3584 animo
1242 3525 1293 3584 ac
1328 3487 1550 3590 voluntate
1584 3483 1828 3651 praefatus,
1861 3480 1953 3585 sibi

484 3623 672 3766 filiisque
708 3627 794 3729 suis
849 3661 1106 3769 perpetuam
1154 3665 1257 3729 curn
1308 3631 1466 3734 eodem
1520 3633 1762 3734 amicitiam
1813 3663 1953 3770 atque

482 3808 636 3911 pacem
672 3764 763 3873 fore
798 3772 943 3913 palam
998 3771 1206 3876 omnibus
1256 3774 1374 3874 ultro
1411 3776 1680 3917 pollicetur,
1713 3775 1827 3876 filios
1877 3815 1953 3875 ex-

342 3931 348 3943 '
483 3950 697 4031 secratur,
744 3915 780 4015 si
816 3954 941 4015 suam
976 3916 1023 4017 in
1059 3957 1115 4016 eo
1157 3917 1291 4019 fidem
1327 3958 1420 4019 non
1467 3919 1755 4029 liberassent3
1791 3916 1951 4018 simul-

403 4068 406 4073 ’
482 4097 618 4223 que,
655 4094 705 4160 ut
755 4059 990 4202 promissio
1043 4098 1147 4163 cunr
1198 4073 1365 4195 majore
1417 4065 1676 4164 auctoritate
1733 4098 1775 4164 et
1827 4061 1953 4203 quasi

482 4204 748 4304 caerimonia
786 4203 945 4323 fieret,
978 4244 1157 4306 aureum
1193 4207 1404 4306 annulum
1446 4246 1561 4308 cum
1613 4210 1765 4352 magni
1815 4204 1948 4346 pretii

480 4346 775 4450 adamante
763 4385 810 4448 tn
860 4346 1051 4490 speciem
1094 4350 1213 4452 oculi
1261 4345 1499 4472 formam,
1535 4355 1698 4457 Carolo
1734 4350 1943 4467 tradidit,

477 4490 527 4592 in
563 4501 685 4624 cujus
716 4493 912 4592 annuli
900 4493 1056 4595 intima
1078 4532 1201 4637 parte
1225 4493 1312 4595 hoc
1350 4429 1546 4639 elogitim
1579 4496 1793 4636 sculptum
1816 4528 1932 4593 erat:

476 4643 862 4742 DILECTIONIS
897 4643 1089 4738 TESTIS
1126 4644 1207 4738 ET
1243 4645 1619 4742 EXEMPLUM.
1655 4653 1710 4742 Et
1747 4637 1864 4738 hunc
1901 4679 1946 4739 se

474 4821 559 4926 pro
596 4778 868 4888 sanctissimo
904 4783 1094 4928 pignore
1130 4785 1233 4888 date
1269 4783 1381 4891 dixit
1408 4785 1639 4889 constantis
1675 4784 1781 4889 fidei
1818 4821 1861 4886 et
1897 4824 1944 4945 a

1211 4958 1213 4963 ’
1845 4965 1932 5030 mr-
