4170 5866
435 459 439 466 .
580 389 831 478 CAROLI
878 391 932 474 V
979 397 1096 479 LlB
1136 401 1609 516 xx1.159

113 546 461 654 diolanenses
496 548 780 647 transeundos
817 542 923 644 fides
960 543 1133 688 publica
1184 586 1435 690 peteretur,
1471 594 1552 659 nec
1603 603 1652 662 e-

174 695 284 797 nim
320 735 409 795 esse
446 692 493 794 in
530 689 715 832 publicis
765 691 920 789 decem
968 728 1188 793 annorum
1234 693 1422 800 induciis
1473 702 1528 804 de
1563 745 1650 809 vo-

165 838 349 942 luntate
403 877 452 939 ac
488 835 575 936 fide
610 834 735 935 illius
762 832 1088 936 dubitandum.
1136 838 1219 940 Sed
1255 840 1537 968 Rinconius,
1574 861 1652 984 ju

161 985 236 1085 sti
270 981 629 1085 Caesarianorum
662 980 708 1081 in
744 1018 788 1079 se
824 978 919 1080 odii
956 1018 1006 1080 ac
1036 963 1201 1121 impiae
1235 981 1495 1144 legationis,
1514 1031 1652 1132 quam

174 1122 700 1266 deferebat,1nstigante
735 1123 1037 1243 conscientia,
1057 1125 1178 1225 nulla
1213 1127 1385 1232 ratione
1409 1171 1532 1235 suam
1566 1136 1652 1239 illis

177 1270 368 1372 salutem
405 1303 518 1369 recte
553 1267 782 1369 committi
817 1306 941 1408 posse
978 1265 1230 1398 judicabat.

231 1422 309 1516 IV.
356 1422 509 1552 Itaque
547 1446 647 1555 post
683 1411 866 1554 longam
902 1409 1271 1513 deliberationem
1302 1414 1526 1556 optimum
1564 1462 1652 1526 esse

184 1555 500 1659 constituerunt
525 1556 718 1656 secundo
746 1557 866 1656 Pado
894 1595 997 1654 cum
1031 1556 1184 1697 aliquo
1209 1558 1404 1659 militum
1434 1565 1652 1703 praesidio

182 1700 331 1843 ptimo
359 1740 544 1841 quoque
580 1735 780 1861 tempore
816 1699 1058 1840 navigare,
1098 1702 1428 1844 praemissisque
1471 1710 1654 1848 paucis,

181 1884 263 1985 qut
300 1842 554 1984 speculandi
590 1843 729 1985 gratia
764 1877 1128 1983 praecurrerent,
1166 1845 1469 1985 equitibus,
1457 1890 1505 1951 111
1540 1891 1652 1995 qua-

182 2024 287 2090 tuor
323 1987 552 2089 lluviatiles
603 1986 823 2088 naviculas
859 1987 1184 2150 quinquaginta
1238 1991 1548 2156 scloppetarios
1596 2036 1651 2098 ex

182 2139 410 2274 Augustae
441 2129 657 2274 praesidio
694 2130 774 2265 (id
810 2169 931 2230 emm
961 2170 1061 2232 11111
1096 2126 1188 2233 fote
1214 2131 1515 2272 videbatur)
1503 2176 1651 2279 tmpo-

181 2314 292 2379 nunt
308 2275 431 2417 ,ipsi
466 2316 571 2378 cum
605 2314 745 2416 parvo
782 2274 1001 2375 comitatu
1037 2277 1141 2376 duas
1181 2280 1563 2401 conscenderunt,
1598 2324 1651 2384 ac

181 2422 469 2561 praecedente
500 2418 721 2560 praesidio
746 2460 831 2522 sese
866 2418 915 2520 in
943 2418 1064 2522 viam
1089 2420 1283 2520 dedunt
1323 2424 1405 2522 Sed
1442 2464 1651 2564 passuum

180 2563 393 2666 millia
355 2564 529 2664 crrciter
565 2563 823 2705 quindecim
859 2604 883 2663 e
918 2564 1094 2725 regione
1139 2563 1336 2681 castelli,
1372 2606 1446 2668 cur
1482 2580 1649 2710 Frego

180 2748 249 2809 sus
284 2708 408 2813 idem
448 2704 763 2848 imperitabat,
806 2744 1198 2851 progress13cum
1249 2706 1386 2809 timor
1439 2746 1483 2809 et
1534 2751 1650 2811 con

180 2852 363 2953 scientia
397 2887 552 2953 cuncta
586 2851 815 2956 Rinconio
853 2886 1049 2991 suspecta
1083 2848 1359 2971 facerent,
1348 2853 1651 2994 tngeniosum,

180 3033 232 3095 ut
269 2995 350 3097 sibi
385 2997 651 3115 videbatur,
686 2994 960 3114 consilium,
997 2995 1071 3094 sed
1122 3031 1304 3095 revera
1352 2996 1649 3136 perniciosum

181 3138 420 3260 inierunt,
452 3173 503 3240 ut
538 3139 778 3279 praemissis
815 3072 1111 3239 militibus
1067 3176 1189 3238 vram
1226 3136 1580 3278 explorarent‚i
1564 3142 1652 3282 ipsi

180 3282 356 3386 interim
392 3286 450 3385 ad
485 3283 755 3386 castellum
743 3322 790 3383 111
826 3282 999 3383 occulto
1049 3280 1261 3402 laterent,
1295 3321 1387 3384 non
1440 3282 1651 3385 dubitan

181 3459 277 3546 tes,
316 3427 435 3569 siqui
469 3428 835 3528 Caesarianorum
871 3426 920 3528 in
954 3424 1125 3530 insidiis
1162 3427 1278 3526 ad
1265 3463 1385 3567 rpsos
1429 3426 1649 3567 excipien-

182 3571 263 3671 dos
299 3571 625 3701 subsedissent,
661 3571 773 3714 quin
809 3608 948 3671 essent
991 3607 1271 3733 antegressos
1315 3569 1476 3671 milites
1518 3569 1651 3671 simul

179 3756 224 3816 se
259 3716 451 3819 convehi
488 3716 775 3817 existimantes
811 3712 1032 3815 invasuri.
1094 3715 1189 3831 Qui
1226 3711 1383 3813 milites
1438 3752 1543 3813 cum
1592 3754 1647 3815 10

179 3854 324 3959 biduo
360 3859 531 3964 duobus
581 3858 982 3965 commeatibus
951 3896 1044 3957 stne
1102 3854 1348 3957 offensione
1388 3857 1652 3959 Placentiam

180 4003 510 4142 pervenissent,
548 4041 678 4146 atque
714 4004 818 4105 inde
876 4038 971 4103 tran
1008 3999 1111 4101 uilla
1160 4000 1314 4101 omnia
1351 4037 1395 4102 et
1431 4036 1526 4101 tuta
1575 4038 1651 4138 per

180 4145 344 4249 litteras
381 4185 425 4251 et
459 4149 652 4252 volantes
688 4144 932 4255 tabellarios
974 4041 1162 4248 luissent
1214 4144 1506 4263 renuntiata,
1537 4140 1650 4253 nibil

182 4297 273 4451 jam
312 4289 472 4395 hostile
506 4332 784 4413 metuentes,
812 4292 978 4394 eisdem
1012 4288 1182 4392 duabus
1216 4287 1430 4391 naviculis
1464 4287 1653 4430 naviga-

183 4435 355 4537 tionem
390 4476 615 4579 repetunt.

255 4587 314 4680 V.
389 4583 517 4684 Vasti
552 4580 794 4701 Marchio,
829 4576 896 4681 bis
934 4575 1059 4682 rebus
1095 4571 1329 4720 cognitis,
1365 4615 1479 4719 quae
1515 4573 1651 4677 inter·-

184 4720 323 4859 posita
377 4764 501 4830 mota
552 4766 630 4870 per
680 4658 973 4867 explbtatores
1027 4758 1103 4824 aut
1155 4720 1350 4824 indicem
1404 4720 1656 4959 enuntiptae

1577 4900 1656 4959 ue
