4102 5864
364 391 458 486 354.
762 389 850 470 DE
886 385 1094 467 REBUS
1133 383 1387 469 GESTIS

323 584 424 664 tur,
460 541 712 681 Philippus,
745 573 795 639 ut
829 577 982 640 omnes
1017 536 1360 679 intelligerent
1346 571 1502 639 instate
1538 535 1804 704 profectio«.

326 702 429 794 ner'n
462 764 490 805 ,
504 683 777 825 praetoriam
813 681 1188 823 quinqueremem
1216 681 1517 803 conscendit,
1552 684 1601 784 in
1642 723 1792 825 quarn

328 833 522 962 ejusdem
568 823 776 967 Philippi
802 824 1031 925 voluntate
1071 825 1230 964 recepti
1271 859 1371 923 sunt
1413 759 1517 924 Duri
1552 808 1791 946 Albanus,

330 972 579 1077 Ludovicus
617 970 775 1089 Avila,
795 1005 839 1071 et
872 965 1106 1107 Zugniga,
1129 966 1349 1067 Antonius
1384 966 1595 1088 Tolerus,
1630 975 1792 1069 Anto·

330 1116 427 1228 nius
461 1125 604 1215 Roxas
622 1188 636 1230 ,
652 1112 914 1213 Rodeticus
929 1109 1171 1209 Gomezius
1195 1108 1340 1225 Silva,
1375 1106 1625 1210 Ludovicus
1652 1118 1794 1212 Men-

332 1260 412 1366 dez
448 1256 586 1354 Parius
630 1294 681 1352 ex
723 1250 890 1359 intimis
931 1244 1260 1370 familiaribus,
1298 1251 1537 1352 Gomezius
1572 1250 1793 1394 Figueroa

333 1397 528 1504 cohortis
555 1396 804 1558 praetoriae
841 1385 1113 1535 praefectus,
1158 1393 1378 1514 Gonzalus
1413 1392 1673 1495 Peteziusa
1646 1435 1796 1494 a-se

334 1537 592 1645 ctetioribus
634 1536 828 1699 epistolis
856 1572 907 1638 et
950 1532 1103 1635 libellis
1139 1509 1323 1656 scriba,
1358 1573 1402 1637 et
1445 1541 1640 1672 Joannes
1676 1546 1796 1637 Mo·

335 1724 459 1813 renus
496 1682 687 1784 medicus
722 1678 992 1820 primarius,
1022 1712 1065 1776 et
1097 1677 1175 1778 alii
1211 1678 1575 1841 quotidianorum
1624 1719 1798 1779 usuum

336 1824 623 1939 administris
642 1825 908 1961 eodemque
944 1820 1082 1919 modo
1119 1858 1310 1959 proceres
1351 1820 1400 1923 in
1435 1820 1520 1922 sibi
1559 1820 1798 1921 attributas

339 2007 468 2069 naves
502 1967 772 2127 propinquos
809 2000 853 2063 et
886 1961 1050 2062 amicos
1076 1959 1370 2102 recipiebant.
1406 1962 1620 2064 Postridie
1659 2001 1799 2062 mane

339 2111 547 2213 Andreas
568 2109 747 2227 Doria,
771 2104 958 2207 sublatis
993 2105 1155 2246 Regiae
1191 2105 1521 2267 quinqueremis
1555 2103 1801 2225 anchoris,

341 2256 530 2391 datoque
552 2184 916 2393 profectionis
886 2285 1054 2389 srgn0,
1092 2247 1318 2368 discedit,
1350 2249 1497 2350 ceteris
1521 2248 1676 2411 longis
1716 2286 1802 2347 na·

342 2394 470 2496 vibus
506 2395 642 2534 longo
678 2393 848 2494 ordine
865 2388 1173 2548 sequentibus.
1211 2325 1334 2491 Natis
1367 2391 1587 2492 sectoriae
1613 2427 1659 2492 et
1688 2430 1804 2493 one

344 2535 480 2637 rariae
523 2571 608 2635 tres
648 2534 834 2675 amplius
879 2543 955 2632 aut
995 2567 1183 2672 quatuor
1189 2533 1357 2652 dies,
1393 2570 1443 2634 ut
1483 2573 1527 2632 se
1562 2533 1610 2631 in
1657 2533 1806 2634 altum

345 2684 534 2798 darent,
562 2676 913 2779 commodiorem
924 2705 1251 2836 tempestatem
1288 2708 1611 2814 exspectarunt.

358 2829 541 2922 .XIIl.
599 2818 884 2980 Philippus
875 2814 1052 2978 rgitqr,
1101 2819 1382 2958 Andreasqut
1436 2819 1582 2919 littora
1617 2814 1808 2957 legens,

347 2999 453 3062 nam
494 2963 744 3100 tempestati
780 2960 1013 3060 nonsatis
1051 2957 1287 3080 fidebant,
1322 2961 1451 3061 tertio
1495 2960 1566 3060 die
1614 2993 1812 3097 portum

348 3103 530 3209 Veneris
566 3103 769 3203 intravit.
810 3102 901 3201 Hic
938 3101 1151 3242 paulisper
1187 3137 1354 3203 morata
1388 3103 1554 3221 classis,
1581 3138 1689 3199 cum
1728 3100 1810 3200 tri

349 3244 471 3386 ginta
517 3243 682 3344 circiter
731 3280 933 3404 passuum
982 3242 1221 3344 millibus
1209 3283 1259 3344 ιιι
1307 3246 1444 3344 altum
1497 3242 1809 3403 processisset,

351 3422 485 3489 vento
515 3421 724 3506 mu,tato
758 3386 806 3486 in
841 3386 1042 3485 eumdem
1078 3387 1260 3488 Veneris
1295 3424 1475 3549 portum
1512 3425 1601 3486 sese
1635 3422 1812 3525 recipe-

351 3568 397 3630 re
432 3567 583 3629 coacta
619 3565 709 3632 est.
750 3536 891 3661 Cujus
927 3566 1085 3636 motae
1109 3530 1346 3690 occasione
1378 3528 1582 3631 invitatus
1627 3525 1815 3667 Philip·

326 3694 443 3810 pus
489 3672 797 3809 Petpinianum
862 3669 1081 3811 oppidum
1136 3670 1477 3771 munitissimum
1513 3748 1528 3790 ,
1583 3703 1628 3767 et
1682 3668 1815 3769 bellis
1964 3717 1967 3751 s

353 3812 526 3912 Gallicis
560 3813 873 3931 nobilitarunt,
905 3815 1027 3953 quod
1063 3814 1160 3913 ιιοιι
1189 3813 1341 3954 procul
1377 3813 1479 3915 inde
1513 3810 1672 3929 abest,
1699 3849 1815 3951 pro·

354 3955 507 4074 cessit,
544 3953 829 4094 libenterque
848 3954 1166 4058 consideravit.
1205 3954 1416 4056 Postridie
1452 3993 1529 4095 per
1563 3953 1727 4052 Elnam
1755 3955 1815 4053 ad

354 4136 502 4197 naves
520 4097 739 4219 revertit,
771 4100 902 4237 quod
946 4096 1166 4258 oppidum
1194 4137 1300 4198 cum
1344 4135 1516 4238 magna
1548 4093 1816 4234 oppidano-

353 4279 451 4340 ιιιιιι
486 4173 770 4382 gratulatiorie
807 4241 914 4339 dum
949 4239 1221 4400 praeteriret,
1243 4281 1334 4342 non
1369 4181 1592 4340 mediocre
1629 4239 1817 4375 pericu
1949 4234 1950 4237 Ὺ

356 4380 463 4480 lum
482 4384 587 4484 adit
606 4385 736 4484 latete
772 4383 947 4501 coctili,
980 4422 1068 4483 srve
1104 4423 1203 4482 casu
1238 4383 1327 4483 sive
1362 4416 1694 4482 totmentorum
1711 4419 1823 4481 con·
1951 4445 1952 4449 κ

357 4561 479 4623 cussu
516 4535 569 4624 est
603 4527 688 4625 alta
723 4527 828 4625 turri
864 4526 1127 4648 decedente,
1148 4564 1240 4665 quo
1274 4522 1625 4668 pedissequus
1590 4561 1629 4620 er
1666 4521 1822 4662 proxi

354 4701 455 4766 mus
478 4703 704 4807 percussus
739 4663 853 4769 fuit.
920 4754 934 4760 ..
979 4755 1001 4761 ..

1635 4742 1641 4751 ’
1684 4728 1817 4908 xtu.
