<?xml version="1.0" encoding="UTF-8"?>
<!DOCTYPE html PUBLIC "-//W3C//DTD XHTML 1.0 Transitional//EN"
    "http://www.w3.org/TR/xhtml1/DTD/xhtml1-transitional.dtd">
<html xmlns="http://www.w3.org/1999/xhtml" xml:lang="en" lang="en">
 <head>
  <title>
</title>
<meta http-equiv="Content-Type" content="text/html;charset=utf-8" />
  <meta name='ocr-system' content='tesseract 3.04.00' />
  <meta name='ocr-capabilities' content='ocr_page ocr_carea ocr_par ocr_line ocrx_word'/>
</head>
<body>
  <div class='ocr_page' id='page_1' title='image "./joannisgenesiis00sepgoog_0066.png"; bbox 0 0 4110 5888; ppageno 0'>
   <div class='ocr_carea' id='block_1_1' title="bbox 451 348 1994 4925">
    <p class='ocr_par' dir='ltr' id='par_1_1' title="bbox 464 348 1947 682">
     <span class='ocr_line' id='line_1_1' title="bbox 489 348 1452 426; baseline -0.005 -2"><span class='ocrx_word' id='word_1_1' title='bbox 489 356 585 426; x_wconf 85' lang='lat' dir='ltr'>LVI.</span> <span class='ocrx_word' id='word_1_2' title='bbox 881 348 1452 424; x_wconf 86' lang='lat' dir='ltr'>·SUMMARIUM.</span> 
     </span>
     <span class='ocr_line' id='line_1_2' title="bbox 466 473 1947 595; baseline 0.002 -32"><span class='ocrx_word' id='word_1_3' title='bbox 466 504 585 564; x_wconf 90' lang='lat' dir='ltr'>castra</span> <span class='ocrx_word' id='word_1_4' title='bbox 614 479 763 581; x_wconf 77' lang='lat' dir='ltr'>mimir,</span> <span class='ocrx_word' id='word_1_5' title='bbox 791 473 899 591; x_wconf 92' lang='lat' dir='ltr'>quod</span> <span class='ocrx_word' id='word_1_6' title='bbox 927 474 1055 559; x_wconf 91' lang='lat' dir='ltr'>itidem</span> <span class='ocrx_word' id='word_1_7' title='bbox 1080 477 1173 559; x_wconf 89' lang='lat' dir='ltr'>Cae·</span> <span class='ocrx_word' id='word_1_8' title='bbox 1236 473 1281 556; x_wconf 89' lang='lat' dir='ltr'>tis</span> <span class='ocrx_word' id='word_1_9' title='bbox 1321 474 1622 582; x_wconf 84' lang='lat' dir='ltr'>concutiuntur,</span> <span class='ocrx_word' id='word_1_10' title='bbox 1652 475 1754 563; x_wconf 86' lang='lat' dir='ltr'>irrito</span> <span class='ocrx_word' id='word_1_11' title='bbox 1791 478 1947 595; x_wconf 90' lang='lat' dir='ltr'>quidem</span> 
     </span>
     <span class='ocr_line' id='line_1_3' title="bbox 464 596 1400 682; baseline -0.006 0"><span class='ocrx_word' id='word_1_12' title='bbox 464 598 594 682; x_wconf 77' lang='lat' dir='ltr'>seriani</span> <span class='ocrx_word' id='word_1_13' title='bbox 620 596 780 682; x_wconf 88' lang='lat' dir='ltr'>faciunt.</span> <span class='ocrx_word' id='word_1_14' title='bbox 858 629 863 631; x_wconf 85' lang='lat'>·</span> <span class='ocrx_word' id='word_1_15' title='bbox 1228 618 1400 682; x_wconf 78' lang='lat' dir='ltr'>conatu.</span> 
     </span>
    </p>

    <p class='ocr_par' dir='ltr' id='par_1_2' title="bbox 457 711 1947 1539">
     <span class='ocr_line' id='line_1_4' title="bbox 522 711 1947 828; baseline 0.003 -30"><span class='ocrx_word' id='word_1_16' title='bbox 522 719 643 800; x_wconf 87' lang='lat' dir='ltr'>XVII</span> <span class='ocrx_word' id='word_1_17' title='bbox 703 720 843 799; x_wconf 87' lang='lat' dir='ltr'>Rerum</span> <span class='ocrx_word' id='word_1_18' title='bbox 886 711 1169 797; x_wconf 90' lang='lat' dir='ltr'>necessariarum</span> <span class='ocrx_word' id='word_1_19' title='bbox 1288 713 1409 797; x_wconf 92' lang='lat' dir='ltr'>XXII.</span> <span class='ocrx_word' id='word_1_20' title='bbox 1469 717 1540 796; x_wconf 92' lang='lat' dir='ltr'>Per</span> <span class='ocrx_word' id='word_1_21' title='bbox 1580 713 1619 797; x_wconf 93' lang='lat' dir='ltr'>id</span> <span class='ocrx_word' id='word_1_22' title='bbox 1655 735 1801 828; x_wconf 92' lang='lat' dir='ltr'>tempus</span> <span class='ocrx_word' id='word_1_23' title='bbox 1853 715 1947 802; x_wconf 88' lang='lat' dir='ltr'>mili·</span> 
     </span>
     <span class='ocr_line' id='line_1_5' title="bbox 461 828 1942 948; baseline -0.001 -28"><span class='ocrx_word' id='word_1_24' title='bbox 461 834 612 948; x_wconf 81' lang='lat' dir='ltr'>inopiae</span> <span class='ocrx_word' id='word_1_25' title='bbox 656 834 796 917; x_wconf 85' lang='lat' dir='ltr'>mederi</span> <span class='ocrx_word' id='word_1_26' title='bbox 834 831 986 943; x_wconf 90' lang='lat' dir='ltr'>cupiens</span> <span class='ocrx_word' id='word_1_27' title='bbox 1020 835 1171 914; x_wconf 88' lang='lat' dir='ltr'>Strozus</span> <span class='ocrx_word' id='word_1_28' title='bbox 1227 853 1309 913; x_wconf 93' lang='lat' dir='ltr'>tum</span> <span class='ocrx_word' id='word_1_29' title='bbox 1358 828 1659 944; x_wconf 92' lang='lat' dir='ltr'>supplementum</span> <span class='ocrx_word' id='word_1_30' title='bbox 1701 860 1747 917; x_wconf 89' lang='lat' dir='ltr'>ex</span> <span class='ocrx_word' id='word_1_31' title='bbox 1786 838 1942 920; x_wconf 86' lang='lat' dir='ltr'>Germa</span> 
     </span>
     <span class='ocr_line' id='line_1_6' title="bbox 461 947 1947 1082; baseline 0.001 -46"><span class='ocrx_word' id='word_1_32' title='bbox 461 976 579 1037; x_wconf 85' lang='lat' dir='ltr'>castra</span> <span class='ocrx_word' id='word_1_33' title='bbox 607 976 758 1036; x_wconf 88' lang='lat' dir='ltr'>movet.</span> <span class='ocrx_word' id='word_1_34' title='bbox 812 948 986 1031; x_wconf 90' lang='lat' dir='ltr'>Marchio</span> <span class='ocrx_word' id='word_1_35' title='bbox 1026 949 1169 1082; x_wconf 83' lang='lat' dir='ltr'>equites</span> <span class='ocrx_word' id='word_1_36' title='bbox 1225 947 1286 1030; x_wconf 88' lang='lat' dir='ltr'>nia</span> <span class='ocrx_word' id='word_1_37' title='bbox 1322 948 1533 1081; x_wconf 84' lang='lat' dir='ltr'>‚Neapoli</span> <span class='ocrx_word' id='word_1_38' title='bbox 1573 973 1612 1033; x_wconf 94' lang='lat' dir='ltr'>et</span> <span class='ocrx_word' id='word_1_39' title='bbox 1640 947 1859 1034; x_wconf 86' lang='lat' dir='ltr'>Corsicam</span> <span class='ocrx_word' id='word_1_40' title='bbox 1886 982 1947 1038; x_wconf 90' lang='lat' dir='ltr'>ca·</span> 
     </span>
     <span class='ocr_line' id='line_1_7' title="bbox 462 1065 1944 1186; baseline -0.003 -29"><span class='ocrx_word' id='word_1_41' title='bbox 462 1101 550 1157; x_wconf 93' lang='lat' dir='ltr'>suos</span> <span class='ocrx_word' id='word_1_42' title='bbox 579 1071 618 1152; x_wconf 92' lang='lat' dir='ltr'>in</span> <span class='ocrx_word' id='word_1_43' title='bbox 649 1066 820 1151; x_wconf 84' lang='lat' dir='ltr'><strong>hostilem</strong></span> <span class='ocrx_word' id='word_1_44' title='bbox 864 1066 1073 1179; x_wconf 84' lang='lat' dir='ltr'>equitatum</span> <span class='ocrx_word' id='word_1_45' title='bbox 1104 1066 1170 1148; x_wconf 92' lang='lat' dir='ltr'>im·</span> <span class='ocrx_word' id='word_1_46' title='bbox 1228 1088 1307 1149; x_wconf 91' lang='lat' dir='ltr'>stra</span> <span class='ocrx_word' id='word_1_47' title='bbox 1338 1065 1528 1180; x_wconf 90' lang='lat' dir='ltr'>pervenit.</span> <span class='ocrx_word' id='word_1_48' title='bbox 1570 1065 1729 1151; x_wconf 86' lang='lat' dir='ltr'><strong>Carolus</strong></span> <span class='ocrx_word' id='word_1_49' title='bbox 1753 1073 1944 1186; x_wconf 85' lang='lat' dir='ltr'>Gonzaga</span> 
     </span>
     <span class='ocr_line' id='line_1_8' title="bbox 458 1182 1945 1316; baseline 0.001 -43"><span class='ocrx_word' id='word_1_50' title='bbox 458 1215 589 1304; x_wconf 93' lang='lat' dir='ltr'>petum</span> <span class='ocrx_word' id='word_1_51' title='bbox 614 1183 733 1271; x_wconf 83' lang='lat' dir='ltr'>Iacere</span> <span class='ocrx_word' id='word_1_52' title='bbox 766 1183 968 1316; x_wconf 81' lang='lat' dir='ltr'>praecipit,</span> <span class='ocrx_word' id='word_1_53' title='bbox 987 1182 1062 1294; x_wconf 89' lang='lat' dir='ltr'>ipse</span> <span class='ocrx_word' id='word_1_54' title='bbox 1082 1213 1170 1267; x_wconf 91' lang='lat' dir='ltr'>cum</span> <span class='ocrx_word' id='word_1_55' title='bbox 1227 1208 1448 1299; x_wconf 77' lang='lat' dir='ltr'>aegrotante</span> <span class='ocrx_word' id='word_1_56' title='bbox 1498 1183 1723 1269; x_wconf 92' lang='lat' dir='ltr'>Marchione</span> <span class='ocrx_word' id='word_1_57' title='bbox 1762 1187 1945 1274; x_wconf 89' lang='lat' dir='ltr'>maritima</span> 
     </span>
     <span class='ocr_line' id='line_1_9' title="bbox 457 1299 1939 1439; baseline 0.001 -50"><span class='ocrx_word' id='word_1_58' title='bbox 457 1306 627 1439; x_wconf 81' lang='lat' dir='ltr'>peditatu</span> <span class='ocrx_word' id='word_1_59' title='bbox 656 1301 909 1417; x_wconf 90' lang='lat' dir='ltr'>subsequitur.</span> <span class='ocrx_word' id='word_1_60' title='bbox 947 1299 1163 1387; x_wconf 87' lang='lat' dir='ltr'>Hostilise</span> <span class='ocrx_word' id='word_1_61' title='bbox 1225 1304 1391 1388; x_wconf 86' lang='lat' dir='ltr'>Senensis</span> <span class='ocrx_word' id='word_1_62' title='bbox 1436 1301 1583 1388; x_wconf 91' lang='lat' dir='ltr'>ditionis</span> <span class='ocrx_word' id='word_1_63' title='bbox 1634 1302 1780 1397; x_wconf 85' lang='lat' dir='ltr'>castella</span> <span class='ocrx_word' id='word_1_64' title='bbox 1824 1334 1939 1419; x_wconf 88' lang='lat' dir='ltr'>expu-</span> 
     </span>
     <span class='ocr_line' id='line_1_10' title="bbox 457 1418 1945 1539; baseline 0.001 -31.004"><span class='ocrx_word' id='word_1_65' title='bbox 457 1423 626 1539; x_wconf 88' lang='lat' dir='ltr'>quitatus</span> <span class='ocrx_word' id='word_1_66' title='bbox 659 1419 768 1538; x_wconf 86' lang='lat' dir='ltr'>fuga.</span> <span class='ocrx_word' id='word_1_67' title='bbox 1221 1445 1344 1534; x_wconf 88' lang='lat' dir='ltr'>gnat,</span> <span class='ocrx_word' id='word_1_68' title='bbox 1376 1419 1436 1508; x_wconf 90' lang='lat' dir='ltr'>vel</span> <span class='ocrx_word' id='word_1_69' title='bbox 1466 1419 1516 1504; x_wconf 89' lang='lat' dir='ltr'>ad</span> <span class='ocrx_word' id='word_1_70' title='bbox 1567 1418 1801 1505; x_wconf 92' lang='lat' dir='ltr'>deditionem</span> <span class='ocrx_word' id='word_1_71' title='bbox 1836 1450 1945 1510; x_wconf 92' lang='lat' dir='ltr'>com</span> 
     </span>
    </p>

    <p class='ocr_par' dir='ltr' id='par_1_3' title="bbox 456 1537 1994 2007">
     <span class='ocr_line' id='line_1_11' title="bbox 521 1537 1939 1674; baseline 0.002 -50"><span class='ocrx_word' id='word_1_72' title='bbox 521 1543 661 1626; x_wconf 83' lang='lat' dir='ltr'>XVIII</span> <span class='ocrx_word' id='word_1_73' title='bbox 719 1544 871 1625; x_wconf 87' lang='lat' dir='ltr'>Strozus</span> <span class='ocrx_word' id='word_1_74' title='bbox 902 1566 1030 1625; x_wconf 89' lang='lat' dir='ltr'>tamen</span> <span class='ocrx_word' id='word_1_75' title='bbox 1053 1540 1167 1625; x_wconf 87' lang='lat' dir='ltr'>aciem</span> <span class='ocrx_word' id='word_1_76' title='bbox 1222 1537 1342 1649; x_wconf 86' lang='lat' dir='ltr'>pellit.</span> <span class='ocrx_word' id='word_1_77' title='bbox 1387 1543 1564 1622; x_wconf 88' lang='lat' dir='ltr'>Senenses</span> <span class='ocrx_word' id='word_1_78' title='bbox 1600 1538 1710 1622; x_wconf 88' lang='lat' dir='ltr'>rebus</span> <span class='ocrx_word' id='word_1_79' title='bbox 1739 1538 1939 1674; x_wconf 82' lang='lat' dir='ltr'>desperatis</span> 
     </span>
     <span class='ocr_line' id='line_1_12' title="bbox 456 1655 1994 1773; baseline 0.001 -29"><span class='ocrx_word' id='word_1_80' title='bbox 456 1660 674 1745; x_wconf 83' lang='lat' dir='ltr'>instructam</span> <span class='ocrx_word' id='word_1_81' title='bbox 719 1658 760 1741; x_wconf 94' lang='lat' dir='ltr'>in</span> <span class='ocrx_word' id='word_1_82' title='bbox 791 1659 1032 1743; x_wconf 88' lang='lat' dir='ltr'>Caesarianos</span> <span class='ocrx_word' id='word_1_83' title='bbox 1076 1687 1168 1743; x_wconf 90' lang='lat' dir='ltr'>con·</span> <span class='ocrx_word' id='word_1_84' title='bbox 1221 1683 1353 1769; x_wconf 83' lang='lat' dir='ltr'>pacem</span> <span class='ocrx_word' id='word_1_85' title='bbox 1383 1655 1538 1742; x_wconf 91' lang='lat' dir='ltr'>tandem</span> <span class='ocrx_word' id='word_1_86' title='bbox 1578 1678 1740 1768; x_wconf 89' lang='lat' dir='ltr'>petunt,</span> <span class='ocrx_word' id='word_1_87' title='bbox 1763 1682 1802 1742; x_wconf 91' lang='lat' dir='ltr'>et</span> <span class='ocrx_word' id='word_1_88' title='bbox 1829 1658 1942 1773; x_wconf 92' lang='lat' dir='ltr'>impe</span> <span class='ocrx_word' id='word_1_89' title='bbox 1992 1680 1994 1685; x_wconf 72' lang='lat'><strong><em>‘</em></strong></span> 
     </span>
     <span class='ocr_line' id='line_1_13' title="bbox 456 1772 1942 1907; baseline -0.002 -43"><span class='ocrx_word' id='word_1_90' title='bbox 456 1778 587 1883; x_wconf 87' lang='lat' dir='ltr'>vertit,</span> <span class='ocrx_word' id='word_1_91' title='bbox 609 1776 788 1907; x_wconf 88' lang='lat' dir='ltr'>brevique</span> <span class='ocrx_word' id='word_1_92' title='bbox 815 1777 985 1861; x_wconf 89' lang='lat' dir='ltr'>oratione</span> <span class='ocrx_word' id='word_1_93' title='bbox 1002 1807 1089 1862; x_wconf 86' lang='lat' dir='ltr'>suos</span> <span class='ocrx_word' id='word_1_94' title='bbox 1103 1805 1164 1862; x_wconf 83' lang='lat' dir='ltr'>co</span> <span class='ocrx_word' id='word_1_95' title='bbox 1220 1798 1358 1880; x_wconf 91' lang='lat' dir='ltr'>trant,</span> <span class='ocrx_word' id='word_1_96' title='bbox 1393 1775 1588 1906; x_wconf 77' lang='lat' dir='ltr'>ejectoque</span> <span class='ocrx_word' id='word_1_97' title='bbox 1640 1772 1788 1858; x_wconf 89' lang='lat' dir='ltr'>Gallico</span> <span class='ocrx_word' id='word_1_98' title='bbox 1836 1806 1942 1891; x_wconf 89' lang='lat' dir='ltr'>prae·</span> 
     </span>
     <span class='ocr_line' id='line_1_14' title="bbox 456 1887 1937 2027; baseline 0.001 -49"><span class='ocrx_word' id='word_1_99' title='bbox 456 1894 649 1980; x_wconf 87' lang='lat' dir='ltr'>hortatur.</span> <span class='ocrx_word' id='word_1_100' title='bbox 680 1894 770 2027; x_wconf 80' lang='lat' dir='ltr'>Ejus</span> <span class='ocrx_word' id='word_1_101' title='bbox 794 1894 972 1978; x_wconf 87' lang='lat' dir='ltr'>orationis</span> <span class='ocrx_word' id='word_1_102' title='bbox 999 1894 1136 1979; x_wconf 87' lang='lat' dir='ltr'>exitus.</span> <span class='ocrx_word' id='word_1_103' title='bbox 1221 1891 1360 2000; x_wconf 90' lang='lat' dir='ltr'>sidio,</span> <span class='ocrx_word' id='word_1_104' title='bbox 1403 1887 1643 1979; x_wconf 84' lang='lat' dir='ltr'>Caesarianos</span> <span class='ocrx_word' id='word_1_105' title='bbox 1700 1890 1794 1976; x_wconf 89' lang='lat' dir='ltr'>urbe</span> <span class='ocrx_word' id='word_1_106' title='bbox 1847 1895 1937 1980; x_wconf 84' lang='lat' dir='ltr'>roci-</span> 
     </span>
    </p>

    <p class='ocr_par' dir='ltr' id='par_1_4' title="bbox 451 2009 1935 2832">
     <span class='ocr_line' id='line_1_15' title="bbox 526 2009 1357 2127; baseline -0.004 -28"><span class='ocrx_word' id='word_1_107' title='bbox 526 2016 632 2099; x_wconf 90' lang='lat' dir='ltr'>XIX.</span> <span class='ocrx_word' id='word_1_108' title='bbox 713 2011 969 2127; x_wconf 86' lang='lat' dir='ltr'>Hispanorum</span> <span class='ocrx_word' id='word_1_109' title='bbox 997 2012 1164 2097; x_wconf 90' lang='lat' dir='ltr'>victoria.</span> <span class='ocrx_word' id='word_1_110' title='bbox 1224 2009 1357 2123; x_wconf 83' lang='grc' dir='ltr'>ρΙιιιιι</span> 
     </span>
     <span class='ocr_line' id='line_1_16' title="bbox 455 2127 1932 2244; baseline 0.001 -29"><span class='ocrx_word' id='word_1_111' title='bbox 455 2130 553 2215; x_wconf 88' lang='lat' dir='ltr'>Petri</span> <span class='ocrx_word' id='word_1_112' title='bbox 590 2128 710 2215; x_wconf 86' lang='lat' dir='ltr'>Strozi</span> <span class='ocrx_word' id='word_1_113' title='bbox 757 2132 889 2216; x_wconf 89' lang='lat' dir='ltr'>amisso</span> <span class='ocrx_word' id='word_1_114' title='bbox 935 2129 1165 2234; x_wconf 86' lang='lat' dir='ltr'>exercituin</span> <span class='ocrx_word' id='word_1_115' title='bbox 1280 2131 1417 2215; x_wconf 93' lang='lat' dir='ltr'>XXIII.</span> <span class='ocrx_word' id='word_1_116' title='bbox 1482 2127 1651 2214; x_wconf 87' lang='lat' dir='ltr'>Herculis</span> <span class='ocrx_word' id='word_1_117' title='bbox 1695 2151 1825 2244; x_wconf 91' lang='lat' dir='ltr'>portus</span> <span class='ocrx_word' id='word_1_118' title='bbox 1872 2160 1932 2218; x_wconf 87' lang='lat' dir='ltr'>ex·</span> 
     </span>
     <span class='ocr_line' id='line_1_17' title="bbox 453 2247 1942 2364; baseline 0.001 -30"><span class='ocrx_word' id='word_1_119' title='bbox 453 2248 637 2362; x_wconf 90' lang='lat' dir='ltr'>oppidum</span> <span class='ocrx_word' id='word_1_120' title='bbox 665 2248 943 2332; x_wconf 90' lang='lat' dir='ltr'>Montalcinum</span> <span class='ocrx_word' id='word_1_121' title='bbox 972 2273 1158 2362; x_wconf 91' lang='lat' dir='ltr'>receptus.</span> <span class='ocrx_word' id='word_1_122' title='bbox 1218 2248 1420 2364; x_wconf 87' lang='lat' dir='ltr'>pugnatio.</span> <span class='ocrx_word' id='word_1_123' title='bbox 1477 2252 1687 2331; x_wconf 87' lang='lat' dir='ltr'>Tutcarum</span> <span class='ocrx_word' id='word_1_124' title='bbox 1730 2247 1848 2334; x_wconf 87' lang='lat' dir='ltr'>classis</span> <span class='ocrx_word' id='word_1_125' title='bbox 1873 2250 1942 2335; x_wconf 75' lang='lat' dir='ltr'>ad.</span> 
     </span>
     <span class='ocr_line' id='line_1_18' title="bbox 455 2361 1756 2479; baseline -0.003 -28"><span class='ocrx_word' id='word_1_126' title='bbox 455 2364 682 2451; x_wconf 88' lang='lat' dir='ltr'>Marcltio</span> <span class='ocrx_word' id='word_1_127' title='bbox 672 2394 784 2447; x_wconf 90' lang='lat' dir='ltr'>mea</span> <span class='ocrx_word' id='word_1_128' title='bbox 826 2364 1073 2477; x_wconf 89' lang='lat' dir='ltr'>trepidatione</span> <span class='ocrx_word' id='word_1_129' title='bbox 1102 2370 1161 2447; x_wconf 88' lang='lat' dir='ltr'>Se·</span> <span class='ocrx_word' id='word_1_130' title='bbox 1220 2392 1356 2452; x_wconf 90' lang='lat' dir='ltr'>ventus</span> <span class='ocrx_word' id='word_1_131' title='bbox 1376 2393 1616 2477; x_wconf 89' lang='lat' dir='ltr'>,eorumque</span> <span class='ocrx_word' id='word_1_132' title='bbox 1645 2361 1756 2479; x_wconf 85' lang='lat' dir='ltr'>fuga.</span> 
     </span>
     <span class='ocr_line' id='line_1_19' title="bbox 453 2480 1937 2620; baseline 0.002 -53"><span class='ocrx_word' id='word_1_133' title='bbox 453 2512 521 2568; x_wconf 91' lang='lat' dir='ltr'>nas</span> <span class='ocrx_word' id='word_1_134' title='bbox 551 2508 816 2599; x_wconf 89' lang='lat' dir='ltr'>oppugnatum</span> <span class='ocrx_word' id='word_1_135' title='bbox 848 2480 1050 2620; x_wconf 86' lang='lat' dir='ltr'>procedere</span> <span class='ocrx_word' id='word_1_136' title='bbox 1098 2509 1163 2566; x_wconf 89' lang='lat' dir='ltr'>ne·</span> <span class='ocrx_word' id='word_1_137' title='bbox 1267 2485 1412 2567; x_wconf 90' lang='lat' dir='ltr'>XXIV.</span> <span class='ocrx_word' id='word_1_138' title='bbox 1459 2481 1722 2565; x_wconf 89' lang='lat' dir='ltr'>Venicurtus</span> <span class='ocrx_word' id='word_1_139' title='bbox 1714 2511 1812 2594; x_wconf 65' lang='lat' dir='ltr'>iussu</span> <span class='ocrx_word' id='word_1_140' title='bbox 1838 2486 1937 2571; x_wconf 88' lang='lat' dir='ltr'>Cae</span> 
     </span>
     <span class='ocr_line' id='line_1_20' title="bbox 453 2599 1935 2715; baseline 0 -29"><span class='ocrx_word' id='word_1_141' title='bbox 453 2602 560 2715; x_wconf 88' lang='lat' dir='ltr'>quit,</span> <span class='ocrx_word' id='word_1_142' title='bbox 576 2602 776 2707; x_wconf 82' lang='lat' dir='ltr'>militibus,</span> <span class='ocrx_word' id='word_1_143' title='bbox 791 2601 859 2684; x_wconf 85' lang='lat' dir='ltr'>nist</span> <span class='ocrx_word' id='word_1_144' title='bbox 848 2599 1063 2714; x_wconf 91' lang='lat' dir='ltr'>stipendio</span> <span class='ocrx_word' id='word_1_145' title='bbox 1082 2626 1165 2713; x_wconf 88' lang='lat' dir='ltr'>pet·</span> <span class='ocrx_word' id='word_1_146' title='bbox 1219 2599 1304 2683; x_wconf 84' lang='lat' dir='ltr'>saris</span> <span class='ocrx_word' id='word_1_147' title='bbox 1349 2604 1594 2685; x_wconf 79' lang='lat' dir='ltr'>Tarvanmm</span> <span class='ocrx_word' id='word_1_148' title='bbox 1638 2599 1749 2714; x_wconf 85' lang='lat' dir='ltr'>Regis</span> <span class='ocrx_word' id='word_1_149' title='bbox 1788 2601 1935 2687; x_wconf 88' lang='lat' dir='ltr'>Galliae</span> 
     </span>
     <span class='ocr_line' id='line_1_21' title="bbox 451 2662 1935 2832; baseline 0.001 -28"><span class='ocrx_word' id='word_1_150' title='bbox 451 2718 603 2824; x_wconf 83' lang='lat' dir='ltr'>soluto,</span> <span class='ocrx_word' id='word_1_151' title='bbox 637 2662 778 2804; x_wconf 84' lang='lat' dir='ltr'>belluni</span> <span class='ocrx_word' id='word_1_152' title='bbox 809 2717 1119 2804; x_wconf 84' lang='lat' dir='ltr'>detrectantibus.</span> <span class='ocrx_word' id='word_1_153' title='bbox 1218 2716 1365 2803; x_wconf 91' lang='lat' dir='ltr'>ditionis</span> <span class='ocrx_word' id='word_1_154' title='bbox 1399 2716 1583 2831; x_wconf 93' lang='lat' dir='ltr'>oppidum</span> <span class='ocrx_word' id='word_1_155' title='bbox 1599 2742 1815 2832; x_wconf 84' lang='lat' dir='ltr'>oppugnat.</span> <span class='ocrx_word' id='word_1_156' title='bbox 1841 2723 1935 2805; x_wconf 87' lang='lat' dir='ltr'>Cae</span> 
     </span>
    </p>

    <p class='ocr_par' dir='ltr' id='par_1_5' title="bbox 451 2833 1939 4131">
     <span class='ocr_line' id='line_1_22' title="bbox 498 2833 1933 2949; baseline -0.001 -26"><span class='ocrx_word' id='word_1_157' title='bbox 498 2839 589 2923; x_wconf 92' lang='lat' dir='ltr'>XX.</span> <span class='ocrx_word' id='word_1_158' title='bbox 637 2841 817 2921; x_wconf 86' lang='lat' dir='ltr'>Ceterum</span> <span class='ocrx_word' id='word_1_159' title='bbox 853 2836 983 2922; x_wconf 90' lang='lat' dir='ltr'>diebus</span> <span class='ocrx_word' id='word_1_160' title='bbox 1015 2833 1166 2949; x_wconf 84' lang='lat' dir='ltr'>aliquot</span> <span class='ocrx_word' id='word_1_161' title='bbox 1218 2834 1346 2918; x_wconf 85' lang='lat' dir='ltr'>sariani</span> <span class='ocrx_word' id='word_1_162' title='bbox 1378 2834 1507 2918; x_wconf 90' lang='lat' dir='ltr'>milites</span> <span class='ocrx_word' id='word_1_163' title='bbox 1534 2863 1600 2949; x_wconf 86' lang='lat' dir='ltr'>per</span> <span class='ocrx_word' id='word_1_164' title='bbox 1640 2835 1803 2920; x_wconf 89' lang='lat' dir='ltr'>dirutam</span> <span class='ocrx_word' id='word_1_165' title='bbox 1835 2836 1933 2923; x_wconf 88' lang='lat' dir='ltr'>muti</span> 
     </span>
     <span class='ocr_line' id='line_1_23' title="bbox 451 2947 1932 3066; baseline 0.002 -27"><span class='ocrx_word' id='word_1_166' title='bbox 451 2955 673 3065; x_wconf 84' lang='lat' dir='ltr'>interjectis,</span> <span class='ocrx_word' id='word_1_167' title='bbox 700 2953 875 3038; x_wconf 88' lang='lat' dir='ltr'>Marchio</span> <span class='ocrx_word' id='word_1_168' title='bbox 904 2985 991 3040; x_wconf 94' lang='lat' dir='ltr'>cum</span> <span class='ocrx_word' id='word_1_169' title='bbox 1004 2959 1165 3037; x_wconf 92' lang='lat' dir='ltr'>Germa·</span> <span class='ocrx_word' id='word_1_170' title='bbox 1219 2979 1367 3066; x_wconf 87' lang='lat' dir='ltr'>partem</span> <span class='ocrx_word' id='word_1_171' title='bbox 1397 2953 1600 3066; x_wconf 89' lang='lat' dir='ltr'>irrumpere</span> <span class='ocrx_word' id='word_1_172' title='bbox 1629 2947 1762 3038; x_wconf 87' lang='lat' dir='ltr'>frustra</span> <span class='ocrx_word' id='word_1_173' title='bbox 1793 2983 1932 3043; x_wconf 87' lang='lat' dir='ltr'>conan</span> 
     </span>
     <span class='ocr_line' id='line_1_24' title="bbox 452 3070 1308 3186; baseline 0.002 -30"><span class='ocrx_word' id='word_1_174' title='bbox 452 3072 509 3156; x_wconf 88' lang='lat' dir='ltr'>nis</span> <span class='ocrx_word' id='word_1_175' title='bbox 540 3071 615 3185; x_wconf 83' lang='lat' dir='ltr'>jam</span> <span class='ocrx_word' id='word_1_176' title='bbox 638 3097 794 3185; x_wconf 88' lang='lat' dir='ltr'>accepto</span> <span class='ocrx_word' id='word_1_177' title='bbox 824 3071 1007 3186; x_wconf 90' lang='lat' dir='ltr'>stipendio</span> <span class='ocrx_word' id='word_1_178' title='bbox 1035 3070 1165 3157; x_wconf 87' lang='lat' dir='ltr'>volen-</span> <span class='ocrx_word' id='word_1_179' title='bbox 1222 3094 1308 3158; x_wconf 90' lang='lat' dir='ltr'>tur.</span> 
     </span>
     <span class='ocr_line' id='line_1_25' title="bbox 452 3189 1936 3323; baseline 0.001 -49"><span class='ocrx_word' id='word_1_180' title='bbox 452 3189 552 3275; x_wconf 89' lang='lat' dir='ltr'>tibus</span> <span class='ocrx_word' id='word_1_181' title='bbox 600 3214 639 3275; x_wconf 92' lang='lat' dir='ltr'>et</span> <span class='ocrx_word' id='word_1_182' title='bbox 669 3189 842 3323; x_wconf 89' lang='lat' dir='ltr'>Hispanis</span> <span class='ocrx_word' id='word_1_183' title='bbox 890 3215 1048 3276; x_wconf 88' lang='lat' dir='ltr'>movens</span> <span class='ocrx_word' id='word_1_184' title='bbox 1105 3217 1164 3272; x_wconf 90' lang='lat' dir='ltr'>ca-</span> <span class='ocrx_word' id='word_1_185' title='bbox 1281 3192 1414 3276; x_wconf 94' lang='lat' dir='ltr'>XXV.</span> <span class='ocrx_word' id='word_1_186' title='bbox 1474 3189 1600 3275; x_wconf 88' lang='lat' dir='ltr'>Caroli</span> <span class='ocrx_word' id='word_1_187' title='bbox 1628 3218 1780 3276; x_wconf 91' lang='lat' dir='ltr'>moeror</span> <span class='ocrx_word' id='word_1_188' title='bbox 1803 3214 1842 3276; x_wconf 93' lang='lat' dir='ltr'>et</span> <span class='ocrx_word' id='word_1_189' title='bbox 1869 3208 1936 3307; x_wconf 82' lang='lat' dir='ltr'>op·</span> 
     </span>
     <span class='ocr_line' id='line_1_26' title="bbox 453 3305 1931 3442; baseline 0.003 -50"><span class='ocrx_word' id='word_1_190' title='bbox 453 3308 558 3395; x_wconf 87' lang='lat' dir='ltr'>stella</span> <span class='ocrx_word' id='word_1_191' title='bbox 593 3308 695 3392; x_wconf 89' lang='lat' dir='ltr'>Senis</span> <span class='ocrx_word' id='word_1_192' title='bbox 727 3306 968 3442; x_wconf 79' lang='lat' dir='ltr'>circumjecta</span> <span class='ocrx_word' id='word_1_193' title='bbox 1009 3305 1167 3392; x_wconf 79' lang='lat' dir='ltr'>deditio</span> <span class='ocrx_word' id='word_1_194' title='bbox 1224 3307 1301 3420; x_wconf 91' lang='lat' dir='ltr'>pidi</span> <span class='ocrx_word' id='word_1_195' title='bbox 1328 3309 1502 3423; x_wconf 90' lang='lat' dir='ltr'>potiundi</span> <span class='ocrx_word' id='word_1_196' title='bbox 1532 3309 1763 3421; x_wconf 86' lang='lat' dir='ltr'>desperatio.</span> <span class='ocrx_word' id='word_1_197' title='bbox 1805 3311 1931 3396; x_wconf 78' lang='lat' dir='ltr'>Ludo</span> 
     </span>
     <span class='ocr_line' id='line_1_27' title="bbox 453 3423 1939 3538; baseline 0.002 -28"><span class='ocrx_word' id='word_1_198' title='bbox 453 3454 544 3511; x_wconf 90' lang='lat' dir='ltr'>nem</span> <span class='ocrx_word' id='word_1_199' title='bbox 587 3425 780 3511; x_wconf 87' lang='lat' dir='ltr'>renuentia</span> <span class='ocrx_word' id='word_1_200' title='bbox 821 3424 860 3511; x_wconf 86' lang='lat' dir='ltr'>vi</span> <span class='ocrx_word' id='word_1_201' title='bbox 889 3423 1012 3538; x_wconf 81' lang='lat' dir='ltr'>capit,</span> <span class='ocrx_word' id='word_1_202' title='bbox 1052 3424 1168 3536; x_wconf 90' lang='lat' dir='ltr'>pube-</span> <span class='ocrx_word' id='word_1_203' title='bbox 1222 3425 1328 3510; x_wconf 89' lang='lat' dir='ltr'>vicus</span> <span class='ocrx_word' id='word_1_204' title='bbox 1361 3426 1536 3521; x_wconf 86' lang='lat' dir='ltr'>Quixada</span> <span class='ocrx_word' id='word_1_205' title='bbox 1563 3427 1613 3511; x_wconf 90' lang='lat' dir='ltr'>ab</span> <span class='ocrx_word' id='word_1_206' title='bbox 1642 3426 1817 3511; x_wconf 91' lang='lat' dir='ltr'>eodem</span> <span class='ocrx_word' id='word_1_207' title='bbox 1807 3457 1846 3510; x_wconf 84' lang='lat' dir='ltr'>tn</span> <span class='ocrx_word' id='word_1_208' title='bbox 1878 3457 1939 3513; x_wconf 90' lang='lat' dir='ltr'>ca</span> 
     </span>
     <span class='ocr_line' id='line_1_28' title="bbox 456 3543 1937 3659; baseline 0.003 -32"><span class='ocrx_word' id='word_1_209' title='bbox 456 3571 588 3658; x_wconf 90' lang='lat' dir='ltr'>resque</span> <span class='ocrx_word' id='word_1_210' title='bbox 621 3572 753 3629; x_wconf 92' lang='lat' dir='ltr'>omnes</span> <span class='ocrx_word' id='word_1_211' title='bbox 781 3543 929 3627; x_wconf 91' lang='lat' dir='ltr'>terroris</span> <span class='ocrx_word' id='word_1_212' title='bbox 955 3570 1066 3624; x_wconf 90' lang='lat' dir='ltr'>causa</span> <span class='ocrx_word' id='word_1_213' title='bbox 1093 3565 1164 3625; x_wconf 89' lang='lat' dir='ltr'>ttu·</span> <span class='ocrx_word' id='word_1_214' title='bbox 1218 3567 1292 3627; x_wconf 90' lang='lat' dir='ltr'>stra</span> <span class='ocrx_word' id='word_1_215' title='bbox 1334 3545 1479 3629; x_wconf 89' lang='lat' dir='ltr'>missus.</span> <span class='ocrx_word' id='word_1_216' title='bbox 1529 3543 1712 3659; x_wconf 89' lang='lat' dir='ltr'>Quinque</span> <span class='ocrx_word' id='word_1_217' title='bbox 1741 3547 1829 3628; x_wconf 91' lang='lat' dir='ltr'>tecti</span> <span class='ocrx_word' id='word_1_218' title='bbox 1871 3574 1937 3631; x_wconf 91' lang='lat' dir='ltr'>cu-</span> 
     </span>
     <span class='ocr_line' id='line_1_29' title="bbox 455 3657 1939 3772; baseline 0.004 -28"><span class='ocrx_word' id='word_1_219' title='bbox 455 3661 568 3746; x_wconf 88' lang='lat' dir='ltr'>cidari</span> <span class='ocrx_word' id='word_1_220' title='bbox 605 3660 730 3772; x_wconf 77' lang='lat' dir='ltr'>jubet.</span> <span class='ocrx_word' id='word_1_221' title='bbox 780 3660 949 3744; x_wconf 86' lang='lat' dir='ltr'>Rusticus</span> <span class='ocrx_word' id='word_1_222' title='bbox 997 3657 1168 3742; x_wconf 91' lang='lat' dir='ltr'>homines</span> <span class='ocrx_word' id='word_1_223' title='bbox 1222 3660 1338 3744; x_wconf 91' lang='lat' dir='ltr'>niculi</span> <span class='ocrx_word' id='word_1_224' title='bbox 1380 3663 1430 3748; x_wconf 90' lang='lat' dir='ltr'>ad</span> <span class='ocrx_word' id='word_1_225' title='bbox 1463 3659 1600 3747; x_wconf 89' lang='lat' dir='ltr'>fossam</span> <span class='ocrx_word' id='word_1_226' title='bbox 1646 3663 1865 3765; x_wconf 89' lang='lat' dir='ltr'>ducuntur;</span> <span class='ocrx_word' id='word_1_227' title='bbox 1897 3689 1939 3750; x_wconf 91' lang='lat' dir='ltr'>et</span> 
     </span>
     <span class='ocr_line' id='line_1_30' title="bbox 455 3722 1931 3876; baseline 0.003 -13"><span class='ocrx_word' id='word_1_228' title='bbox 455 3803 688 3863; x_wconf 86' lang='lat' dir='ltr'>commeatus</span> <span class='ocrx_word' id='word_1_229' title='bbox 718 3779 757 3862; x_wconf 91' lang='lat' dir='ltr'>in</span> <span class='ocrx_word' id='word_1_230' title='bbox 799 3775 979 3862; x_wconf 89' lang='lat' dir='ltr'>urbem</span> <span class='ocrx_word' id='word_1_231' title='bbox 970 3775 1164 3860; x_wconf 84' lang='lat' dir='ltr'>immitten·</span> <span class='ocrx_word' id='word_1_232' title='bbox 1216 3801 1406 3876; x_wconf 90' lang='lat' dir='ltr'>tormenta</span> <span class='ocrx_word' id='word_1_233' title='bbox 1450 3780 1500 3865; x_wconf 88' lang='lat' dir='ltr'>ad</span> <span class='ocrx_word' id='word_1_234' title='bbox 1534 3779 1758 3866; x_wconf 87' lang='lat' dir='ltr'>munitiones</span> <span class='ocrx_word' id='word_1_235' title='bbox 1797 3722 1931 3868; x_wconf 69' lang='lat' dir='ltr'>derio</span> 
     </span>
     <span class='ocr_line' id='line_1_31' title="bbox 456 3889 1636 4010; baseline 0.003 -30"><span class='ocrx_word' id='word_1_236' title='bbox 456 3920 511 3981; x_wconf 91' lang='lat' dir='ltr'>tes</span> <span class='ocrx_word' id='word_1_237' title='bbox 540 3896 733 4010; x_wconf 89' lang='lat' dir='ltr'>Chapinus</span> <span class='ocrx_word' id='word_1_238' title='bbox 765 3895 921 3980; x_wconf 88' lang='lat' dir='ltr'>Vitellus</span> <span class='ocrx_word' id='word_1_239' title='bbox 961 3889 1165 4008; x_wconf 82' lang='lat' dir='ltr'>praefectus</span> <span class='ocrx_word' id='word_1_240' title='bbox 1216 3895 1357 3984; x_wconf 90' lang='lat' dir='ltr'>liendas</span> <span class='ocrx_word' id='word_1_241' title='bbox 1387 3898 1636 3983; x_wconf 91' lang='lat' dir='ltr'>collocantur.</span> 
     </span>
     <span class='ocr_line' id='line_1_32' title="bbox 454 4013 1934 4131; baseline 0.003 -33"><span class='ocrx_word' id='word_1_242' title='bbox 454 4013 495 4098; x_wconf 91' lang='lat' dir='ltr'>in</span> <span class='ocrx_word' id='word_1_243' title='bbox 531 4016 740 4129; x_wconf 87' lang='lat' dir='ltr'>patibulum</span> <span class='ocrx_word' id='word_1_244' title='bbox 767 4013 864 4129; x_wconf 88' lang='lat' dir='ltr'>agit.</span> <span class='ocrx_word' id='word_1_245' title='bbox 1276 4019 1421 4101; x_wconf 94' lang='lat' dir='ltr'>XXVI.</span> <span class='ocrx_word' id='word_1_246' title='bbox 1477 4015 1577 4099; x_wconf 91' lang='lat' dir='ltr'>Galli</span> <span class='ocrx_word' id='word_1_247' title='bbox 1607 4045 1764 4131; x_wconf 90' lang='lat' dir='ltr'>quoque</span> <span class='ocrx_word' id='word_1_248' title='bbox 1788 4017 1934 4102; x_wconf 86' lang='lat' dir='ltr'>eunicu-</span> 
     </span>
    </p>

    <p class='ocr_par' dir='ltr' id='par_1_6' title="bbox 451 4129 1970 4839">
     <span class='ocr_line' id='line_1_33' title="bbox 515 4129 1937 4252; baseline 0.004 -36"><span class='ocrx_word' id='word_1_249' title='bbox 515 4135 619 4216; x_wconf 92' lang='lat' dir='ltr'>XXI</span> <span class='ocrx_word' id='word_1_250' title='bbox 679 4130 888 4216; x_wconf 87' lang='lat' dir='ltr'>Caesariani</span> <span class='ocrx_word' id='word_1_251' title='bbox 925 4129 1069 4219; x_wconf 89' lang='lat' dir='ltr'>silentio</span> <span class='ocrx_word' id='word_1_252' title='bbox 1097 4162 1169 4221; x_wconf 66' lang='lat' dir='ltr'>no⁴</span> <span class='ocrx_word' id='word_1_253' title='bbox 1216 4132 1274 4218; x_wconf 91' lang='lat' dir='ltr'>los</span> <span class='ocrx_word' id='word_1_254' title='bbox 1295 4157 1428 4217; x_wconf 88' lang='lat' dir='ltr'>contra</span> <span class='ocrx_word' id='word_1_255' title='bbox 1459 4159 1605 4248; x_wconf 90' lang='lat' dir='ltr'>agunt,</span> <span class='ocrx_word' id='word_1_256' title='bbox 1625 4158 1665 4218; x_wconf 90' lang='lat' dir='ltr'>et</span> <span class='ocrx_word' id='word_1_257' title='bbox 1695 4160 1786 4220; x_wconf 87' lang='lat' dir='ltr'>tunc</span> <span class='ocrx_word' id='word_1_258' title='bbox 1809 4135 1937 4252; x_wconf 88' lang='lat' dir='ltr'>ignem</span> 
     </span>
     <span class='ocr_line' id='line_1_34' title="bbox 456 4247 1936 4366; baseline 0.003 -32"><span class='ocrx_word' id='word_1_259' title='bbox 456 4249 523 4336; x_wconf 90' lang='lat' dir='ltr'>ctis</span> <span class='ocrx_word' id='word_1_260' title='bbox 567 4250 664 4335; x_wconf 93' lang='lat' dir='ltr'>urbis</span> <span class='ocrx_word' id='word_1_261' title='bbox 707 4250 854 4334; x_wconf 88' lang='lat' dir='ltr'>moenia</span> <span class='ocrx_word' id='word_1_262' title='bbox 894 4251 995 4334; x_wconf 87' lang='lat' dir='ltr'>scalis</span> <span class='ocrx_word' id='word_1_263' title='bbox 1036 4247 1226 4336; x_wconf 88' lang='lat' dir='ltr'>frustra</span> <span class='ocrx_word' id='word_1_264' title='bbox 1216 4251 1413 4363; x_wconf 79' lang='lat' dir='ltr'>injiciunt,</span> <span class='ocrx_word' id='word_1_265' title='bbox 1434 4278 1521 4335; x_wconf 90' lang='lat' dir='ltr'>cum</span> <span class='ocrx_word' id='word_1_266' title='bbox 1541 4252 1749 4336; x_wconf 88' lang='lat' dir='ltr'>Caesariani</span> <span class='ocrx_word' id='word_1_267' title='bbox 1776 4281 1821 4337; x_wconf 87' lang='lat' dir='ltr'>ex</span> <span class='ocrx_word' id='word_1_268' title='bbox 1849 4283 1936 4366; x_wconf 89' lang='lat' dir='ltr'>ope</span> 
     </span>
     <span class='ocr_line' id='line_1_35' title="bbox 456 4367 1935 4481; baseline 0.002 -31"><span class='ocrx_word' id='word_1_269' title='bbox 456 4392 619 4453; x_wconf 90' lang='lat' dir='ltr'>tentant.</span> <span class='ocrx_word' id='word_1_270' title='bbox 673 4367 829 4481; x_wconf 90' lang='lat' dir='ltr'>Hispani</span> <span class='ocrx_word' id='word_1_271' title='bbox 872 4367 989 4452; x_wconf 89' lang='lat' dir='ltr'>militis</span> <span class='ocrx_word' id='word_1_272' title='bbox 1030 4368 1167 4474; x_wconf 86' lang='lat' dir='ltr'>virtus,</span> <span class='ocrx_word' id='word_1_273' title='bbox 1221 4398 1263 4454; x_wconf 87' lang='lat' dir='ltr'>re</span> <span class='ocrx_word' id='word_1_274' title='bbox 1313 4369 1593 4472; x_wconf 88' lang='lat' dir='ltr'>discesserant,</span> <span class='ocrx_word' id='word_1_275' title='bbox 1619 4370 1657 4452; x_wconf 90' lang='lat' dir='ltr'>hi</span> <span class='ocrx_word' id='word_1_276' title='bbox 1703 4399 1789 4453; x_wconf 92' lang='lat' dir='ltr'>suos</span> <span class='ocrx_word' id='word_1_277' title='bbox 1818 4370 1935 4453; x_wconf 86' lang='lat' dir='ltr'>incas-</span> 
     </span>
     <span class='ocr_line' id='line_1_36' title="bbox 454 4483 1562 4598; baseline 0 -29"><span class='ocrx_word' id='word_1_278' title='bbox 454 4513 572 4598; x_wconf 90' lang='lat' dir='ltr'>quam</span> <span class='ocrx_word' id='word_1_279' title='bbox 607 4483 769 4568; x_wconf 87' lang='lat' dir='ltr'>hostes</span> <span class='ocrx_word' id='word_1_280' title='bbox 761 4515 826 4598; x_wconf 81' lang='lat' dir='ltr'>ipsi</span> <span class='ocrx_word' id='word_1_281' title='bbox 815 4485 1108 4590; x_wconf 87' lang='lat' dir='ltr'>demirantur,</span> <span class='ocrx_word' id='word_1_282' title='bbox 1131 4512 1170 4571; x_wconf 91' lang='lat' dir='ltr'>et</span> <span class='ocrx_word' id='word_1_283' title='bbox 1224 4517 1305 4571; x_wconf 88' lang='lat' dir='ltr'>sum</span> <span class='ocrx_word' id='word_1_284' title='bbox 1336 4489 1562 4572; x_wconf 89' lang='lat' dir='ltr'>incendunt.</span> 
     </span>
     <span class='ocr_line' id='line_1_37' title="bbox 455 4601 1970 4719; baseline 0.003 -33"><span class='ocrx_word' id='word_1_285' title='bbox 455 4602 606 4686; x_wconf 85' lang='lat' dir='ltr'>honore</span> <span class='ocrx_word' id='word_1_286' title='bbox 632 4627 927 4716; x_wconf 86' lang='lat' dir='ltr'>prosequuntur.</span> <span class='ocrx_word' id='word_1_287' title='bbox 966 4607 1060 4684; x_wconf 91' lang='lat' dir='ltr'>Non</span> <span class='ocrx_word' id='word_1_288' title='bbox 1077 4602 1169 4685; x_wconf 94' lang='lat' dir='ltr'>mul</span> <span class='ocrx_word' id='word_1_289' title='bbox 1281 4606 1446 4685; x_wconf 93' lang='lat' dir='ltr'>XXVII.</span> <span class='ocrx_word' id='word_1_290' title='bbox 1508 4608 1651 4687; x_wconf 87' lang='lat' dir='ltr'>Interea</span> <span class='ocrx_word' id='word_1_291' title='bbox 1679 4606 1788 4719; x_wconf 85' lang='lat' dir='ltr'>Vega</span> <span class='ocrx_word' id='word_1_292' title='bbox 1832 4601 1970 4690; x_wconf 79' lang='lat' dir='ltr'>miles&#39;</span> 
     </span>
     <span class='ocr_line' id='line_1_38' title="bbox 451 4717 1934 4839; baseline 0 -33"><span class='ocrx_word' id='word_1_293' title='bbox 451 4743 497 4815; x_wconf 87' lang='lat' dir='ltr'>to</span> <span class='ocrx_word' id='word_1_294' title='bbox 524 4742 612 4835; x_wconf 90' lang='lat' dir='ltr'>post</span> <span class='ocrx_word' id='word_1_295' title='bbox 645 4720 778 4808; x_wconf 90' lang='lat' dir='ltr'>eadem</span> <span class='ocrx_word' id='word_1_296' title='bbox 810 4717 958 4810; x_wconf 78' lang='lat' dir='ltr'>moenia</span> <span class='ocrx_word' id='word_1_297' title='bbox 999 4743 1169 4805; x_wconf 90' lang='lat' dir='ltr'>tormen·</span> <span class='ocrx_word' id='word_1_298' title='bbox 1220 4719 1438 4835; x_wconf 85' lang='lat' dir='ltr'>Hispanus,</span> <span class='ocrx_word' id='word_1_299' title='bbox 1459 4722 1526 4839; x_wconf 91' lang='lat' dir='ltr'>qui</span> <span class='ocrx_word' id='word_1_300' title='bbox 1571 4746 1700 4836; x_wconf 89' lang='lat' dir='ltr'>captus</span> <span class='ocrx_word' id='word_1_301' title='bbox 1748 4723 1934 4807; x_wconf 84' lang='lat' dir='ltr'>aTurcis</span> 
     </span>
    </p>

    <p class='ocr_par' dir='ltr' id='par_1_7' title="bbox 1860 4868 1937 4925">
     <span class='ocr_line' id='line_1_39' title="bbox 1860 4868 1937 4925; baseline -0.016 0"><span class='ocrx_word' id='word_1_302' title='bbox 1860 4868 1937 4925; x_wconf 88' lang='lat' dir='ltr'>ma·</span> 
     </span>
    </p>
   </div>
   <div class='ocr_carea' id='block_1_2' title="bbox 0 0 2060 5888">
    <p class='ocr_par' dir='ltr' id='par_1_8' title="bbox 0 0 2060 5888">
     <span class='ocr_line' id='line_1_40' title="bbox 0 0 2060 5888; baseline 0 1"><span class='ocrx_word' id='word_1_303' title='bbox 0 0 2060 5888; x_wconf 95' lang='lat' dir='ltr'> </span> 
     </span>
    </p>
   </div>
  </div>
 </body>
</html>
