4192 5858
468 454 1184 543 circumamiciens.
1414 471 1499 566 253

92 615 204 745 „bis
240 650 373 759 peto,
392 647 443 715 ut
470 654 623 754 aequo
659 611 841 731 animo,
868 612 1076 776 tantisper
1113 615 1221 716 dum
1257 648 1428 758 ternpus
1467 655 1547 762 po⁴

92 841 125 883 „
140 764 334 884 arelat,
330 756 518 878 feratis,
554 793 598 857 et
634 755 748 857 mihi
784 757 934 857 omnia
975 757 1194 857 cumulate
1248 799 1546 865 remuneratu-

92 949 195 1027 „ro
228 983 243 1026 ,
277 940 413 1005 vestra
461 939 553 1002 non
605 902 747 1002 solum
798 901 1009 1021 virture,
1041 901 1118 1002 sed
1152 901 1286 1005 etiam
1333 907 1544 1046 patientia

92 1051 389 1177 „militarem
414 1083 598 1188 operam
633 1043 905 1152 exhibeatis..
915 1059 949 1108 ‘⁶

158 1202 334 1292 XXXI
383 1194 478 1293 Ad
529 1188 636 1290 baec
682 1187 894 1291 Germani
943 1224 1113 1330 praeter
1162 1227 1337 1294 morem
1387 1185 1551 1316 suum,

92 1335 210 1436 nullo
248 1335 387 1475 spatio
422 1336 479 1436 ad
514 1333 847 1435 deliberandum
883 1370 1064 1454 sumto,
1098 1330 1330 1436 liberaliter
1364 1376 1550 1480 respon-
1657 1369 1658 1372 ‘

92 1480 250 1581 derunt
265 1520 454 1621 ‚seque
449 1473 743 1580 frumentum
753 1514 1167 1620 commeatumque
1202 1479 1422 1623 reliquum
1457 1522 1552 1584 non

92 1622 239 1723 solum
274 1619 400 1744 sibi,
435 1623 506 1724 sed
543 1621 682 1762 copiis
734 1603 943 1723 omnibus
994 1663 1047 1722 ex
1082 1622 1197 1766 agris
1247 1664 1298 1724 ac
1340 1623 1550 1727 aedificiis

92 1767 308 1906 perituros
344 1807 433 1867 esse
468 1765 764 1908 pollicentur,
799 1769 854 1868 de
889 1765 1110 1909 stipendio
1146 1806 1256 1868 vero
1287 1807 1380 1871 non
1421 1809 1550 1870 recu

92 1949 221 2032 are,
254 1908 364 2051 quin
399 1910 607 2013 solutio
595 1948 643 2010 ιιι
676 1949 818 2018 unum
853 1947 898 2010 et
932 1911 1114 2014 alterurn
1150 1951 1344 2014 mensem
1380 1911 1550 2014 differa

92 2093 188 2163 ur;
230 2055 321 2194 ipse
357 2054 494 2198 igitur
530 2053 665 2157 libere
699 2054 784 2155 suis
834 2053 1075 2157 rationibus
1124 2056 1402 2176 consuleret,
1437 2068 1552 2159 Ger

92 2238 247 2301 nanos
282 2198 444 2300 milites
479 2198 605 2299 nullo
636 2196 741 2299 loco
773 2238 855 2300 nec
898 2196 1003 2300 fidei
1038 2240 1120 2302 nec
1172 2197 1325 2300 officio
1362 2193 1546 2301 defutu-

94 2383 188 2444 οι.
228 2343 458 2462 Carolus,
489 2341 718 2444 Germanis
759 2342 1016 2443 collaudatis
1052 2421 1067 2463 ,
1100 2346 1308 2484 jussisque
1346 2344 1551 2448 omnibus
1653 2456 1657 2473 ἢ

92 2528 176 2586 ese
214 2484 361 2589 itineri
397 2527 682 2629 comparare,
719 2482 1085 2629 frequentioribus
1136 2488 1312 2631 ignibus
1348 2488 1404 2589 ad
1453 2526 1551 2628 spe-

92 2631 204 2734 iem
239 2628 403 2752 factis,
436 2635 621 2748 secunda
656 2631 809 2773 vigilia
850 2632 1023 2736 silentio
1057 2664 1192 2732 castra
1243 2667 1432 2750 mouet,
1467 2670 1551 2730 an-

92 2775 313 2876 ecedente
350 2814 453 2877 curn
490 2777 694 2917 equitatu
728 2776 953 2877 Francisco
990 2776 1188 2879 Estensi·
1180 2842 1192 2884 ‚
1217 2774 1266 2876 in
1302 2771 1420 2874 hunc
1456 2786 1553 2876 Ro-

92 2959 138 3019 a
176 2957 287 3021 unus
326 2960 378 3021 tx
415 2921 550 3022 Gallis
587 2917 877 3059 proceribus,
912 2917 992 3059 qui
1034 2956 1212 3021 centum
1248 2916 1552 3058 quinquagin

92 3104 124 3163 a
168 3063 339 3225 equites
377 3063 426 3164 in
460 3097 594 3164 castra
629 3063 861 3164 Gallorum
894 3059 1113 3182 ducebar,
1153 3101 1256 3162 cum
1301 3060 1549 3179 incidisset,

92 3207 327 3309 ommisso
360 3209 565 3371 praeli0,
600 3206 753 3308 Dux
740 3246 833 3348 rpse
867 3216 997 3308 Rom
1032 3241 1183 3348 captus
1219 3239 1310 3324 est,
1313 3243 1408 3307 nec
1442 3202 1552 3305 Gal

92 3378 234 3450 orum
270 3352 474 3492 equitum
511 3351 782 3493 quisquam,
822 3350 934 3491 quin
969 3385 1043 3451 aut
1078 3386 1333 3489 caperetur,
1363 3382 1438 3447 aut
1474 3385 1550 3445 ca-

92 3495 242 3614 leret,
277 3495 563 3596 desideratus
608 3504 817 3594 Ceterum
854 3534 908 3594 ex
941 3493 1098 3595 nostris
1134 3493 1401 3596 Guiliermus
1437 3499 1553 3595 Ger

92 3675 276 3759 nanus,
311 3639 515 3781 equitum
552 3672 595 3738 et
628 3637 721 3777 ipse
757 3678 859 3740 suae
894 3637 1036 3779 gentis
1073 3634 1352 3799 praefectus,
1361 3633 1442 3776 qui
1476 3671 1554 3731 cea

92 3819 205 3883 eros
246 3817 509 3925 antegressus
545 3818 710 3885 temere
744 3781 793 3883 in
829 3779 973 3882 hostes
1008 3817 1305 3944 processerat,
1340 3779 1390 3880 in
1429 3816 1552 3919 rpso
1588 3847 1597 3871 ι

92 3961 187 4026 ιιιιι
229 3961 398 4030 manus
416 3967 519 4029 cum
557 3964 743 4027 suorum
776 3925 1085 4067 quibusdam
1073 3924 1209 4025 mitro
1239 3955 1516 4080 pervenerat.

98 4076 352 4170 XXXII.
444 4071 661 4190 Carolus,
695 4069 851 4172 itinere
905 4108 1001 4170 non
1049 4067 1341 4183 intermisso,
1378 4059 1556 4162 hostilia

92 4244 222 4317 astra
259 4214 575 4316 transflumen
621 4214 764 4353 posita
800 4249 1183 4360 praetergressus,
1218 4209 1456 4349 copiasque
1507 4204 1557 4304 in

92 4393 255 4465 scum
276 4355 553 4468 destinatum
604 4357 850 4474 inducens,
888 4393 1058 4496 septem
1110 4353 1312 4471 castella,
1347 4391 1439 4492 quo
1483 4347 1552 4479 vis

92 4535 237 4637 ngens
273 4502 418 4613 omnis
455 4500 623 4645 generis
662 4533 946 4601 commeatus
973 4495 1116 4600 fuerat
1152 4538 1177 4596 a
1189 4508 1337 4636 Rege
1385 4531 1558 4654 conge·-

92 4677 181 4755 ια,
214 4641 307 4740 sine
343 4647 583 4755 certamine
617 4642 796 4784 cepit,
836 4676 1043 4782 tantaque
1094 4638 1309 4743 frumenti
1359 4677 1409 4738 ac
1459 4579 1557 4735 vini

92 4819 123 4884 t
166 4781 393 4889 salitarum
428 4789 624 4892 carnium
663 4827 713 4888 ac
750 4786 913 4930 reliqui
947 4822 1220 4889 commeatus
1256 4784 1384 4938 copia
1431 4777 1557 4921 poti

1486 4956 1561 5019 tus>
