4192 5858
523 455 768 539 CAROLI
809 455 863 535 V·
907 457 1025 536 LIB.
1067 462 1246 541 XXIII.
1476 484 1562 576 237

148 616 351 723 efficiat:
391 615 540 758 itaque
578 605 721 756 turpe
774 655 894 732 esse,
931 615 1076 714 virum
1127 650 1224 714 tum
1273 656 1322 716 ea
1358 616 1607 763 dignitate,

149 802 245 866 tum
284 763 436 866 Caroli
473 760 666 862 Caesaris
703 758 1014 901 Hispaniarum
1049 760 1218 900 Regis,
1257 801 1282 859 a
1319 802 1410 902 quo
1456 768 1608 870 missus

144 907 333 1027 fuisset,
370 918 584 1046 Legatum
621 903 832 1044 cuiquam
868 904 970 1003 loco
1021 905 1205 1024 cedere,
1241 909 1490 1046 praesertim
1539 951 1609 1015 te.-;

145 1055 358 1153 mere-de
396 1051 543 1189 primo
580 1050 684 1148 loco
719 1085 761 1149 et
798 1044 1032 1150 ambitiose
1068 1051 1380 1150 contendenti.

199 1206 260 1294 X.
336 1205 459 1292 Haec
496 1233 600 1293 curn
637 1234 662 1290 a
699 1194 784 1292 suis
821 1203 924 1292 Dux
961 1230 1054 1292 non
1091 1192 1234 1292 solum
1269 1191 1453 1296 fraterne
1488 1234 1529 1299 et
1563 1238 1611 1300 aa

142 1339 296 1456 mice‚
332 1338 408 1436 sed
444 1337 578 1437 etiam
614 1335 837 1438 verissime
872 1336 960 1436 dici
997 1338 1316 1478 cognovisset,
1349 1343 1607 1449 sententiam

143 1481 370 1600 mutavit,
406 1523 457 1581 ac
494 1481 700 1623 postridie
751 1520 879 1581 mane
931 1475 1147 1601 fratrem,
1186 1483 1355 1622 quide
1410 1526 1484 1585 sua
1521 1527 1606 1589 vo*

146 1627 311 1727 luntate
347 1662 391 1724 et
427 1628 560 1727 causis
597 1625 756 1728 mutati
791 1623 964 1726 consilii
994 1639 1167 1726 Ducem
1202 1627 1479 1767 Brigantium
1515 1671 1609 1732 cer-

146 1771 301 1871 tiorem
337 1765 525 1889 faceret,
561 1770 687 1871 Elves
726 1808 955 1911 properare
991 1771 1145 1902 jussit3
1184 1768 1323 1870 nihilo
1359 1809 1506 1875 tamen
1544 1779 1620 1877 se?

145 1915 237 2020 cius
274 1928 377 2016 Dux
414 1914 533 2014 idem
572 1950 614 2013 et
650 1913 1005 2057 Carthaginensis
1041 1916 1282 2056 Episcopus
1326 1956 1430 2017 cum
1483 1921 1608 2023 omni

146 2059 367 2158 comitatu
403 2059 612 2200 oppido„
645 2096 700 2158 ut.
732 2076 1028 2178 convenerat,
1062 2058 1437 2198 proficiscuntur,
1473 2099 1523 2163 ut
1574 2064 1610 2164 si

143 2205 203 2302 ad
230 2213 386 2334 Cajam
422 2203 616 2307 Lusitani
650 2241 756 2304 cum
790 2203 932 2342 Regia
968 2203 1137 2343 virgine
1174 2204 1608 2346 processissenssipsi

138 2386 334 2488 quoque
365 2385 534 2488 praesto
571 2382 709 2446 essent
744 2347 799 2445 ad
836 2346 985 2444 locum
1022 2380 1064 2444 et
1100 2381 1270 2485 tempus
1297 2349 1614 2456 constitutums

131 2493 211 2603 sin
249 2492 405 2610 aliter,
441 2506 590 2589 tamen
625 2530 681 2589 ne
719 2527 793 2627 per
827 2489 942 2627 ipsos
994 2488 1153 2589 stetisse
1190 2490 1444 2611 videretur,
1483 2532 1608 2631 prae-

134 2633 300 2736 sertim
328 2630 498 2732 «multis
551 2631 878 2771 impedimentis
929 2631 1276 2775 hominibusque
1327 2676 1377 2736 ex
1429 2633 1610 2735 Elvihus

127 2814 253 2878 ante
304 2774 497 2877 Comitis
533 2775 798 2876 Olivarensis
846 2776 1086 2879 adventum
1120 2856 1133 2897 ‚
1171 2813 1222 2875 ut
1273 2809 1364 2876 erat
1414 2817 1610 2897 necesse,

131 2927 307 3021 Pacem
341 2928 590 3061 Augustam
626 2918 903 3061 praemissist
937 2920 1013 3019 sed
1054 2921 1109 3020 ad
1144 2928 1304 3050 Cajam
1356 2921 1604 3022 meridiano

132 3065 317 3166 circiter
344 3101 544 3207 ternpore
581 3065 799 3207 progressi
833 3060 1039 3168 obviam
1063 3061 1251 3167 habuere
1297 3065 1528 3164 Comitem
1566 3101 1613 3164 re

129 3205 315 3311 infecta
347 3248 660 3313 revertentem.
697 3211 942 3311 Redeuntes
980 3250 1122 3352 ergo,
1159 3207 1307 3309 ceteris
1342 3204 1497 3308 urbem
1541 3208 1612 3307 in·-

142 3385 261 3453 trare
311 3356 472 3488 jussis,
507 3368 611 3456 Dux
660 3355 989 3495 Episcopusque
1040 3390 1083 3455 et
1133 3365 1297 3453 Comes
1347 3352 1615 3451 Olivarensis
1675 3357 1679 3361 *

139 3498 288 3637 paulo
323 3499 431 3598 citra
468 3534 654 3638 pontem
690 3499 968 3599 consultandi
1003 3497 1143 3637 gratia
1178 3532 1468 3611 secesserunt,
1487 3533 1614 3594 curn-

134 3680 238 3782 que
276 3639 342 3739 his
378 3640 576 3778 Jacobus
612 3642 808 3743 Castillus
843 3683 955 3742 unus
991 3683 1044 3741 ex
1081 3679 1270 3782 quatuor
1304 3639 1457 3739 aulicis
1494 3678 1616 3781 prae·
1720 3756 1725 3764 .

132 3783 322 3884 toribus
359 3787 510 3886 Caroli
562 3786 796 3904 Caesaris,
831 3796 926 3915 jure
977 3824 1068 3885 non
1118 3787 1257 3884 solum
1286 3863 1307 3903 ,
1351 3784 1428 3883 sed
1473 3822 1616 3883 rerum

139 3928 289 4027 etiarn
326 3968 402 4029 usu
439 3928 640 4070 peritus,
669 3928 934 4047 industrius,
966 3966 1010 4030 et
1046 3929 1096 4028 in
1129 3926 1257 4030 rebus
1294 3927 1490 4068 gerendis
1526 3925 1643 4025 sin-·

138 4068 299 4212 gulari
335 4070 598 4212 vigilantia,
633 4072 786 4174 missus
821 4115 846 4171 a
882 4070 1088 4215 Phili-ppo
1120 4151 1135 4192 ,
1164 4108 1215 4173 ut
1265 4065 1618 4186 commeatibus,

134 4213 389 4353 hospitiis,
429 4217 665 4357 ceterisque
713 4215 841 4318 rebus
893 4218 1135 4318 necessariis
1154 4295 1174 4336 ,.
1208 4253 1488 4357 quacumque
1539 4211 1619 4311 iter

132 4393 258 4457 esset
278 4436 292 4474 ,
316 4362 491 4499 populis
512 4361 770 4459 auctoritate
802 4361 1043 4499 praetoria,
1066 4374 1181 4500 quae
1212 4398 1321 4497 opus
1357 4353 1506 4475 foret,
1527 4354 1614 4458 ins-s

144 4537 363 4639 peraret,
396 4504 642 4644 pariterque
681 4542 832 4603 omnes
869 4504 919 4602 in
954 4498 1104 4601 officio
1143 4502 1389 4602 contineret
1406 4577 1424 4600 a

224 4654 301 4743 XI.
372 4655 424 4745 In
471 4645 633 4750 horum
685 4682 873 4787 quatuor
924 4685 1154 4788 congressu
1190 4658 1352 4746 Comes
1390 4643 1620 4744 Lusitano-

133 4824 255 4889 rum
296 4826 556 4928 responsum
605 4828 843 4933 exposurt,
878 4800 1000 4927 cujus
1037 4829 1209 4891 summa
1244 4784 1328 4890 fuit
1363 4828 1372 4887 :
1415 4786 1526 4886 nihil
1578 4824 1619 4884 se

1538 4962 1617 5025 cu-
