4034 5858
762 439 861 513 ΒΑΚ

504 539 682 615 Praemissis
705 540 829 607 nuntiis
842 559 918 607 curn
933 536 1052 608 dolosis
1068 560 1166 608 man-

505 645 589 713 datis
617 642 774 713 Bisertam
805 657 839 707 et
876 640 1035 708 Goletam
1059 663 1165 709 occu-

501 765 582 841 pat.
612 746 639 809 Ι.
661 761 739 830 347.
773 738 1014 807 Tunetcnsium
1039 740 1165 834 legatos

503 843 545 912 ad
563 836 658 909 nates
676 837 815 906 retinet.
841 842 868 905 Ι.
892 840 971 930 348.
989 842 1165 907 Tunetcn-

503 945 529 1011 si
557 961 628 1011 arce
660 937 807 1031 potitur.
842 936 870 1002 1.
901 956 977 1029 349.
1010 938 1165 1030 Solyma-

503 1064 585 1113 num
613 1060 673 1133 pro
691 1041 783 1131 Rege
798 1035 988 1105 habendum
1014 1058 1165 1132 pronun-

502 1141 583 1210 tiat.
602 1144 629 1206 I.
647 1155 725 1228 349.
754 1133 855 1203 Variis
872 1136 980 1218 curis,
1004 1156 1106 1227 atque
1123 1134 1165 1201 ri-

504 1237 653 1311 moribus
677 1235 890 1303 distrahitur.
918 1241 945 1303 Ι.
968 1241 1046 1326 362.
1064 1236 1164 1322 Qro«

505 1335 661 1411 rumdam
678 1359 814 1402 snorum
842 1334 1064 1402 consiliumet
1088 1355 1166 1399 mo-

504 1439 575 1510 nita
604 1433 761 1531 negligit.
790 1440 818 1502 Ι.
844 1440 921 1524 360.
944 1434 1006 1501 His
1030 1455 1166 1527 respon-

505 1539 564 1608 det
587 1560 655 1604 non
680 1554 748 1600 tam
769 1533 856 1601 vinci
883 1555 901 1599 a
924 1533 1048 1600 Carolo
1067 1551 1165 1624 turpe

506 1636 659 1707 futurum
675 1656 758 1712 esse,
774 1654 877 1723 quarn
894 1632 1069 1723 pulchrum
1087 1651 1165 1698 cum

507 1760 548 1805 eo
573 1732 771 1801 decertasse.
802 1736 829 1797 l.
858 1735 934 1820 363.
972 1729 1167 1825 Legationes

508 1833 553 1903 ad
573 1831 728 1902 finitimas
747 1829 889 1897 civitates
903 1848 936 1895 et
954 1826 995 1895 ad
1013 1848 1166 1923 vagantes

508 1929 676 2006 Nomades
705 1928 843 1998 dimittit
870 1976 881 2009 ,
914 1926 1032 1996 auxilia
1066 1949 1166 2022 roga-

506 2052 581 2102 tum
605 2029 755 2097 adversus
776 2026 939 2096 Carolurn
969 2031 1165 2094 Caesarem.

507 2137 537 2202 I.
560 2135 639 2224 364.
664 2124 922 2223 Oppidanorum
944 2126 1069 2193 animos
1085 2147 1167 2193 con-

506 2231 648 2310 firmat,
676 2248 709 2295 et
731 2225 848 2320 piratas
872 2223 915 2293 ad
938 2246 970 2291 se
991 2244 1165 2317 properare

505 2332 621 2422 jubet.
640 2333 668 2394 Ι.
688 2331 766 2417 364.
800 2323 959 2392 Goletam
983 2324 1074 2390 novis
1090 2345 1165 2389 mu-

505 2425 688 2498 nitionibus
715 2423 843 2493 firmare
876 2421 1003 2515 pergit.
1036 2424 1063 2487 I.
1086 2423 1164 2512 366.

510 2529 670 2598 Goletam
689 2521 832 2591 duorum
857 2520 996 2589 millium
1020 2517 1167 2589 delecto-

507 2652 586 2698 rum
615 2624 755 2693 militum
788 2618 947 2714 praesidio
974 2620 1107 2688 firmat.
1137 2624 1166 2687 I.

515 2734 595 2822 369.
631 2727 788 2813 Qatuor
828 2739 992 2814 praeterea
1026 2717 1168 2787 millibus

511 2831 720 2902 Turcarum,
735 2818 866 2889 duobus
889 2826 1075 2887 Poenorum
1089 2818 1168 2887 Go-

509 2930 593 3000 letae
612 2919 806 3020 praesidium
831 2937 941 3014 auget.
959 2920 986 2984 1.
1000 2940 1073 3008 370.
1098 2921 1167 2986 Ce-

510 3045 599 3095 teros
626 3026 752 3089 Turcas
783 3039 893 3085 secum
919 3015 962 3085 ad
998 3021 1166 3085 Tunetem

513 3144 546 3195 et
575 3120 688 3200 arcis,
715 3139 781 3209 qua
810 3116 873 3210 ipse
911 3114 1167 3197 continebatur,

395 3232 402 3248 '
512 3219 712 3324 praesidium
727 3215 862 3284 retinet.
882 3219 910 3283 I.
931 3237 1006 3307 370.
1018 3224 1168 3285 Poenum

515 3320 695 3418 quemdam
724 3314 766 3386 ad
785 3314 898 3384 Caroli
921 3334 1024 3384 castra
1051 3315 1168 3408 explo-

514 3421 609 3499 randi
635 3408 743 3516 ¹gratia
774 3417 859 3484 clam
887 3415 1012 3483 mittit.
1038 3418 1064 3480 I.
1091 3436 1167 3506 372.

514 3524 699 3599 Nonnullas
714 3517 856 3586 triremes
879 3538 920 3583 ex
941 3518 1074 3582 Tunete
1094 3538 1170 3609 par-

510 3626 578 3694 ‘tim
617 3621 808 3712 Hipponem
850 3614 994 3711 Regium
1041 3612 1168 3712 mittit,

508 3721 637 3822 'partim
656 3717 844 3813 Argeliam.
874 3720 902 3783 Ι.
924 3714 1002 3804 388.
1032 3713 1170 3782 Gravis·

511 3826 594 3894 ¹sime
623 3817 685 3888 fert
707 3834 912 3911 expugnatae
941 3813 1083 3910 Goletae
1120 3813 1169 3900 ja·

515 3943 668 3995 cruram.
707 3920 735 3983 I.
763 3933 838 4006 390.
881 3912 1079 3980 Orationem
1106 3909 1171 3980 'ad

514 4026 719 4094 Tunetenscs
753 4013 852 4083 habet
882 4010 924 4080 ad
954 4034 1068 4079 corum
1102 4008 1172 4078 ani-

515 4146 589 4194 mos
626 4112 799 4186 deterritos
817 4144 818 4152 ¹
836 4106 1102 4179 confirmandos.
1142 4112 1171 4176 Ι.

509 4242 599 4319 391.
637 4219 814 4285 Hazenum
843 4214 971 4305 Regem
1014 4206 1172 4277 Christia-

508 4326 595 4392 nam
638 4311 849 4409 Religionem
891 4307 1037 4403 profiteri
1078 4330 1173 4375 com-

510 4416 694 4490 mentitum
742 4415 769 4478 Ι.
812 4426 887 4502 393.
928 4405 1173 4476 Tunetensibus

519 4517 689 4611 optionem
704 4507 762 4578 dat
776 4558 786 4588 ,
799 4529 836 4577 ut
853 4508 904 4575 vel
926 4508 1042 4574 urbem
1060 4502 1174 4572 adver-

518 4640 570 4686 sus
584 4613 743 4683 Carolum
771 4605 971 4687 defendant,
996 4622 1053 4672 aut
1063 4617 1097 4702 se
1112 4602 1176 4672 dis

520 4713 632 4786 cedere
667 4706 850 4801 patiantur.
885 4711 911 4773 Ι.
950 4722 1026 4803 393.
1058 4706 1178 4772 Sumtis

520 4808 684 4907 spiritibus
717 4806 827 4872 omnia
860 4803 901 4873 ad
929 4806 1044 4872 urbem
1077 4801 1177 4870 tuenss

522 4912 600 4985 dam
621 4900 791 4978 necessaria
806 4922 989 4999 comparat,
999 4922 1039 4983 et
1060 4899 1101 4970 de
1116 4901 1178 4972 ho·

1262 558 1310 610 ste
1330 537 1374 610 ad
1401 563 1548 638 pugnam
1575 534 1802 636 provocando
1833 541 1931 639 cogi-

1260 660 1310 709 tat
1323 689 1337 728 .
1361 646 1388 709 Ι.
1416 659 1494 733 394.
1527 639 1836 736 Appropinquante
1854 647 1925 712 Ca·

1263 739 1326 809 roli
1362 743 1508 809 exercitu
1537 763 1608 809 suas
1639 740 1760 835 'copias
1790 738 1918 809 educit.

1264 843 1293 907 Ι.
1314 857 1390 930 399.
1418 841 1513 932 Equa
1540 838 1680 908 insidens
1707 840 1744 908 in
1762 839 1833 909 acie
1859 839 1919 935 pri·

1261 960 1316 1006 ma
1342 958 1487 1008 versatur
1509 987 1520 1020 ,
1541 958 1575 1006 et
1598 936 1804 1008 Caesarianis
1832 937 1923 1009 dimi-

1262 1033 1360 1105 candi
1396 1054 1591 1132 potestatem
1630 1033 1732 1106 facit.
1772 1043 1803 1107 Ι.
1851 1058 1926 1132 399.

1261 1137 1455 1205 Tormentis
1472 1139 1505 1205 in
1532 1134 1655 1232 praelio
1683 1135 1827 1221 amissis,
1843 1163 1927 1233 quos

1263 1252 1398 1331 potest,
1421 1257 1462 1305 ex
1493 1230 1573 1331 fuga
1596 1235 1724 1332 colligit
1737 1285 1748 1317 ,
1761 1256 1799 1305 et
1821 1237 1855 1306 in
1871 1262 1924 1307 ur-

1263 1335 1341 1403 bem
1361 1356 1392 1401 se
1417 1333 1553 1426 recipit.
1578 1339 1606 1402 I.
1629 1356 1714 1424 4⁰1·
1743 1337 1784 1405 In
1817 1360 1921 1407 arcem
1965 1385 1970 1390 -

1262 1429 1405 1503 secedit.
1432 1437 1460 1500 I.
1488 1452 1571 1520 401.
1601 1435 1749 1503 Pretiosa
1777 1458 1927 1527 quaeque

1263 1533 1457 1624 Hipponem
1487 1553 1594 1600 versus
1621 1530 1795 1627 deportari
1818 1537 1925 1623 jubet.

1264 1635 1293 1699 I.
1308 1650 1393 1718 401.
1430 1633 1544 1700 Servos
1566 1654 1680 1700 omnes
1719 1632 1922 1704 Christianos

1263 1728 1324 1798 sub
1341 1729 1514 1823 appulsum
1541 1731 1654 1800 Caroli
1682 1730 1717 1799 in
1735 1732 1821 1801 arcis
1835 1757 1921 1829 erga·

1264 1829 1351 1898 stula
1374 1827 1531 1898 concludi
1551 1828 1663 1916 jubet.
1691 1835 1720 1899 Ι.
1744 1853 1834 1922 4οι.
1857 1835 1921 1902 Ηος

1264 1950 1398 2009 omnes,
1412 1951 1560 2020 quorum
1583 1950 1742 1999 numerus
1769 1949 1840 2001 erar
1858 1934 1920 2026 plus

1264 2045 1346 2095 octo
1373 2025 1774 2108 millium,tormentario
1799 2032 1919 2125 pulvere

1265 2126 1486 2207 comburere,
1514 2127 1537 2195 si
1559 2123 1765 2222 fugiendum
1784 2131 1852 2213 sit,
1873 2128 1922 2198 de·

1265 2223 1394 2291 cernit.
1421 2229 1447 2292 Ι.
1464 2247 1548 2314 402.
1576 2226 1687 2295 Prima
1706 2230 1781 2298 luce
1799 2253 1840 2298 ex
1856 2251 1923 2298 aree

1265 2320 1450 2418 digreditur
1485 2321 1528 2391 ad
1567 2324 1713 2394 Tunetis
1746 2326 1924 2425 oppidanos

1267 2420 1532 2491 confirmandos.
1569 2427 1598 2490 Ι.
1631 2447 1717 2514 402.
1746 2434 1865 2497 Arcem
1904 2451 1923 2495 a

1265 2520 1401 2614 captivis
1424 2519 1617 2591 Christianis
1641 2524 1742 2593 teneri
1751 2525 1922 2618 comperit.

1266 2623 1295 2687 Ι.
1321 2640 1403 2713 403.
1437 2625 1562 2718 Fugam
1595 2621 1748 2718 capessit.
1779 2625 1806 2689 l.
1833 2644 1918 2714 403.

1266 2719 1400 2788 Tunete
1420 2721 1550 2799 relicta,
1564 2744 1644 2791 curn
1658 2721 1718 2791 suis
1733 2721 1915 2817 Hipponem

1267 2818 1438 2912 pervenit.
1468 2824 1496 2887 I.
1512 2823 1595 2907 406.
1625 2821 1823 2893 Caesarianis
1850 2842 1919 2916 spe-

1268 2916 1433 2987 crantibus
1455 2966 1466 3000 ,
1499 2940 1560 2986 nec
1587 2922 1797 2991 tentantibus
1826 2917 1922 2991 ruodo

1267 3015 1472 3114 prohibere,
1501 3039 1572 3087 suas
1598 3021 1750 3089 triremes
1775 3022 1921 3118 Hippone

1270 3113 1429 3184 deducit.
1459 3122 1488 3184 I.
1513 3121 1597 3206 406.
1628 3119 1804 3216 Argeliarn
1825 3141 1920 3190 versus

1269 3215 1420 3311 navigat.
1448 3220 1476 3284 Ι.
1502 3237 1584 3306 407.
1617 3220 1825 3314 Byzantium
1854 3216 1921 3287 red·

1269 3314 1334 3383 iens
1365 3313 1398 3382 in
1443 3315 1589 3384 Baleares
1630 3320 1779 3389 minores
1810 3323 1919 3414 Mago-

1270 3415 1382 3505 nisque
1398 3432 1534 3506 portum
1549 3413 1758 3513 ingreditur,
1774 3417 1850 3490 falsa
1864 3440 1921 3512 spc-

1270 3511 1320 3582 cie
1357 3513 1474 3582 vexilla
1508 3514 1721 3610 imperatoria
1758 3519 1923 3592 mentitum

1270 3610 1326 3682 sel
1352 3609 1489 3681 dolusa
1525 3615 1701 3685 Monachis
1732 3614 1923 3710 quibusdam

1272 3709 1445 3806 proditur.
1480 3717 1508 3780 I.
1534 3735 1618 3808 4¹3·
1660 3719 1923 3786 Incolumitatenr

1272 3811 1382 3879 statim
1409 3808 1526 3880 deditis
1546 3817 1808 3916 Magonensibus
1834 3814 1924 3911 palli⁴

1273 3930 1390 3980 cetur.
1418 3911 1553 4003 l.'4r¹5.
1583 3912 1764 4010 Oppidum
1790 3940 1847 4011 per
1873 3913 1925 3982 de·

1273 4008 1435 4079 ditionem
1479 4014 1591 4109 recipit
1641 4013 1859 4110 diripitque,
1895 4029 1924 4077 et

1275 4111 1427 4179 mortales
1453 4135 1568 4181 omnes
1599 4135 1743 4182 numero
1769 4113 1812 4184 ad
1846 4110 1922 4178 mille

1277 4207 1435 4278 ducentos
1467 4211 1500 4279 in
1531 4211 1726 4283 servitutem
1758 4208 1921 4283 aberam.

1276 4312 1405 4395 1.416.
1435 4312 1525 4378 Cum
1550 4313 1645 4382 classe
1679 4310 1716 4380 in
1751 4313 1848 4380 §bum
1876 4309 1927 4376 A·

1275 4404 1543 4478 driaticumiter
1570 4409 1696 4479 habet.
1734 4413 1774 4479 11.
1806 4427 1859 4491 15.
1898 4406 1927 4476 Α

1278 4506 1458 4598 solymano
1482 4510 1615 4577 Aulone
1640 4506 1929 4579 adversusDoriac

1279 4604 1408 4673 classem
1427 4607 1592 4674 mittitur.
1612 4608 1670 4683 ll.
1691 4627 1747 4691 19·
1772 4615 1931 4699 Corcyrae

1278 4726 1395 4799 agrum
1411 4724 1533 4774 vastare
1545 4705 1672 4799 incipit.
1689 4710 1738 4774 Il.
1755 4707 1860 4776 22.ln
1875 4708 1932 4773 Ce·

1280 4801 1463 4897 pbaleniam
1477 4803 1614 4871 insulam
1630 4806 1804 4898 'pervenio
1824 4811 1868 4874 ll.
1886 4803 1932 4889 56.

1279 4904 1409 4969 Omnes
1431 4925 1503 4973 suas
1518 4925 1615 4973 navet
1643 4903 1761 4977 educit
1795 4904 1938 5003 explicat·

1882 5019 1941 5094 que
