4192 5858
508 443 592 532 240
898 437 986 518 DE
1027 434 1228 516 RE'BUS
1268 432 1498 516 GESTIS
1546 470 1550 481 ·
1603 488 1606 494 ·

456 588 621 738 traque
651 590 923 738 gestabatur,
961 590 1225 692 insidentem
1270 668 1285 709 ,
1342 583 1591 729 suppliciter
1653 585 1933 714 salutarunt,

460 747 655 844 dextram
708 738 868 839 scilicet
922 775 1048 835 more
1084 735 1288 877 Hispano
1341 731 1616 851 exosculati,
1651 769 1819 872 praeter
1856 750 1931 837 Sa-

460 889 691 1004 cerdotes,
727 880 886 1022 quibus
924 878 1150 1021 religionis
1188 875 1330 1018 gratia
1366 873 1489 1001 hunc·
1519 874 1737 976 honorem
1790 876 1928 983 habe-

460 1030 571 1150 bat,
606 1064 656 1129 ut
691 1028 740 1127 in
794 1024 1053 1125 salutatione
1107 1061 1289 1121 manum
1344 1017 1591 1161 petentibus
1645 1021 1930 1129 osculandam

459 1212 552 1275 non
606 1172 883 1313 porrigeret,
923 1206 1097 1267 morem
1115 1242 1130 1286 ,
1167 1202 1216 1267 ut
1268 1163 1464 1305 opinor,
1501 1200 1642 1268 secuta
1678 1245 1693 1286 ,
1729 1206 1867 1307 quem
1904 1213 1931 1270 a

302 1370 312 1377 ⁷
459 1318 667 1457 Philippo
720 1314 878 1415 servari
931 1312 1183 1419 didicerat3
1220 1310 1429 1449 postremi
1464 1323 1567 1410 Dux
1604 1308 1929 1448 Methymnen-

461 1463 547 1583 sis,
584 1460 914 1600 Episcopusque
966 1456 1321 1572 descenderunt,
1373 1488 1416 1554 et
1466 1453 1664 1556 Mariam
1715 1454 1929 1558 salutave-

461 1640 598 1722 runt,
636 1644 747 1744 quos
782 1603 875 1743 ipsa
912 1601 1097 1700 comitet
1135 1635 1374 1738 exceptos,
1412 1593 1603 1698 humane
1651 1598 1928 1722 resalutavit,

462 1750 638 1889 utrique
674 1785 808 1847 manu
844 1747 900 1845 ad
924 1744 1211 1845 osculandum
1243 1739 1456 1883 flagitanti
1491 1778 1753 1885 pernegata.
1793 1744 1929 1848 Dein-

462 1895 518 1992 de
554 1889 791 1993 conscensis
826 1889 1070 2021 jumcntis,
1105 1924 1289 2025 uterque
1339 1893 1459 2017 juxta
1495 1883 1636 2025 ipsam
1672 1885 1963 1988 Lusitanos-1·

463 2076 550 2178 que
586 2045 769 2177 Legatos
806 2066 1134 2134 convenerunt.
1185 2038 1309 2130 Tum
1344 2039 1447 2131 Dux
1482 2028 1731 2172 Brigantius
1768 2032 1829 2131 sic
1868 2067 1928 2134 est

461 2181 519 2280 ad
556 2221 630 2280 eos
666 2181 866 2279 locutus:
903 2176 1142 2297 „Missum
1179 2212 1223 2272 sc
1256 2166 1385 2271 fuisse
1421 2212 1447 2272 a
1481 2180 1658 2308 Joanne
1694 2177 1930 2317 Portugal·

386 2438 389 2443 ⁴
463 2324 589 2444 „liae
623 2335 750 2464 Rege
786 2361 887 2421 cum
923 2319 1066 2419 Maria
1102 2317 1191 2418 filia
1220 2394 1237 2437 ‚
1268 2352 1318 2415 ut
1355 2355 1452 2416 cam
1489 2318 1545 2416 ad
1580 2356 1789 2457 sponsum
1827 2319 1931 2422 Phi·

462 2460 685 2605 „lippum
715 2465 925 2566 Castellae
952 2463 1202 2604 Principem
1239 2460 1540 2590 deducendam
1578 2463 1774 2592 ejusdem
1806 2463 1932 2564 Prin-

462 2688 496 2738 „
511 2610 620 2751 cipis
656 2610 829 2751 Legatis
867 2607 1092 2715 traderet3
1129 2603 1355 2746 proinde,
1397 2604 1477 2742 qui
1513 2604 1752 2746 recipiendi
1788 2604 1931 2707 facul-

463 2762 648 2876 „tatem
684 2789 728 2851 et
764 2754 1025 2853 mandatum
1060 2793 1087 2850 a
1121 2747 1328 2890 Philippo
1364 2743 1588 2870 haberet,
1629 2748 1931 2892 profiteretur,

462 2898 760 3038 „litterasque
799 2892 1030 3038 proferret.
1061 2911 1092 2954 “
1908 3033 1910 3036 Ι

461 3030 472 3042 ”
533 3049 657 3142 XIV.
735 3042 807 3140 Ad
843 3039 948 3140 haec
984 3051 1088 3141 Dux
1123 3033 1506 3176 Meth‘ymnensis,
1542 3079 1627 3162 se,
1662 3076 1704 3142 et
1742 3041 1930 3184 Episco⁴

465 3223 575 3326 pum
611 3180 999 3326 Carthaginensem
1036 3193 1126 3316 ejus
1176 3183 1240 3284 rei
1275 3185 1416 3325 gratia
1450 3224 1476 3284 a
1511 3184 1718 3328 Philippo
1774 3178 1927 3287 missos

464 3368 551 3427 esse
587 3331 845 3468 respondit,
889 3329 1135 3470 litterasque
1156 3329 1354 3467 'protulit
1385 3368 1399 3437 s
1435 3327 1595 3469 quibus
1632 3330 1776 3472 palam
1823 3328 1932 3430 reci⁴

464 3472 602 3591 tatis,
635 3482 740 3572 Dux
776 3472 1018 3615 Brigantius
1055 3470 1290 3591 Mariam,
1327 3511 1440 3573 num
1491 3473 1605 3573 tradi
1656 3475 1825 3593 vellet,
1861 3472 1932 3573 in·
2067 3541 2071 3545 -

467 3615 735 3757 terrogavit.
785 3627 914 3737 Quae
951 3656 1056 3719 cum
1108 3618 1361 3738 annuisset,
1400 3616 1492 3756 ipse
1543 3614 1732 3718 habenas
1788 3617 1933 3715 mulae
2020 3665 2071 3703 =

466 3759 711 3902 principalis
748 3834 762 3879 ,
800 3799 911 3900 quas
939 3792 1104 3862 manu
1159 3760 1373 3885 tenebat,
1406 3758 1738 3899 Methymnensi
1791 3761 1935 3901 porri·
1981 3816 2071 3831 «-

467 3943 606 4044 gens,
644 3902 837 4004 Mariam
897 3946 939 4005 se
995 3905 1164 4005 tradere
1202 3905 1337 4005 dixit.
1394 3909 1516 4004 Tum
1552 3904 2071 4040 Methymnensis‚.-

468 4087 580 4147 num
623 4048 693 4148 illa
748 4082 856 4146 esset
891 4050 1034 4150 Maria
1071 4048 1259 4182 Joannis
1295 4047 1585 4189 Portugalliae
1620 4049 1756 4190 Regis
1811 4046 1929 4165 filia,

471 4230 607 4330 quam
644 4188 728 4292 sibi
764 4190 965 4334 Princeps
1009 4191 1237 4332 Philippus
1273 4230 1348 4330 per
1384 4228 1714 4332 procuratorem
1749 4195 2071 4330 despone-

468 4332 630 4453 disset,
673 4335 987 4477 interrogavit.
1054 4346 1248 4436 Etcum
1284 4376 1370 4436 esse
1407 4349 1510 4437 Dux
1545 4336 1825 4479 Brigantius,
1864 4343 2071 4433 Uae-

469 4476 896 4617 lyssipponcnsisque
935 4477 1299 4619 Archiepiscopus
1351 4481 1704 4617 respondissent,
1740 4478 2071 4618 accipent=

471 4659 557 4722 sese
594 4622 785 4720 Mariam
839 4621 981 4740 dixit,
1022 4619 1301 4761 habenasque
1358 4623 1547 4763 recepit.
1600 4630 1723 4723 Tum
1758 4623 2071 4766 Briganf

472 4764 596 4886 tius,
632 4764 712 4906 qui
748 4765 968 4886 aderant,
1003 4767 1059 4866 de
1110 4763 1190 4898 his
1229 4764 1354 4876 rebus
1406 4803 1703 4889 contestatus,
1741 4770 2071 4917 testimoj

1880 4913 2069 5014 nil
