4170 5866
587 429 829 510 cauom
876 428 931 508 v.
974 428 1089 509 trs.
1131 435 1223 512 xx.
1504 451 1585 549 Ῑ49

166 586 417 693 interram
471 580 730 703 descendit,
754 621 808 684 et
844 586 1067 684 Andream
1113 587 1300 689 Doriam
1347 586 1634 735 vectigalibus

160 772 384 851 auctum,
423 730 609 831 etitem
647 728 901 828 amissarum
939 729 1183 831 triremium
1237 733 1502 839 detrimento
1555 749 1636 840 cu'-

155 877 458 980 mulatissime
512 873 559 971 in
612 884 807 1012 psaesens
860 867 1146 1013 futurumque
1197 877 1387 997 sarcit0,
1424 882 1635 994 dimittit3

150 1022 299 1163 ipse,
335 1055 564 1119 conscensa
608 1016 950 1153 Hispanicarum
1002 1019 1252 1158 praetoria,
1289 1020 1336 1120 in
1374 1024 1676 1164 Hispaniam

156 1203 331 1266 tetram
378 1199 648 1302 portumque
692 1198 834 1265 novae
879 1160 1160 1303 Carthaginis
1202 1164 1407 1266 Kalendis
1445 1181 1637 1275 Decem-

154 1309 260 1411 bris
297 1308 493 1447 appulit.
526 1320 530 1327 ’
771 1327 777 1339 '

244 1462 366 1553 XXI.
443 1464 659 1554 Reversus
713 1449 759 1553 in
795 1452 1056 1595 Hispaniam
1106 1456 1326 1574 Carolus,
1360 1497 1412 1555 ex
1454 1457 1637 1560 Cartha-

157 1598 274 1740 gine
323 1633 440 1696 nova
478 1597 734 1716 Murciam,
771 1636 904 1737 atque
957 1599 1061 1696 inde
1098 1609 1328 1741 Ocagnam
1363 1601 1518 1720 venit,
1553 1604 1633 1706 ubi

160 1740 337 1844 Christi
374 1739 564 1839 natalem
594 1776 659 1839 et
715 1781 877 1881 paucos
919 1776 1139 1881 praeterea
1198 1745 1286 1844 dies
1337 1783 1441 1846 cunr
1491 1744 1636 1849 liberis

160 1886 294 2025 egits
332 1882 419 1983 huc
455 1885 573 1985 enim
611 1883 726 1983 filiae
764 1886 906 1987 multo
956 1922 1058 1987 ante
1094 1928 1146 1985 ex
1184 1888 1372 1988 Arevalo
1414 1891 1636 2032 migrave-

156 2066 301 2148 rant,
340 2064 383 2126 et
416 2026 642 2169 Philippus
679 2029 792 2166 patri
843 2029 1027 2130 obviarn
1065 2068 1240 2132 venerat
1293 2073 1345 2130 ex
1381 2035 1633 2158 Madriti0,

160 2172 250 2273 ubi
287 2211 392 2272 cum
431 2172 528 2310 ipso
564 2167 766 2272 Pontifex
802 2174 1045 2273 Toletanus
1081 2174 1228 2316 Regni
1263 2184 1556 2298 Procurator,
1593 2218 1636 2283 et
1775 2274 1777 2282 .

166 2317 314 2458 Regia
351 2315 552 2417 Consilia
588 2314 898 2417 morabantur.
953 2328 1016 2418 Ex
1052 2327 1239 2459 Ocagna
1275 2320 1521 2441 Toletum,
1557 2322 1636 2428 ubi

166 2459 378 2560 Castellae
431 2459 684 2560 Concilium
732 2471 822 2592 jam
874 2461 1090 2562 indictum
1150 2463 1309 2565 habere
1370 2463 1631 2605 cogitabat,

168 2602 305 2725 hinc,
348 2640 522 2705 mutato
560 2604 777 2725 consilio,
814 2605 1081 2705 Madritium
1119 2606 1273 2724 venit,
1307 2645 1388 2706 nec
1425 2609 1502 2708 diu
1537 2648 1636 2709 mo⁴

168 2787 323 2870 tatus,
353 2749 662 2867 Valdolitum,
703 2789 796 2888 quo
832 2749 1091 2849 Concilium
1127 2759 1364 2883 rejecerat,
1398 2750 1482 2851 huc
1518 2793 1634 2892 quo·

170 2933 260 3034 que
295 2894 499 2994 Consiliis
536 2893 711 2993 transire
747 2891 900 3024 jussis,
938 2891 1175 3032 pervenit,
1212 2931 1406 3032 cumque
1442 2935 1496 2993 eo
1532 2895 1635 3010 Phi÷

162 3039 313 3178 lippus
332 3114 347 3157 ,
365 3036 444 3178 qui
481 3076 728 3178 numquam
762 3077 788 3135 a
825 3071 976 3176 patre,
1006 3037 1115 3136 dum
1152 3036 1207 3135 ad
1231 3037 1494 3177 Hispaniam
1530 3081 1634 3141 mo-

169 3219 377 3301 raretur,
424 3180 698 3280 discedebat.
740 3193 859 3283 Cum
894 3181 1123 3280 civitatum
1159 3180 1290 3321 legati
1327 3181 1631 3304 Valdolitum,

169 3362 220 3449 ut
253 3326 356 3457 jussi
393 3365 547 3446 erant,
584 3325 921 3444 convenissent,
959 3324 1024 3424 his
1075 3324 1271 3444 coactis,
1308 3325 1490 3427 Carolus
1541 3327 1634 3464 pri-

170 3510 298 3572 mum
327 3471 560 3610 superioris
591 3469 657 3570 sui
682 3470 884 3570 discessus
910 3509 960 3569 ac
996 3469 1099 3571 belli
1124 3508 1479 3612 magnorumque
1516 3509 1636 3570 sum-

172 3650 300 3717 tuum
351 3616 587 3718 necessario
640 3652 936 3756 susceptorum
992 3654 1171 3734 causas,
1207 3649 1256 3713 ut
1300 3609 1388 3711 fere
1438 3611 1635 3733 solebat,
1751 3681 1754 3687 ‚

157 3757 482 3900 publicamque
532 3760 732 3901 inopiam
785 3793 828 3858 et
881 3758 1125 3859 maximum
1177 3796 1244 3858 aes
1294 3755 1531 3876 alienum,
1562 3756 1638 3857 cui

163 3905 394 4043 prouideri
432 3943 602 4004 necesse
657 3932 798 4022 esset,
834 3941 983 4002 coram
1035 3901 1293 4041 proposuit.
1348 3901 1522 4002 Deinde
1560 3938 1637 4039 per

152 4048 458 4147 internuntios
494 4051 550 4150 de
587 4049 848 4192 imperando
885 4045 1051 4147 tributo
1087 4045 1267 4164 retulit,
1291 4045 1345 4144 de
1369 4084 1462 4184 quo
1501 4045 1640 4183 potis-

149 4191 332 4292 simum
368 4267 383 4308 ,
419 4192 632 4331 quoniam
687 4192 791 4294 haec
840 4187 979 4293 fuerat
1028 4233 1155 4292 causa
1207 4190 1396 4329 cogendi
1440 4186 1646 4293 Concilii·

152 4336 456 4477 gravissima,
498 4373 708 4478 coeptum
745 4373 807 4435 est
844 4377 869 4432 a
904 4336 1055 4477 legatis
1091 4336 1139 4433 in
1176 4334 1330 4432 aedem
1350 4331 1474 4432 Divi
1514 4329 1646 4432 Pauli·

149 4478 528 4603 convenientibus
565 4479 744 4623 agitari.
788 4486 949 4617 Neque
1003 4515 1109 4576 vero
1166 4478 1220 4576 de
1271 4474 1406 4576 octies
1456 4512 1640 4577 centum

152 4622 359 4747 millibus
396 4628 657 4725 ducatorum
702 4625 749 4724 in
785 4621 984 4762 sequenti
1022 4621 1215 4721 triennio
1253 4619 1490 4759 pendendis
1525 4658 1634 4718 con-

150 4770 378 4869 troversia
416 4766 537 4888 fuit,
576 4769 662 4870 hoc
699 4767 820 4868 enim
858 4765 1075 4868 tributum
1109 4765 1486 4907 pecuniarumque
1524 4800 1635 4861 sum·

1565 4941 1641 5003 ma
