4102 5864
466 483 710 566 ennom
751 484 803 562 v.
846 483 964 561 cru.
1006 481 1204 562 xxvrr.
1423 496 1506 585 411

96 641 155 742 ad
191 641 541 782 oppugnandam
577 649 778 740 Parmam
813 640 1084 746 deducendas
1120 637 1344 742 attribuit.

172 794 268 884 Vll.
341 786 511 885 Eodem
546 819 745 924 tempore
780 785 1021 883 Pernandus
1058 795 1314 926 Gonzaga,
1351 823 1401 885 ut
1436 788 1552 893 inter

97 929 274 1065 Julium
311 966 355 1028 et
389 928 597 1030 Carolum
633 965 941 1048 convenerat,
976 943 1081 1029 cum
1115 928 1420 1068 Hispanorum
1469 973 1550 1073 pe-

98 1072 242 1211 ditum
279 1073 490 1214 quinque
515 1068 742 1192 millibus,
777 1107 820 1173 et
855 1070 1075 1213 equitibus
1110 1071 1393 1211 cataphractis
1445 1116 1550 1176 cen·

99 1248 198 1313 tum
236 1218 595 1359 quinquaginta,
630 1215 801 1316 levioris
838 1252 1081 1316 armaturae
1116 1215 1238 1323 mille
1275 1217 1546 1357 quingentis,

98 1359 360 1461 Mediolano
395 1362 510 1460 circa
557 1359 790 1460 solstitium
827 1360 1043 1459 aestivum
1095 1395 1292 1479 movet,
1340 1363 1418 1499 qui
1468 1357 1552 1464 fuit

96 1538 234 1602 annus
285 1502 450 1606 Christi
501 1504 752 1604 millesimus
800 1503 1174 1646 quingentesimus
1226 1504 1541 1647 quinquagesi-
1564 1534 1656 1605 Ans.
1683 1560 1814 1606 unm.

98 1681 196 1744 mus
232 1647 581 1790 primus,atque
618 1689 686 1748 eas
722 1649 869 1788 copias
889 1654 1116 1746 Tanarum
1153 1647 1339 1747 fluvium
1376 1648 1548 1751 duobus
1662 1774 1666 1782 ι
1792 1678 1799 1692 ·

97 1824 123 1884 a
158 1797 311 1892 Parma
347 1791 541 1892 millibus
578 1801 775 1921 trajectas
810 1791 857 1891 in
893 1800 1168 1916 Parmensem
1205 1780 1360 1929 agrum
1406 1830 1549 1933 popu-

94 1926 308 2034 labundus
343 1935 541 2034 inducit.
588 1935 739 2033 Paucis
775 1969 874 2072 post
909 1931 1058 2033 diebus
1094 1933 1348 2037 Pontificiae
1391 1938 1546 2074 copiae

93 2078 410 2211 perveniunt,
446 2074 605 2217 quibus
640 2075 988 2192 accedentibus,
1026 2078 1304 2219 eruptionem
1341 2078 1545 2178 adversa·

93 2215 150 2314 rii
184 2215 420 2340 fecerunt,
469 2256 512 2319 et
548 2221 714 2360 praelio
762 2219 1048 2320 tumultuario
1108 2221 1343 2333 commisso
1396 2223 1546 2323 acriter

91 2363 300 2506 utrinque
337 2400 614 2506 pugnatum,
651 2400 695 2465 et
730 2367 927 2497 Joannes
962 2363 1055 2503 ipse
1091 2366 1320 2506 Baptista,
1357 2403 1400 2464 et
1438 2367 1545 2468 item

89 2506 293 2650 Princeps
336 2507 620 2609 Macedoniae
670 2508 866 2608 militum
917 2506 1117 2607 tribunus
1167 2506 1406 2607 vulnerati.
1461 2513 1544 2610 Sed

91 2652 335 2751 Fernandus
368 2661 608 2793 Gonzaga‚
633 2651 712 2792 qui
748 2649 848 2752 belli
884 2690 1104 2752 summam
1140 2648 1402 2769 obtinebat,
1422 2691 1544 2751 eum-

91 2786 196 2895 dem
217 2803 455 2932 ‘Joannem
491 2797 727 2934 Baptistam
763 2834 867 2894 cum
903 2836 953 2895 ea
989 2835 1171 2912 manu,
1214 2831 1351 2933 quam
1388 2796 1545 2893 ducta·

90 2924 202 3056 bat,
238 2940 535 3040 Mirandulam
570 2940 865 3058 contendere,
895 2977 945 3036 ac
981 2937 1209 3037 obsidione
1243 2975 1434 3076 premere
1473 2946 1545 3064 ju-

88 3069 193 3178 bet.
231 3084 593 3183 Adversariorum
642 3085 772 3182 duces
810 3158 823 3193 ,
859 3119 908 3183 ut
952 3078 1197 3181 obsidentes
1244 3078 1398 3218 copiae
1442 3080 1543 3180 inde

88 3223 405 3327 advocarentur
456 3248 499 3327 et
549 3225 850 3327 distinerentur
882 3301 898 3345 ,
934 3232 1113 3324 Petrum
1163 3237 1368 3323 Strozum
1404 3300 1419 3341 ,
1465 3224 1545 3361 qui
1577 3235 1589 3328 f

87 3367 278 3469 militem
318 3372 610 3489 conduceret,
644 3409 746 3470 curn
784 3367 967 3511 pecunia
1003 3366 1282 3484 dimittunt,
1321 3401 1393 3483 et,
1431 3367 1541 3504 quid

86 3499 181 3612 lieri
215 3514 390 3633 velint,
426 3515 689 3615 ostendunt.
746 3521 783 3613 Is
819 3545 1007 3654 quatuor
1051 3509 1242 3610 millibus
1300 3507 1538 3608 hominum

85 3693 162 3794 per
211 3660 486 3759 Ferrar'ienses
536 3697 579 3759 et
615 3658 911 3757 Bononienses
961 3654 1067 3755 fines
1119 3646 1327 3754 confectis
1383 3691 1540 3794 agrum

84 3803 410 3905 Bononiensem
447 3802 648 3944 populari
683 3801 853 3938 coepit.
957 3834 960 3840 ·

158 3952 274 4043 VllI.
349 3957 453 4047 Hoc
505 3945 708 4046 nuntiato
743 3956 956 4084 Gonzaga
1006 3942 1062 4041 ad
1111 3944 1338 4079 Joannenr
1389 3938 1540 4080 Bapti·

83 4122 198 4187 stam
234 4085 412 4209 mittit,
448 4127 498 4189 ut
533 4090 581 4190 in
615 4102 818 4190 Strozum
854 4085 1004 4227 copias
1039 4085 1311 4202 induceret,
1348 4123 1539 4222 eumque

82 4229 138 4330 ab
174 4231 347 4365 injuriis
383 4272 427 4333 et
462 4233 679 4334 maleficio
732 4227 1012 4373 prohiberet.
1064 4231 1146 4331 Sed
1182 4266 1332 4327 earum
1385 4228 1538 4365 copia-

81 4412 183 4477 rum
218 4377 551 4478 adventantium
588 4375 746 4478 nuntio
796 4371 1079 4475 tumultuaria
1128 4372 1200 4470 illa
1237 4406 1279 4468 et
1313 4370 1427 4468 male
1465 4408 1538 4468 ar⁴

78 4555 201 4618 mata
238 4560 390 4619 manus
427 4525 650 4661 perterrita
685 4519 934 4618 dissolvitur
967 4588 983 4639 ,
1021 4550 1189 4658 praeter
1233 4512 1399 4654 equites
1435 4553 1537 4614 cen-

77 4695 213 4777 tum,
249 4700 292 4761 ct
328 4666 517 4765 totidem
554 4658 897 4806 scloppetarios,
932 4661 1010 4803 qui
1046 4695 1090 4757 ct
1125 4658 1214 4797 ipsi
1251 4658 1374 4798 equis
1410 4657 1536 4756 inve-

78 4803 299 4908 hebantur
335 4882 352 4935 ,
389 4849 493 4911 cum
529 4809 689 4951 quibus
724 4817 926 4909 Parmam
976 4804 1208 5046 reveqpenti
1242 4816 1398 4905 Strozo
1434 4810 1537 4899 Ho-

1053 4960 1081 5047 F
1132 4987 1157 5046 2
1470 4979 1540 5040 ra·
