4102 5864
575 416 815 510 ennom
857 415 910 507 tr.
951 417 1068 506 ιιι.
1094 423 1240 506 navt.
1506 402 1596 522 353

177 593 379 689 XIV.
434 593 533 683 Er
553 619 612 682 eo
663 618 806 721 portu
831 576 1066 719 Philippus
1116 576 1276 678 litteras
1323 580 1379 679 ad
1427 582 1637 684 Carolum

187 763 356 872 patrem
391 725 594 844 dederat,
621 723 782 885 quibus
817 758 919 825 eum
954 723 1010 821 de
1045 760 1119 823 sua
1153 715 1423 863 profectione
1458 759 1502 824 et
1537 765 1636 825 coe
1717 821 1722 833 ,

183 905 262 1014 pta
313 867 590 1009 navigatione
640 866 873 970 certiorem
922 858 1123 984 faceret,
1164 898 1214 964 ut
1260 866 1394 1003 paulo
1439 902 1548 967 ante
1580 869 1635 969 ad

182 1011 542 1114 Maximilianum
566 1026 609 1110 et
642 1045 834 1111 sororem
870 1002 1054 1109 fecerat.
1093 1018 1234 1106 Cum
1246 1008 1336 1107 dies
1370 1007 1538 1148 aliquot
1568 1009 1638 1149 ibi

183 1152 540 1255 commodiorem
585 1185 883 1292 tempestatem
926 1145 1082 1249 frustra
1111 1147 1435 1288 exspectasset,
1473 1187 1517 1252 ct
1550 1153 1636 1251 ite-

183 1335 286 1396 rum
323 1337 375 1396 ex
410 1297 482 1395 via
517 1291 667 1396 fuisset
700 1304 880 1427 rejectus
894 1369 910 1413 ,
952 1292 1101 1392 statuit
1138 1292 1186 1390 in
1221 1327 1341 1392 tanta
1377 1330 1519 1393 rerum
1548 1293 1634 1397 ini

185 1439 363 1581 quitate
357 1437 547 1539 dubiae
579 1435 776 1542 fortunae
811 1470 898 1538 sese
944 1434 1266 1552 committere,
1303 1471 1348 1535 et
1383 1435 1532 1537 littora
1567 1437 1633 1537 le·

183 1583 376 1743 gendo,
412 1602 694 1740 quacumque
742 1580 912 1682 ratione
946 1580 1147 1698 daretur,
1176 1578 1435 1718 procedere.
1482 1586 1629 1720 Aegre

185 1724 319 1884 igitur
354 1755 482 1823 remis
517 1757 668 1824 contra
695 1757 848 1826 ventos
882 1753 1273 1862 tempestatemque
1308 1720 1541 1840 nitendo,
1575 1722 1632 1823 ad

183 1864 420 1964 stationem
455 1900 638 1967 ventum
672 1859 786 1984 fuit,
825 1902 940 2004 quae
975 1866 1126 1963 estad
1161 1875 1342 1962 Fossam
1361 1798 1629 2023 Mariariams

182 2005 264 2105 ubi
301 2040 404 2105 curn
432 1997 528 2105 dies
562 2006 734 2149 aliquot
769 1996 1094 2147 tempestatibus
1130 2005 1421 2123 detineretur,
1454 2042 1515 2104 rer
1502 1999 1635 2105 fru

184 2148 430 2250 mentatiae
473 2148 920 2313 commeatibusque
926 2182 1119 2250 metuens
1168 2149 1476 2287 (quamquam
1518 2148 1632 2248 Galli

184 2290 350 2390 cibaria
400 2292 630 2392 communi
664 2291 853 2431 pretio,
890 2289 1021 2429 siquis
1056 2324 1253 2388 nostrum
1295 2291 1397 2389 inde
1439 2318 1603 2429 peteret
1614 2362 1631 2405 ,

182 2468 288 2533 non
312 2435 620 2573 denegabant)
666 2443 865 2534 Genuam
920 2434 975 2531 ad
1017 2430 1281 2533 Gomezium
1324 2440 1518 2531 Xuarem
1559 2430 1632 2530 Fi·

184 2599 395 2715 gueroam
430 2576 580 2675 Caroli
614 2575 805 2675 Caesaris
841 2571 919 2673 ad
928 2572 1190 2675 Genuenses
1227 2575 1420 2714 legatum
1460 2563 1633 2695 scribit,

183 2726 300 2846 jusso
336 2713 566 2817 tabellario
595 2751 786 2816 terrestre
821 2715 903 2815 iter
950 2717 1222 2833 accelerare,
1256 2749 1307 2814 ut
1349 2752 1504 2815 navem
1552 2715 1631 2814 bis

182 2893 315 2959 cocto
352 2897 464 2999 pane
493 2894 544 2959 et
592 2858 763 3020 reliquo
814 2881 1065 2959 commeatu
1110 2886 1316 2959 onustam
1357 2856 1485 2959 sibi
1485 2857 1630 3027 primo

186 3030 373 3146 quoque
403 3003 598 3139 ternpore
634 3003 826 3100 mitteret
861 3000 1073 3102 obviam.
1166 3026 1170 3031 ’
1746 2990 1760 3125 ’ἱ

255 3141 405 3244 XV.
435 3144 598 3243 Sedata
620 3172 901 3283 tempestate,
918 3143 1055 3241 classis
1090 3143 1146 3241 ad
1180 3139 1334 3244 insulas
1351 3218 1366 3261 ,
1386 3178 1500 3281 quae
1531 3142 1631 3240 sunt
1688 3243 1692 3252 ,

184 3315 286 3381 ante
314 3281 591 3407 Massiliam,
626 3285 939 3428 progreditur.
960 3283 1060 3382 Hic
1092 3322 1317 3444 quqque,
1355 3317 1403 3383 ut
1437 3276 1630 3381 fecerant

186 3424 243 3521 ad
284 3435 458 3526 fessam
499 3426 783 3545 Marianam,
831 3424 963 3528 Gallis
1004 3424 1187 3526 Henrici
1228 3423 1363 3564 Regis
1408 3424 1629 3523 voluntate
1753 3441 1754 3452 '

184 3560 436 3666 liberaliter
447 3566 783 3730 pollicentibus,
801 3555 844 3667 et
880 3575 1149 3668 commeatus
1176 3510 1497 3686 deferentibus,
1518 3605 1632 3704 quo-

182 3743 283 3806 ιιιιιι
318 3707 606 3844 internuntios
642 3735 685 3808 et
720 3702 867 3807 officia
903 3706 1127 3847 Philippus
1162 3705 1389 3807 liberaliter
1426 3738 1630 3806 remune-

184 3847 300 3946 ravit
332 3922 347 3986 ,
385 3849 448 3948 ad
475 3849 728 3951 Stoechadas
763 3848 943 3949 insulas
932 3859 1209 4013 progressus
1242 3927 1257 3970 ,
1290 3872 1547 3990 parumper
1564 3846 1632 3950 ibi

181 3989 450 4127 tempestatis
484 4011 608 4093 'causa
640 4015 937 4123 commoratus
974 4028 1062 4093 est.
1118 3992 1206 4093 Hic
1235 4014 1363 4091 navis
1404 4028 1631 4091 commea

181 4126 304 4228 tibus
339 4150 531 4252 onusta,
570 4135 625 4233 de
660 4155 748 4274 qua
783 4125 1038 4275 Philippum
1078 4145 1278 4236 Genuam
1315 4132 1521 4301 scripsisse
1557 4170 1632 4230 su-

182 4292 261 4430 pra
297 4270 530 4393 diximus,
539 4276 653 4374 satis
689 4313 937 4417 opportune
971 4276 1193 4394 occurrit,
1231 4313 1333 4377 cum
1369 4282 1459 4403 jam
1494 4271 1632 4372 classis
1698 4389 1701 4404 .

183 4412 335 4552 inopia
369 4414 434 4512 rei
468 4351 773 4548 fritmentariae
805 4453 1066 4518 tentaretur.
1105 4424 1210 4553 Jam
1245 4406 1391 4515 Leton
1418 4414 1633 4516 Lerinam-

179 4572 282 4711 que
308 4579 471 4700 parvas
486 4559 660 4689 ‘insulas
692 4560 1003 4673 transmiserat,
1038 4558 1248 4714 laetisque
1284 4549 1491 4658 omnibus
1527 4556 1633 4658 clas

183 4693 249 4794 si's
279 4721 327 4794 e
350 4697 563 4838 regione
554 4682 729 4803 Niceae
771 4697 1027 4822 ferebatur,
1065 4739 1169 4801 cum
1209 4738 1367 4844 magna
1401 4685 1674 4843 gratulatio

195 4875 198 4885 ’
259 4872 265 4891 '
1037 4851 1228 4980 Yya
1543 4875 1636 4940 tor-
