4124 5880
496 443 749 528 cauom
798 441 852 522 v.
903 446 1016 527 Lrss.
1057 451 1211 533 xvrr.
1488 458 1549 551 53

110 608 325 721 micitiae
363 604 679 754 sempiternae.
718 617 938 709 Praeterea
974 608 1147 749 quoties
1183 606 1356 753 publica
1382 610 1596 717 Christia÷

110 800 291 866 norum
327 792 454 858 causa
489 751 748 856 officiumve
784 789 1014 895 posceret,
1048 795 1092 855 sc
1128 791 1280 857 contra
1315 758 1478 901 impios
1514 759 1597 863 ho÷

105 944 207 1010 stes
246 902 458 1007 auxilium
493 899 657 1000 Carolo
702 898 931 1008 laturum3
971 934 1013 999 et
1050 902 1130 999 ad·
1160 901 1286 1042 pium
1321 901 1524 1029 bellum,
1560 907 1597 1010 si

107 1095 142 1153 a
184 1046 352 1150 Carolo
388 1079 569 1148 vocatus
624 1040 796 1164 fuerit,
832 1045 980 1183 ipsum
1034 1082 1283 1148 secuturum
1334 1049 1594 1191 promittit,

108 1232 163 1297 et
202 1190 429 1334 repudiata
463 1199 710 1291 Tutcarum
746 1187 976 1309 amicitia,
1003 1228 1253 1333 numquam
1289 1196 1479 1334 amplius
1516 1235 1597 1300 nec

111 1340 273 1483 ipsos,
296 1377 376 1438 nec
412 1336 612 1476 ipsorum
639 1373 768 1435 naves
805 1371 905 1477 post
937 1330 1125 1435 foederis
1162 1372 1334 1479 tempus
1370 1337 1455 1438 sibi
1490 1380 1593 1450 cum
1654 1421 1656 1426 -

120 1486 190 1588 eis
224 1512 401 1624 paetum
438 1517 481 1581 ct
518 1479 840 1598 constitutum,
876 1490 999 1614 cujus
1036 1481 1247 1582 terminus
1286 1491 1376 1613 jam
1412 1519 1595 1623 appete-

117 1665 224 1746 ret,
265 1626 348 1726 suis
387 1621 547 1726 finibus
584 1660 659 1725 aut
694 1620 905 1765 portubus
943 1660 1258 1766 recepturum,
1288 1626 1457 1765 prolixe
1492 1633 1594 1769 pol-

120 1773 307 1874 licetur.
344 1769 418 1870 Ad
453 1766 560 1870 haec
615 1768 803 1869 Carolus
839 1843 857 1894 ,
891 1805 1068 1911 accepta
1104 1768 1190 1870 fide
1227 1805 1270 1869 et
1305 1770 1591 1898 conditione,

119 1957 264 2061 pauca
300 1914 564 2056 respondit,
598 1912 805 2054 Regiquc
841 1951 923 2052 pro
960 1915 1039 2014 tali
1074 1915 1229 2015 animo
1266 1914 1393 2015 inse
1441 1915 1592 2056 publi-⁴

124 2101 322 2202 cumque
361 2057 531 2160 bonum
567 2058 725 2200 gratias
761 2057 888 2200 agit,
924 2092 969 2157 et
1004 2057 1088 2158 sibi
1127 2097 1278 2199 parem
1314 2059 1592 2165 voluntatem

121 2242 167 2307 et
203 2202 562 2308 benevolentiam
615 2240 715 2344 erga
750 2212 924 2345 Regem
960 2237 1004 2302 et
1040 2200 1199 2303 liberos
1219 2281 1234 2322 ,
1251 2262 1253 2265 ·
1270 2238 1312 2304 et
1357 2241 1460 2304 cum
1513 2207 1592 2308 eis-

123 2353 227 2452 dem
265 2347 515 2470 omnibus,
552 2377 770 2490 quantum
806 2347 992 2488 quidem
1026 2345 1072 2445 in
1115 2387 1158 2447 se
1194 2343 1364 2471 fuerit,
1400 2351 1596 2452 concor-'

122 2496 243 2596 diam
282 2530 325 2594 et
360 2493 604 2594 amicitiam
639 2530 807 2633 semper
830 2599 832 2603 ,
857 2486 954 2591 fore
1007 2491 1253 2632 promittit.
1310 2493 1435 2592 Ha'cc
1485 2534 1590 2597 cum

122 2639 236 2741 inter
274 2679 318 2738 se
354 2635 534 2740 fuissent
581 2636 826 2757 collocuti,
864 2635 1049 2738 Carolus
1085 2635 1296 2778 vesperi,
1330 2636 1448 2737 dicta
1487 2639 1590 2742 red-.

121 2784 305 2925 ditaquc
342 2783 602 2884 amicissima
638 2780 809 2900 salute,
848 2779 904 2879 ad
940 2819 1071 2880 naves
1107 2778 1382 2922 regreditur.
1495 2866 1498 2871 ,

199 2936 370 3028 XXXI.
446 2924 664 3028 Postridie
696 2925 891 3055 'Carolus
943 2921 1233 3024 subidoneam
1284 2957 1591 3063 tempestatem

123 3106 311 3191 nactus,
349 3070 528 3172 sublatis
564 3067 791 3188 anchoris,
818 3068 871 3169 de
906 3067 1049 3208 prima
1067 3112 1069 3116 ’
1084 3068 1238 3210 vigilia
1274 3064 1592 3208 proficiscitu13

125 3217 199 3315 sed
236 3219 291 3315 ad
329 3250 567 3316 extremam
594 3247 798 3355 quartam
835 3247 1083 3330 euronoto,
1104 3223 1225 3345 cujus
1261 3208 1496 3313 utebantur
1528 3216 1589 3314 ‘0-

123 3355 280 3500 bliquo
315 3359 456 3481 flatu,
491 3358 842 3476 increbescente,
864 3354 985 3456 mare
1018 3358 1168 3497 coepit
1203 3353 1485 3459 vehementer
1520 3356 1589 3458 in*

125 3536 359 3606 tumescere
396 3548 406 3604 :
450 3505 512 3604 ita
568 3543 671 3604 cum
706 3501 845 3602 nullus
891 3500 1074 3642 propior
1122 3537 1228 3602 esset
1281 3539 1468 3642 portus,
1504 3540 1588 3601 eo-

125 3647 262 3768 dem,
301 3651 420 3750 unde
461 3646 633 3748 fiterant
669 3640 897 3787 profecti,
934 3646 1077 3745 multo
1112 3654 1203 3778 jam
1240 3645 1312 3765 die
1346 3646 1587 3749 necessario

118 3826 418 3893 reverterunt.
471 3803 577 3892 Hoc
629 3790 965 3904 animadvers0,
1000 3787 1175 3930 Regina
1212 3790 1345 3923 (nam
1398 3802 1494 3893 Rex
1544 3828 1585 3893 et

116 3933 256 4032 liberi
290 3937 420 4075 paulo
457 3971 558 4036 ante
594 3935 900 4072 discesserant)
936 3969 986 4033 ut
1022 3929 1198 4038 fratrem
1234 3934 1470 4055 reviseret,
1507 3972 1586 4034 cu-

110 4085 192 4208 ¹jus
230 4078 455 4219 colloquio
506 4117 551 4180 et
602 4112 838 4220 conspectu
892 4077 1057 4220 expleri
1106 4119 1200 4181 non
1244 4114 1446 4222 poterat,
1482 4110 1585 4183 cum

120 4259 263 4360 parvo
300 4216 563 4326 feminarum
599 4226 818 4327 comitatu
854 4223 1092 4327 conscensis
1128 4223 1375 4343 naviculis,
1408 4223 1463 4323 ad
1498 4233 1588 4323 Cae

122 4368 272 4468 rolum
310 4369 462 4489 venit,
491 4408 536 4473 et
572 4408 675 4470 cunr
710 4371 809 4510 ipso
847 4371 952 4468 duas
989 4369 1177 4510 amplius
1212 4367 1341 4467 horas
1377 4404 1587 4471 commo-

126 4542 215 4613 rata
250 4547 294 4611 et
324 4515 545 4617 collocuta
578 4522 668 4616 est.
713 4516 787 4613 Ad
806 4512 1021 4655 Reginae
1056 4515 1294 4613 adventum
1328 4522 1419 4646 jam
1454 4516 1588 4616 laetus

125 4684 174 4749 et
219 4659 348 4758 omni
401 4659 677 4763 solicitudine
730 4658 955 4801 explicitus
991 4659 1185 4762 Andreas
1221 4657 1398 4782 Doria,
1433 4660 1590 4762 vexilla

130 4792 247 4919 jubet
282 4842 337 4903 ac
369 4803 497 4944 signa
533 4802 740 4910 militaria
775 4801 1028 4949 pulchriora
1081 4845 1124 4910 et
1177 4810 1361 4943 majore
1378 4811 1590 4936 numero,

1456 4984 1594 5095 quam
