4102 5864
398 475 399 483 ‘
521 455 763 561 ennom
806 474 856 555 v
900 452 1533 581 trss.xxv1.395

114 609 322 735 deranda
352 628 598 773 putabat,
616 673 709 732 non
744 667 843 731 ante
880 630 990 729 banc
1025 629 1232 769 Dragutis
1270 631 1432 734 malam
1483 675 1566 774 pu·

114 818 252 920 gnam
288 778 426 876 ictum
477 812 586 875 est·
577 842 588 883 ‚
621 814 814 876 ceterum
866 775 1072 914 utrinque
1109 773 1228 873 bona
1279 773 1365 874 fide
1418 816 1564 878 serva-

112 956 248 1040 tum,
273 955 316 1018 et
351 932 448 1022 Rex
483 920 845 1020 commeatibus
830 954 946 1048 Justo
982 918 1123 1058 pretio
1160 921 1436 1058 suggerendis
1471 960 1562 1025 ma·

117 1103 211 1204 gno
247 1063 401 1163 nostris
435 1064 692 1192 adjumento
727 1057 841 1160 fuit.

183 1213 422 1303 LXXVIII.
497 1205 641 1345 Regis
685 1202 812 1334 hujus
846 1203 998 1304 litteris
1035 1240 1079 1305 et
1113 1202 1270 1303 nuntio
1312 1205 1442 1304 duces
1478 1246 1557 1308 no-

111 1346 186 1445 stri
222 1349 276 1445 de
311 1360 508 1488 Dragute
543 1347 729 1463 certiora
764 1384 1114 1488 cognoverunt,
1150 1382 1200 1446 ut
1236 1346 1376 1446 victus
1410 1389 1436 1447 a
1470 1389 1557 1449 no-

110 1489 205 1586 stris
242 1527 408 1628 magno
444 1526 624 1629 accepto
660 1489 928 1591 detrimento
965 1492 1020 1590 ad
1056 1530 1150 1590 suas
1185 1487 1227 1589 se
1264 1529 1393 1590 naves
1443 1532 1556 1596 rece·

109 1630 267 1769 pisset.
324 1641 453 1733 Tunc
487 1632 735 1732 Antonium
769 1634 954 1734 Doriam
1003 1633 1051 1733 in
1087 1632 1278 1734 Siciliam
1328 1673 1431 1733 cum
1475 1637 1555 1735 de-

107 1811 206 1875 cern
242 1772 488 1875 triremibus
525 1775 735 1937 proficisci
782 1775 980 1916 placuit,
1014 1811 1063 1876 ut
1103 1777 1139 1875 si
1188 1771 1304 1876 forte
1340 1789 1555 1917 Dragutes

106 1951 204 2053 per
236 1955 479 2019 nostrarum
529 1919 772 2017 triremium
822 1917 1114 2037 absentiam,
1168 1955 1212 2018 et
1264 1920 1552 2023 deductorum

105 2048 419 2197 praesidiorum
453 2060 727 2163 occasionem
762 2061 1053 2200 quidquam
1043 2100 1086 2159 rn
1122 2101 1151 2159 o
1186 2060 1287 2201 pida
1333 2064 1553 2163 maritima

106 2233 323 2319 tentaret,
359 2203 521 2301 auxilio
557 2239 696 2323 esset,
731 2202 946 2342 simulque
982 2243 1035 2301 ex
1070 2100 1237 2303 arcibus
1273 2201 1430 2344 globos
1466 2200 1551 2305 fer

106 2380 237 2462 reos,
276 2379 319 2442 et
354 2347 682 2446 tormentarium
720 2345 944 2485 pulverem
991 2347 1047 2444 ad
1082 2343 1341 2485 Aphrodisii
1389 2386 1553 2487 urgen-

104 2487 210 2587 dam
251 2488 627 2651 oppugnationem
662 2490 948 2627 deportaret
986 2489 1156 2588 Eodem
1192 2524 1388 2630 tempore
1425 2499 1552 2589 Mar

102 2668 157 2727 co
210 2632 466 2731 Centurioni
526 2633 753 2733 triremes
750 2632 919 2732 decem
969 2630 1253 2750 attributae,
1307 2634 1549 2771 datumque

103 2773 369 2913 negotium,
402 2812 451 2874 ut
487 2784 685 2875 Genuam
722 2773 980 2915 navigaret,
1017 2773 1120 2871 inde
1155 2709 1460 2874 Mediolanum
1495 2775 1551 2873 ad

100 2918 373 3018 Fernandum
407 2928 660 3059 Gonzagam
695 2916 755 3016 ire
791 2950 1080 3056 properaret,
1115 2912 1171 3013 ab
1208 2956 1350 3055 eoque
1385 2916 1550 3015 ducum
1608 3034 1620 3061 s

51 3183 57 3192 Ι
102 3058 244 3156 verbis
283 3060 635 3199 supplementum
672 3059 971 3198 Hispanorum
1006 3057 1200 3158 militum
1235 3060 1291 3157 ad
1327 3056 1551 3197 Aphrodi

102 3199 155 3297 sii
192 3202 572 3361 oppugnationem
617 3202 906 3343 peragendam
942 3203 1211 3341 postularet,
1248 3237 1290 3299 ct
1327 3240 1423 3301 eam
1474 3240 1550 3298 ur-

101 3336 266 3440 bem
254 3381 300 3442 m
336 3346 486 3444 Caroli
527 3345 715 3445 Caesaris
768 3379 1025 3482 potestatem
1076 3343 1297 3483 pervenire
1333 3380 1550 3483 quantum

100 3520 229 3583 usum
281 3486 455 3587 haberet
515 3491 571 3588 ad
624 3525 909 3586 communem
962 3487 1311 3586 Christianorum
1366 3484 1548 3586 salutem

100 3630 343 3750 tuendam,
380 3666 423 3729 et
458 3630 698 3770 piratarum
734 3629 899 3760 injuriis
955 3633 1307 3744 occurrendum,
1342 3628 1546 3744 doceret,

99 3806 183 3868 nec
220 3812 312 3870 rem
349 3768 442 3872 fore
479 3775 722 3875 admodum
777 3771 1050 3890 difficilem,
1106 3773 1230 3912 siqua
1278 3768 1352 3870 fiat
1387 3770 1549 3910 Hispa·

99 3949 261 4010 norum
296 3916 489 4015 militum
525 3917 746 4022 accessio,
779 3955 893 4015 nunc
930 3916 1050 4014 enim
1086 3914 1133 4012 in
1178 3948 1298 4013 tanta
1348 3946 1548 4052 pauctta

100 4090 146 4151 te
183 4056 422 4194 periculum
459 4057 580 4179 esse,
608 4099 672 4157 ne
707 4090 781 4156 aut
814 4057 1056 4160 extrahatur
1092 4055 1297 4170 bellurn,
1333 4092 1406 4153 aut
1443 4091 1546 4152 curn

97 4233 259 4338 magna
295 4235 541 4301 nostrorum
578 4212 740 4333 jactura
775 4200 1056 4301 conficiatur.

153 4348 361 4441 LXXIX
427 4346 625 4444 Antonio
652 4343 844 4463 Dotia,
874 4378 917 4443 et
952 4352 1108 4442 Marco
1143 4336 1408 4440 Centurione
1443 4376 1547 4437 curn

98 4480 345 4582 triremibus
383 4487 568 4585 dimissis
611 4422 865 4624 ,singulaii
900 4485 1087 4585 militum
1137 4482 1375 4644 diligentia
1415 4517 1547 4580 castra

98 4625 354 4725 muniuntur
373 4665 466 4749 ,et
488 4629 717 4730 necessaria
752 4630 1022 4727 renovandae
1059 4626 1381 4767 oppugnationi
1424 4663 1547 4724 com-

91 4801 350 4904 parantur,
398 4775 621 4913 apertique
656 4769 848 4873 cuniculi
883 4773 1081 4912 proxime
1119 4808 1266 4870 muros
1302 4770 1548 4913 perducun-

994 4915 1141 5017 Ddda
1452 4946 1550 5025 tut,
