4124 5880
581 416 826 498 emtorr
863 417 913 496 ν.
955 419 1075 498 ite.
1100 419 1222 502 xix.
1532 445 1586 530 99

166 609 281 696 tere,
305 612 350 678 et
387 614 476 718 per¹
499 572 697 715 ipsorum
732 573 932 714 regiones
968 574 1017 674 in
1052 578 1253 717 Belgium
1290 622 1522 725 properare
1559 591 1627 687 de-

165 722 331 824 crevit.
377 731 528 861 Itaque
555 719 672 860 Regi
708 757 789 858 pro
826 750 946 816 tanta
981 716 1237 822 liberalitate
1271 729 1431 863 gratias
1466 772 1627 873 agens,

159 905 207 966 se
246 864 553 969 conditionem
590 861 819 1002 accipere,
847 901 988 1002 eaque
1022 860 1207 970 libenter
1239 860 1498 1011 propediem
1534 917 1627 979 usu.

162 1047 264 1111 rum
302 1051 387 1111 esse
421 1008 671 1147 respondit.
1242 1071 1245 1075 <
1431 1044 1432 1049 ‘
1563 1102 1566 1107 ,

234 1164 304 1253 ΙΠ.
383 1164 596 1252 Ceterum
629 1148 806 1251 Isabella
841 1157 1038 1294 Augusta
1084 1155 1321 1259 immatura
1356 1196 1540 1281 morte,
1576 1200 1626 1264 ut

167 1335 295 1438 supra
331 1295 680 1397 demonstratum
716 1332 813 1417 est,
849 1295 1044 1426 sublata,
1064 1335 1107 1400 et
1141 1301 1349 1443 Philippo
1386 1305 1478 1405 filio
1514 1343 1627 1406 non-

168 1444 278 1541 dum
311 1441 615 1541 maturitatem
652 1442 707 1540 ad
743 1436 1063 1581 gubernandun
1099 1483 1176 1594 per
1212 1482 1400 1545 aetatem
1436 1450 1626 1588 adepto,

166 1583 377 1698 Carolus,
417 1585 486 1685 cui
528 1584 806 1727 potissimum
841 1584 1062 1687 discedens
1102 1590 1311 1690 Castellae
1351 1591 1627 1729 procuratio·
1663 1692 1665 1699 ὃ

163 1768 267 1830 nem
310 1729 570 1848 mandaret,
607 1724 892 1867 ambigebat.
947 1737 1072 1829 Nam
1111 1732 1158 1832 in
1194 1733 1343 1832 ceteris
1386 1733 1627 1873 Hispaniae

160 1872 377 2017 Regma,
417 1891 530 2014 quae
572 1911 649 2014 per
684 1865 969 1992 Praefectos,
1004 1877 1192 2013 Protegat
1234 1876 1508 2018 appellatos,
1545 1880 1625 1977 ad-

157 2017 401 2119 ministrari
435 2051 784 2137 consueverunt,
815 2015 981 2116 nullam
1018 2016 1104 2118 sibi
1140 2018 1298 2120 horum
1334 2020 1625 2123 mutationem

153 2157 412 2264 faciendam
468 2161 662 2263 censuit.
714 2170 912 2261 Praeerat
961 2199 1035 2303 per
1082 2161 1130 2261 id
1165 2197 1336 2304 tempus
1372 2164 1634 2306 Aragoniae.

155 2313 317 2407 Petrus
365 2317 492 2406 Luna
540 2316 744 2407 Morarae
786 2319 951 2406 Comes
1002 2343 1014 2411 3
1069 2309 1322 2408 Cataloniae
1381 2308 1627 2408 Franciscus

156 2451 326 2591 Borgia
369 2448 573 2551 Marchio
616 2448 891 2583 Lombajae3
943 2448 1168 2551 Valentiae
1224 2453 1471 2552 Fernandus
1513 2457 1625 2551 Ara-

154 2596 355 2737 gonius,
390 2595 470 2736 qui
505 2595 643 2736 vulgo
678 2606 782 2694 Dux
830 2592 1058 2695 Calabriae
1111 2592 1368 2702 dicebatur3
1407 2605 1625 2697 Navarrae

154 2738 363 2875 Jacobus
398 2740 605 2839 Furtadus
640 2737 831 2880 Cagneti
865 2735 1109 2858 Marchio,
1146 2779 1297 2841 omnes
1333 2739 1417 2839 viri
1453 2774 1625 2877 specta-

155 2917 236 2982 tae
272 2881 410 3003 fidei,
446 2882 631 2983 consilio
667 2917 711 2982 ec
744 2883 998 2984 auctoritate
1031 2920 1318 3024 praestantes.
1355 2895 1426 2983 De
1462 2881 1625 2982 Castel-

153 3026 203 3126 la
241 3026 377 3168 igitur
413 3027 636 3128 dumtaxat
672 3023 1030 3144 consultabatur,
1068 3027 1234 3169 quippe
1271 3065 1443 3167 quam,
1480 3060 1529 3124 ut
1565 3058 1627 3123 est

158 3169 437 3312 reliquorum
480 3184 744 3315 Regnorum
786 3171 904 3274 velut
946 3207 1078 3308 caput
1112 3249 1127 3290 ,
1161 3183 1305 3312 Reges
1346 3168 1432 3311 ipsi
1453 3195 1546 3309 'per
1583 3207 1626 3265 se

164 3314 345 3435 solent,
383 3318 600 3457 quamdiu
644 3358 688 3417 se
731 3316 847 3418 intra
880 3313 1144 3453 Hispaniam
1180 3312 1446 3438 continent,
1480 3308 1628 3409 admi-

164 3459 371 3560 nistrare.
428 3467 552 3560 Nam
593 3499 698 3560 cum
739 3460 782 3590 ei
824 3458 1015 3560 maxima
1058 3458 1128 3560 vir
1169 3457 1432 3558 auctoritate
1469 3449 1628 3594 praeli-

166 3604 348 3705 ciendus
384 3641 522 3725 esset,
540 3639 688 3705 tamen
723 3642 958 3747 procerum
993 3602 1202 3744 cuiquam
1236 3601 1285 3700 id
1317 3638 1474 3699 munus
1510 3633 1629 3696 mana

159 3747 302 3867 date,
341 3785 387 3849 et
422 3747 575 3849 ceteris
609 3748 918 3866 invidiosum,
953 3780 997 3846 et
1032 3783 1213 3887 propter
1249 3782 1428 3885 magnas
1464 3780 1630 3883 cogna-

151 3891 316 3989 tiones
349 3928 393 3993 et
426 3891 644 3993 clientelas
680 3891 960 4032 vicissimque
995 3925 1158 3991 veteres
1194 3887 1442 4029 primorum
1485 3881 1630 3985 simul-

150 4068 284 4133 tates
328 4069 371 4133 et
409 4031 621 4137 factiones
658 4114 672 4157 ,
707 4076 803 4138 non
847 4036 944 4135 saris
987 4033 1044 4132 ad
1085 4030 1309 4175 publicam
1351 4032 1548 4172 quietem
1569 4057 1633 4141 et

144 4176 217 4278 in
256 4172 411 4279 officio
445 4181 648 4284 mortales
683 4220 829 4323 aequo
864 4189 958 4310 jure
994 4179 1284 4282 continendos
1332 4208 1479 4272 tutum
1537 4161 1633 4267 fore

148 4320 444 4432 videbaturr
481 4327 645 4467 quippe
695 4322 895 4424 homines
933 4324 1117 4423 naturali
1160 4357 1339 4422 suorum
1375 4314 1556 4434 studio,
1592 4346 1635 4409 et

158 4463 364 4567 vicissim
399 4468 646 4570 alienorum
695 4468 805 4566 odio
840 4462 966 4564 facile
1002 4503 1078 4606 per
1114 4464 1388 4565 occasionem
1425 4460 1480 4558 ad
1517 4456 1639 4583 inju-

165 4607 284 4709 riam
321 4611 606 4751 impelluntur
638 4670 657 4733 ,·
689 4611 807 4712 unde
844 4608 1021 4709 dissidia
1056 4645 1099 4708 et
1136 4608 1367 4709 seditiones
1404 4601 1492 4703 hoc
1527 4594 1642 4698 faci-

158 4746 256 4849 lius
292 4755 527 4875 exsistunt,
564 4794 609 4856 et
647 4794 749 4856 cum
795 4763 970 4888 majore
1004 4752 1292 4895 Reipublicae
1326 4747 1526 4889 Regnive
1563 4782 1643 4902 pe-

1203 4903 1250 4995 N
1271 4937 1296 4992 2
1595 4920 1649 4982 ss-
