4110 5888
473 384 599 462 XXVI·
828 404 831 413 ¹
919 371 1421 449 SUMMARIUM.

453 508 504 594 de
534 504 725 590 universus
762 500 938 588 'exercitus
969 497 1157 614 sequitur.
1204 527 1290 584 rum
1322 497 1511 613 equitatus
1544 492 1704 613 propere
1735 496 1914 611 accrtrrit:

454 625 520 713 Ad
563 624 748 709 insuetum
788 620 955 706 laborem
1001 645 1161 735 magnae
1205 616 1254 702 illi
1278 619 1461 732 impetum
1489 614 1647 702 tolerare
1678 641 1912 731 nequeuntes

455 740 605 857 pluviae
618 740 824 825 accedunt.
848 740 1060 823 Monzorus
1074 734 1162 821 cum
1206 764 1245 822 sc
1288 732 1400 852 fugae
1449 734 1659 821 mandant.
1711 739 1814 820 Rex‘
1838 734 1915 849 ipse

455 859 629 975 Hispanis
653 859 745 944 duas
773 855 929 973 amplius
969 855 1081 944 horas
1112 854 1163 941 le·
1208 853 1454 940 Mahumetus
1485 881 1573 938 cum
1603 851 1728 967 paucis
1760 882 1916 938 suorum

454 978 552 1065 viter
582 1000 717 1064 certat.
778 980 780 983 ’
1208 1001 1284 1058 sese
1313 971 1352 1056 in
1380 972 1512 1058 urbem
1543 971 1686 1086 recipit.

531 1098 612 1179 XL.
687 1094 741 1179 Hi
770 1092 946 1209 postridie
987 1092 1165 1178 Tibidam
1267 1093 1390 1176 XLV.
1448 1094 1588 1175 Comes
1604 1089 1727 1204 copias
1751 1088 1801 1175 ad
1818 1092 1911 1174 Tre·

456 1210 599 1300 flumen
631 1212 799 1299 hostibus
814 1213 931 1297 acrius
954 1239 1163 1327 repugnari·
1209 1237 1411 1295 mezenum
1439 1209 1649 1314 admovet,
1674 1230 1826 1322 postero
1855 1207 1917 1293 die

456 1332 554 1418 tibus
587 1331 790 1446 trajiciunt.
1210 1329 1343 1413 urbem
1375 1351 1660 1445 oppugnaturus
1687 1355 1698 1430 3
1735 1325 1801 1411 sed
1830 1353 1918 1441 cog·

514 1453 614 1534 XL1.
673 1452 717 1532 ln
749 1473 927 1563 sequente
960 1449 1019 1535 die
1047 1474 1165 1534 castra
1208 1447 1290 1532 nito
1329 1446 1440 1562 Regis
1482 1446 1639 1532 discessu
1680 1444 1812 1528 urbem
1860 1442 1913 1526 in·

457 1596 614 1653 movens
639 1567 734 1651 circa
763 1571 1039 1652 Tremezenum
1068 1573 1165 1680 'pro-
1209 1571 1312 1670 trat,
1345 1563 1484 1678 praeda
1521 1563 1690 1649 militibus
1720 1560 1916 1677 permissa.

458 1683 653 1800 greditur,
683 1684 900 1800 idoneoque
935 1685 1022 1771 loco
1049 1686 1164 1769 consi·
1210 1683 1410 1769 Abaudilla
1442 1682 1577 1768 deinde
1609 1686 1746 1797 Regno
1779 1676 1915 1795 pracfe-

450 1803 543 1887 det.
576 1803 678 1887 Hinc
712 1802 846 1887 litteras
879 1804 930 1889 ad
964 1803 1165 1888 Mahume-
1209 1825 1303 1907 ct0,
1332 1829 1376 1886 ac
1417 1800 1455 1885 in
1488 1798 1602 1886 fidem
1633 1822 1673 1883 et
1710 1796 1916 1882 clientelam

452 1946 540 2017 tum
570 1950 636 2035 per
668 1918 874 2036 quemdam
910 1920 987 2031 ejus
1014 1918 1163 2005 familia·
1211 1919 1376 2004 Caesaris
1406 1944 1590 2034 recepto,
1623 1920 1796 2002 Oranum
1828 1944 1918 2002 cum

458 2068 537 2124 rem
568 2038 633 2124 sibi
677 2063 815 2125 notum
846 2037 959 2124 mittit
989 2039 1167 2156 ,quibus
1212 2038 1330 2155 copiis
1359 2037 1476 2123 redire
1499 2033 1718 2122 contendit.

457 2156 561 2242 illum
608 2156 659 2243 ad
677 2157 768 2273 ‘pari
804 2156 1019 2242 conditione
1066 2157 1167 2243 dimi-

456 2274 621 2360 candum
660 2299 846 2390 provocat
875 2334 886 2379 ,
919 2274 1164 2360 temeritatem
1380 2282 1502 2373 LIB,
1560 2281 1753 2371 XXIII,

457 2394 705 2506 exprobrans.

523 2510 638 2595 Xlll.
697 2516 812 2597 Lecta
827 2509 1007 2624 epistola,
1027 2508 1167 2597 Mahu·
1270 2518 1297 2598 1.
1364 2472 1582 2625 PHilippus
1604 2514 1783 2596 Asturum
1807 2511 1919 2617 Prin·

379 2736 381 2741 ‚
460 2654 583 2715 metus
639 2629 897 2714 conditionem
951 2628 1056 2716 haud
1113 2660 1167 2716 rc·
1212 2660 1298 2747 ceps
1338 2629 1524 2718 decimum
1557 2628 1754 2743 septimum
1790 2631 1920 2715 aetatis

458 2776 621 2862 spuens,
642 2776 725 2832 suas
754 2745 879 2861 copias
908 2746 1054 2833 educit.
1084 2751 1168 2833 Co·
1213 2780 1356 2833 annum
1387 2775 1500 2864 agens
1529 2747 1690 2832 Mariam
1726 2746 1918 2864 Portugal-

460 2894 537 2949 mes
566 2866 605 2949 in
631 2860 755 2951 fronte
782 2863 912 2950 media.
929 2868 1167 2980 equitatum,
1214 2867 1282 2954 liae
1301 2865 1413 2984 Regis
1431 2863 1542 2950 filiam
1568 2895 1657 2950 cum
1688 2863 1829 2981 ingenti
1846 2866 1916 2960 ¹do
1967 2895 1969 2898 ·

460 2980 498 3064 in
529 2981 691 3096 utroque
721 3009 841 3067 cornu
880 2983 1019 3095 pedites
1065 3008 1169 3069 extra
1214 2986 1322 3070 rein
1359 2982 1637 3077 matrimonium
1670 2984 1791 3069 ducit.
1845 2988 1921 3069 An·

353 3099 355 3103 ’
461 3100 632 3184 ordinem
649 3121 828 3216 vagantes
861 3099 1030 3206 instruit,
1047 3126 1086 3185 et
1108 3132 1169 3187 ex·
1215 3104 1310 3188 tonii
1340 3101 1588 3220 Porrugalliae
1631 3101 1801 3216 Principis
1851 3129 1922 3185 nu·

461 3243 619 3301 tremam
642 3217 757 3302 aciem
773 3242 970 3303 veteranos
992 3218 1169 3330 jaculato-
1215 3222 1313 3336 ptiae
1349 3249 1436 3305 cum
1462 3224 1610 3333 joanna
1643 3218 1807 3304 Caesaris
1847 3217 1921 3303 filia

461 3364 518 3421 res
546 3335 716 3421 claudere
748 3334 881 3449 jubet,
908 3361 1078 3422 metucns
1108 3338 1168 3450 (id
1216 3340 1387 3426 indotata
1412 3338 1674 3423 celebrandae.

461 3455 571 3567 quod
603 3451 749 3566 evenit)
771 3482 819 3537 ne
853 3453 977 3540 hostes
1008 3484 1031 3539 a
1059 3478 1168 3573 tergo
1273 3463 1317 3542 ll.
1378 3458 1479 3541 Huic
1522 3455 1677 3568 Philippi
1729 3454 1922 3540 matrimo-

460 3570 649 3684 Hispanos
673 3571 912 3655 adoriantur.
1216 3576 1280 3661 nio
1309 3575 1451 3660 Summi
1479 3571 1666 3660 Pontificis
1699 3572 1921 3689 dispensatio

520 3691 651 3774 XLIII.
709 3685 854 3774 Alfonsi
882 3686 1088 3775 Vilaroldis
1117 3688 1165 3776 fa·
1215 3693 1450 3808 impetratur.

461 3805 584 3891 cinus.
617 3806 804 3891 Martinus
825 3806 1007 3891 Corduba
1047 3835 1085 3894 et
1109 3811 1166 3922 Ja·
1292 3815 1352 3896 lll.
1430 3810 1681 3925 Methymnac
1748 3808 1922 3896 Sidoniae

462 3925 582 4010 cobus
603 3924 763 4009 Poncius
802 3948 889 4007 anre
927 3953 1057 4010 omnes
1087 3928 1169 4012 cira·
1215 3934 1304 4015 Dux
1348 3953 1387 4013 et
1416 3930 1602 4039 Martinus
1635 3925 1781 4011 Siliceus
1831 3929 1922 4012 Phi-

462 4041 507 4125 tis
544 4042 648 4156 equis
685 4041 722 4126 in
772 4036 1056 4128 confertissimos
1102 4044 1166 4131 ho·
1216 4047 1302 4160 lippi
1326 4045 1439 4161 legati
1470 4047 1520 4130 ad
1544 4049 1770 4158 Regnorum
1794 4044 1918 4150 confi·

461 4185 532 4243 stes
566 4158 748 4246 advolant
774 4222 787 4263 ,
818 4156 1006 4276 signiferos
1039 4162 1168 4249 interfi·
1214 4163 1275 4246 nia
1306 4163 1523 4247 mittuntur.
1568 4162 1756 4275 Emeritae
1788 4166 1924 4278 Augu-

461 4274 590 4382 ciunt,
606 4278 730 4394 eisque
758 4277 1012 4363 laborantibus
1038 4303 1077 4363 ct
1097 4280 1165 4364 cir·
1215 4306 1292 4391 stae
1325 4280 1479 4396 insignia
1516 4279 1741 4396 antiquitatis
1767 4282 1921 4397 vestigia

352 4396 354 4401 ’
461 4395 670 4480 cumventis
685 4424 771 4484 suus
798 4396 934 4513 cuique
964 4394 1057 4480 lilius
1081 4427 1165 4484 suc·
1214 4422 1302 4484 cum
1327 4399 1388 4487 via
1419 4399 1589 4503 militari,
1628 4398 1805 4510 lapidibus
1838 4399 1919 4481 mil-

460 4512 594 4596 currit.
1154 4514 1157 4517 ’
1214 4515 1400 4603 liariorum
1442 4516 1573 4630 quinis?
1604 4514 1784 4630 simulque
1828 4517 1923 4603 senis

530 4633 666 4715 XLlV.
739 4631 920 4717 Hostibus
962 4633 1000 4717 in
1046 4656 1160 4718 extre·
1217 4637 1265 4720 ad
1300 4635 1491 4725 intervalla
1517 4633 1702 4719 distincta.

462 4777 563 4833 mam
603 4750 718 4837 aciem
765 4748 951 4838 conversis
979 4749 1167 4867 Hispano·
1239 4776 1251 4814 '·
1280 4757 1368 4842 lv.
1424 4751 1707 4841 Intervallorum
1753 4740 1920 4867 lapidum

1843 4896 1919 4954 cer-
