3998 5850
1285 445 1289 453 ·
1410 427 1537 518 47·

182 596 750 751 104GENE811
807 605 1417 740 SEPULVEDAE
1474 435 1501 521 ³

258 896 260 898 ’
391 875 513 984 DE
572 875 849 983 REBUS
901 874 1226 986 GESTIS

172 1104 1425 1302 cnuotrousutr

251 1426 679 1507 IMPERATORIS
710 1427 789 1507 ET
808 1434 982 1509 REGIS
1005 1433 1337 1511 HISPANIAB

357 1772 541 1875 tisun
584 1710 927 1878 vicesimus
973 1763 1225 1881 Nouus.

135 2034 168 2139 l.
243 1967 369 2137 AB
405 2076 459 2136 eo
495 2071 692 2176 tempore
736 2049 879 2171 major
921 2036 1051 2143 status
1092 2035 1376 2141 Ecclesiastici
1416 2074 1519 2142 mud

63 2181 175 2281 tatio
212 2215 257 2280 et
292 2181 515 2321 corruptio
554 2219 629 2320 per
664 2183 932 2285 Britanniam
974 2222 1204 2285 consecuta
1240 2218 1328 2283 est.
1373 2188 1519 2284 Antea

66 2323 187 2422 enim
212 2321 391 2462 Religio
433 2324 642 2462 Fidesque
676 2325 908 2427 Catholica
943 2327 1086 2427 labare
1117 2328 1298 2466 quidem
1334 2326 1520 2429 Henrici

64 2461 445 2606 furorecoeperat
463 2506 480 2574 5
516 2505 638 2566 more
674 2505 823 2570 tamen
857 2480 1068 2573 Romano
1103 2506 1263 2611 magna
1304 2509 1356 2568 ex
1398 2505 1553 2607 partev
1631 2531 1632 2538 κ

64 2605 315 2714 colebatur:
370 2609 565 2710 Eduardi
600 2649 707 2710 vero
750 2613 997 2753 principatu
1037 2647 1232 2713 tutorum
1284 2651 1336 2710 ac
1370 2611 1520 2751 Regni

63 2787 402 2890 procuratorum
435 2753 590 2851 scelere
625 2788 669 2851 et
710 2754 938 2894 impietate
987 2790 1141 2873 cuncta
1175 2789 1273 2855 sunt
1318 2753 1519 2853 indete-

64 2894 150 2994 rius
188 2894 421 3035 prolapsa,
458 2929 502 2994 ct
538 2894 662 3034 pueri
697 2900 833 3040 Regis
869 2898 1039 2998 animus
1075 2898 1225 3038 impiis
1270 2928 1401 3036 atque
1437 2935 1517 2995 ne·
1617 2985 1619 2988 .

64 3030 181 3136 fariis
217 3037 431 3139 erroribus
467 3037 694 3178 diligenter
730 3037 951 3141 imbutus.
1009 3051 1111 3178 Erat
1162 3076 1308 3139 autem
1348 3038 1518 3138 Eduara,

65 3181 143 3279 dus
167 3178 367 3281 infirmae
392 3179 683 3302 valetudinis,
707 3183 916 3323 lentoque
951 3182 1111 3284 morbo
1147 3179 1403 3288 laborabttr
1425 3220 1517 3320 quo
1636 3304 1639 3309 f

64 3321 433 3463 ingravescente,
474 3330 669 3458 Joannes
714 3336 879 3427 Poeaus
915 3322 1349 3427 Nerthumbeulanus
1384 3337 1488 3424 Dux
1500 3399 1518 3443 ,

66 3468 144 3607 qui
178 3468 374 3605 primum
416 3468 635 3567 amicitiae
655 3469 820 3575 locum
861 3470 979 3608 apud
1015 3480 1186 3609 Regem
1229 3466 1354 3606 quasi
1400 3502 1518 3566 tutor

65 3644 107 3707 et
143 3611 347 3711 nutritius
384 3606 614 3729 habebat,
654 3649 696 3712 et
733 3613 780 3711 in
816 3614 942 3712 omni
976 3610 1198 3713 Britannia
1235 3608 1433 3749 proxime
1473 3643 1517 3707 et

64 3755 303 3852 secundum
344 3767 517 3894 Regem
552 3754 806 3855 auctoritate
850 3754 1040 3854 maxime
1075 3750 1317 3893 pollebat,
1370 3749 1519 3889 coepit

64 3895 264 3994 animum
313 3896 360 3994 in
410 3896 656 3996 Britanniae
691 3909 945 4040 Regnum,
984 3897 1131 4036 siquid
1177 3893 1379 3994 Eduardo
1434 3891 1521 3992 hu-

63 4038 252 4135 manitus
288 4039 531 4156 accidisset,
552 4038 805 4159 intendere,
826 4076 870 4139 et
906 4073 1095 4179 quatuor
1112 4038 1300 4139 Medicis
1329 4034 1519 4136 evocatis

65 4220 118 4281 ex
153 4179 278 4279 omni
311 4192 473 4320 Regno
510 4182 805 4321 peritissimis,
824 4218 866 4283 et
902 4183 959 4282 ad
994 4184 1103 4282 duos
1142 4179 1333 4281 Eduardi
1372 4179 1521 4276 dome·

65 4323 193 4423 sticos
213 4323 465 4452 adjunctis,
500 4325 667 4465 nequid
702 4328 758 4426 ad
782 4365 1002 4427 summam
1023 4324 1205 4424 curandi
1241 4320 1520 4460 diligentiam
1594 4333 1597 4337 ’

64 4466 303 4604 relinquere
339 4466 603 4584 videretur,
649 4507 722 4565 eos
757 4470 880 4599 jubet
914 4467 1049 4606 Regis
1085 4463 1291 4565 morbum
1327 4463 1521 4602 diligen«

65 4607 227 4706 tissime
262 4610 534 4709 considerare
548 4686 562 4729 ,
584 4644 625 4708 et
660 4648 908 4750 opportuna
942 4611 1133 4710 remedia
1167 4606 1357 4707 consiliis
1392 4646 1522 4706 com<
1563 4664 1568 4677 ·

63 4750 296 4853 municatis
331 4751 563 4863 adhiberet
601 4751 688 4854 hoc
725 4754 883 4856 scilicet
919 4753 1137 4874 consilio,
1172 4786 1223 4852 ut
1257 4751 1314 4854 sic
1351 4751 1404 4852 de
1440 4789 1522 4848 na-

142 4892 251 4993 Tom.
272 4904 326 4991 Il.
947 4907 1053 4996 Ooo
1160 4991 1163 4997 ,
1448 4926 1526 4987 tu·
