3998 5850
1121 261 1164 326 sl

424 439 667 523 CAROLI
710 439 764 521 V.
813 440 929 520 LIB.
962 439 1194 523 XXVIII.
1405 450 1489 544 453

152 611 311 709 XVIII
394 612 569 701 Strozus
606 596 907 700 animadversa
943 637 1121 700 suomm
1157 589 1362 763 equitum
1410 595 1545 745 fuga,

78 789 159 852 nec
214 781 434 848 certamen
484 746 722 846 detrectare
773 741 971 862 valens,
1007 743 1146 845 aciem
1199 744 1448 846 instructam
1500 749 1547 850 11

78 928 250 994 nostros
302 887 572 1008 convertit,
603 885 820 1050 ‘brevique
858 887 1058 987 oratione
1113 927 1211 987 suos
1249 889 1419 1030 etipse
1468 932 1546 992 co·

78 1035 312 1153 hortatus,
347 1041 470 1163 cujus
505 1029 718 1132 orationis
754 1029 890 1131 exitus
927 1024 1060 1129 luit:
1100 1072 1154 1131 ne
1191 1027 1296 1173 fuga
1346 1033 1548 1173 equitum

78 1218 261 1278 snorum
297 1175 448 1276 animo
472 1173 761 1275 delicerent·
753 1242 765 1283 ‚
804 1174 849 1274 id
888 1173 1007 1274 enim
1044 1215 1094 1275 ex
1146 1174 1360 1275 industria
1415 1217 1546 1318 seque

76 1319 255 1484 jubente
290 1313 457 1421 factum
510 1359 632 1437 esse,
668 1354 719 1417 ut
754 1311 972 1458 fugientes
1009 1314 1213 1419 hostilem
1271 1318 1545 1458 equitatum,

78 1504 159 1606 qur
144 1453 327 1566 'robur
376 1497 484 1563 esset
520 1460 866 1563 adversariorum
904 1460 1140 1581 exercitus,
1185 1501 1228 1561 se
1265 1460 1546 1567 insectantem

79 1607 254 1750 longius
292 1642 619 1725 removerent,
654 1640 703 1704 ut
741 1637 961 1707 certamen
996 1605 1052 1705 ad
1105 1603 1248 1704 solum
1302 1606 1546 1744 peditatum

78 1752 234 1852 rediret
254 1828 269 1871 ,
289 1789 382 1891 quo
421 1747 506 1890 ipsi
541 1681 674 1890 lorige
712 1746 949 1888 superiores
987 1783 1157 1857 essentr
1184 1745 1401 1889 proinde,
1426 1751 1545 1852 bona

79 1933 154 2056 spe
189 1929 439 2055 concepta,
474 1888 622 1990 hostes
659 1931 740 1993 uec
777 1889 979 1989 meliores
1016 1890 1172 2009 bello,
1192 1925 1236 1989 et
1270 1888 1403 2052 longe
1438 1933 1544 2033 pau-

80 2037 238 2137 ciores
253 2035 424 2176 magnis
460 2031 618 2132 animis
670 2032 995 2136 adorirentur.
1032 2038 1136 2156 Quin
1185 2036 1542 2174 agire,1nquit,
1614 2060 1619 2063 ’

80 2184 184 2281 illam
220 2223 288 2283 uos
326 2183 418 2277 mihi
452 2180 571 2312 pusill
570 2217 630 2278 am
670 2185 790 2274 aciem
811 2176 937 2304 fundi
938 2207 1018 2294 re,
1057 2206 1170 2310 atque
1210 2182 1362 2298 delete,
1392 2210 1543 2313 persta-

80 2328 204 2441 bo,
189 2363 230 2421 tn
256 2355 425 2424 uestrum
449 2349 679 2455 potestatem
716 2358 857 2417 omnem
885 2323 977 2416 Ital·
963 2360 1035 2417 ram
1068 2351 1369 2451 peruenturam
1409 2330 1545 2425 Mon-

79 2463 243 2564 strabae
276 2499 424 2565 autem
462 2460 650 2603 primam
686 2459 827 2559 aciem
856 2500 1013 2608 ,quae
1052 2461 1355 2602 Hispanorum
1391 2456 1543 2568 manus
1609 2593 1612 2599 ν

81 2642 388 2707 sexcentorum
411 2604 679 2705 hastatorum
715 2639 807 2705 erat
844 2679 860 2720 ,
919 2604 1142 2705 Germanis
1180 2639 1223 2704 et
1275 2605 1547 2740 Grysonibus

80 2750 389 2888 oppositam,
424 2748 513 2909 qui
542 2746 729 2909 Hispani
770 2782 893 2846 more
929 2747 1070 2886 gentis
1107 2783 1280 2846 nostrae
1317 2746 1433 2846 flexis
1468 2787 1546 2890 ge

79 2889 207 2992 nibus
244 2889 513 3032 praelium
501 2888 707 3008 ruituri,
757 2927 894 3029 opem
945 2889 1145 2988 divinam
1202 2923 1246 2990 et
1282 2889 1547 2997 delictorum

80 3034 290 3156 veniam,
329 3031 547 3176 siquid
512 3068 571 3130 ers
607 3032 861 3150 accidisset,
903 3029 1217 3192 precabantur.

152 3187 276 3278 XIX
349 3186 556 3277 Intererat
602 3212 750 3274 autem
787 3174 896 3276 inter
945 3176 1049 3275 duas
1106 3213 1216 3273 acres
1268 3170 1465 3275 fossa
1434 3217 1542 3280 sicca

82 3316 303 3459 quidem,
341 3322 415 3423 sed
450 3319 562 3420 lata.
615 3327 745 3418 Hanc
780 3317 1007 3457 HispanI,
1040 3353 1091 3417 ut
1126 3316 1345 3417 venientes
1396 3305 1539 3422 hostes
1646 3385 1651 3394 -

82 3463 350 3582 transitent,
388 3455 720 3602 exspectabant,
760 3495 811 3561 ut
845 3459 1002 3601 iniquo
1037 3460 1213 3560 illorum
1249 3460 1351 3559 loco
1385 3499 1537 3564 manus
1631 3544 1633 3548 ,

84 3641 405 3726 consererent,
445 3641 581 3746 quarn
615 3599 777 3703 fossam
812 3603 1020 3704 Germani
1055 3615 1392 3765 Grysonesque,
1430 3645 1540 3706 con-

80 3782 218 3855 temta
269 3783 521 3850 nostrorum
571 3746 824 3888 paucitate,
867 3747 977 3887 quin
1013 3744 1142 3845 etiam
1177 3746 1382 3885 Hispanis
1434 3748 1538 3848 illu

81 3892 271 4011 dentes,
307 3932 451 4033 quos,
484 3925 534 3991 ut
568 3888 651 3991 sibi
687 3925 941 4050 parcerent,
958 3887 1076 3989 llexis
1110 3890 1292 4028 genibus
1327 3890 1540 4031 supplices

82 4030 186 4172 ipsis
221 4075 306 4134 esse
354 4033 715 4154 cavillabantur,
751 4070 931 4134 transrre
967 4071 1060 4131 non
1095 4030 1379 4134 dubitarunt.
1430 4038 1539 4133 Tres

81 4173 279 4278 hostium
317 4177 558 4278 ordines
522 4214 631 4277 crtra
665 4171 825 4278 fossam
862 4211 1141 4317 transgressos
1197 4175 1385 4315 Hispani
1434 4215 1539 4276 111

84 4319 272 4457 spicati,
308 4354 427 4419 tanta
461 4321 508 4419 vi
543 4321 590 4419 in
627 4360 701 4419 eos
739 4353 1090 4480 procurrerunt,
1126 4354 1175 4417 ut
1210 4320 1357 4480 primo
1394 4317 1539 4461 impe-

82 4494 132 4559 tu
169 4497 253 4563 tres
280 4464 376 4563 illos
412 4462 586 4565 ordines
622 4457 900 4603 frangerent,
920 4460 1263 4601 praecipitesque
1299 4461 1345 4560 in
1380 4459 1538 4565 fossam

83 4603 314 4711 1111111·,’
257 4639 451 4766 ‚traque
487 4607 580 4707 aliis
616 4643 786 4768 super·
779 4604 967 4704 aliorum
1003 4604 1144 4745 capita
1178 4604 1538 4727 concidentibus,

81 4779 128 4845 et
180 4747 335 4849 nostris
388 4788 444 4879 ex
495 4751 608 4855 loco
646 4748 867 4890 superiore
917 4746 1146 4922 subeuntes
1198 4748 1536 4933 repellentibus,

1370 4991 1384 5011 ,1
1442 4930 1536 5012 ma-
