4170 5866
570 413 651 501 118
960 413 1046 493 DE
1085 413 1288 492 REBUS
1329 411 1551 492 GESTIS
1641 469 1643 474 ·

512 619 555 678 se
600 617 695 677 non
752 573 891 677 solum
945 567 1120 687 armis,
1171 567 1245 694 sed
1290 564 1424 664 etiam
1476 560 1745 664 vestimentis
1799 603 1882 707 pro
1935 611 1983 674 se

512 722 700 863 quisque
760 719 976 818 instruunt
1034 745 1079 811 et
1114 744 1314 832 ornant,
1350 711 1406 810 ad
1447 743 1749 850 certamenque
1802 753 1985 860 compa·

509 901 636 966 tant.
686 870 859 963 Turcae
898 857 1047 960 statim
1096 892 1350 961 nostrorum
1389 890 1614 997 prospecta
1656 853 1828 976 classe,
1867 897 1980 966 num

512 1008 597 1108 sibi
641 1008 697 1107 ad
734 1043 932 1149 pugnam
980 1033 1087 1103 esset
1122 998 1493 1144 procedendum,
1529 995 1764 1100 deliberate
1813 1043 1979 1147 coepe-

509 1187 641 1258 tunt.
697 1150 974 1252 Alihamatus
1012 1183 1116 1245 cum
1152 1141 1392 1277 majoribus
1438 1140 1796 1285 firmioribusque
1845 1151 1983 1251 navi-

508 1292 626 1414 bus,
661 1294 764 1396 licet
810 1331 999 1393 numero
1050 1282 1365 1406 inferioribus,
1403 1286 1693 1429 pugnandum
1721 1329 1829 1390 esse
1880 1332 1982 1396 non

509 1437 741 1539 censebat.
781 1432 1113 1538 Catamaminus
1149 1429 1379 1574 pugnandi
1414 1431 1627 1573 cupidus,
1646 1470 1740 1531 non
1769 1468 1860 1534 tam
1896 1476 1980 1537 na-

507 1581 634 1682 vium
671 1580 1026 1724 magnitudinem
1064 1577 1341 1718 spectandam
1378 1615 1490 1695 esse,
1522 1615 1659 1717 quam
1693 1578 1980 1686 nauticorum

508 1725 701 1826 militum
740 1762 1010 1842 numerum,
1047 1717 1369 1840 contendebat,
1395 1720 1552 1860 quibus
1588 1759 1712 1863 parce
1749 1720 1982 1826 instructas

506 1866 598 1968 illas
634 1909 756 1987 esse,
794 1904 843 1967 ut
878 1868 1131 1969 nuntiatum
1165 1862 1306 1966 fuerat
1321 1944 1336 1986 ,
1364 1902 1447 2005 pro
1483 1900 1603 1964 certo
1639 1861 1846 1969 habetet.
1885 1871 1975 1969 His

505 2007 568 2110 ita
604 2011 993 2127 dissentientibus,
1030 2009 1228 2150 placuit,
1259 2044 1307 2109 ut
1341 2004 1529 2110 sortibus
1566 2048 1646 2109 suo
1683 2048 1837 2131 more,
1859 2052 1976 2116 num

501 2155 714 2294 praelium
765 2155 992 2259 committi
1038 2195 1092 2253 ex
1137 2194 1218 2255 usu
1260 2189 1415 2273 esset,
1457 2153 1769 2274 consulerent,
1808 2154 1974 2296 quibus

502 2295 689 2400 sortibus
725 2339 829 2402 cum
866 2335 968 2403 esset
1010 2299 1309 2418 declaratum,
1350 2291 1414 2398 fas
1456 2335 1544 2397 esse
1579 2304 1746 2399 Turcas
1781 2299 1972 2412 victoria

504 2441 683 2580 potiri,
720 2476 764 2542 et
806 2445 1157 2546 animadversum
1193 2442 1462 2543 Christianae
1504 2440 1701 2544 triremes
1743 2483 1975 2548 conversas

505 2588 811 2711 retrocedere,
848 2590 972 2729 quod
1026 2588 1237 2688 timorem
1277 2627 1327 2685 ac
1372 2580 1527 2727 fugam
1574 2588 1976 2732 essetinterpteta-

505 2724 705 2852 bantur,
743 2729 911 2863 abjecta
954 2732 1080 2834 omni
1115 2732 1441 2848 cunctatione,
1475 2768 1637 2873 magna
1673 2730 1833 2834 fiducia
1870 2773 1974 2835 ma-

392 2982 400 2989 ,
503 2911 686 3014 guoque
728 2876 874 2976 studio
910 2878 966 2976 ad
1011 2876 1313 2978 insectandum
1349 2872 1495 2977 hostes
1540 2873 1791 3018 praelioque
1834 2877 1975 2980 laces-

505 3017 691 3117 sendum
728 3018 819 3118 acie
856 3019 1065 3121 instructa
1099 3016 1326 3122 feruntur.

575 3170 726 3266 XXV.
800 3165 959 3263 Turcis
1008 3159 1309 3266 accedentibus
1345 3239 1361 3282 ,
1394 3160 1678 3261 Bernardinus
1727 3201 1821 3265 non
1866 3203 1968 3266 am-

505 3302 617 3443 plius
654 3310 993 3448 exspectandum
1029 3346 1183 3427 ratus,
1222 3347 1275 3406 ex
1310 3307 1450 3407 insula
1485 3344 1579 3405 suas
1615 3345 1745 3408 naves
1782 3310 1968 3430 educit,

465 3455 639 3589 'atque
680 3450 864 3552 obviam
908 3449 1024 3552 hosti
1065 3449 1294 3553 contendit
1328 3528 1344 3571 ,
1380 3449 1442 3550 sic
1478 3448 1570 3550 acie
1615 3449 1868 3573 instructa,
1911 3488 1967 3554 ut

503 3591 596 3730 ipse
630 3592 888 3715 sinistram,
924 3594 1144 3696 Antonius
1180 3595 1405 3699 Mendoza
1445 3595 1602 3694 sororis
1639 3592 1751 3721 filius
1792 3633 1968 3739 partem

505 3738 704 3838 dextram
741 3737 990 3840 obtineret.
1034 3753 1245 3842 Ceterum
1282 3739 1413 3882 paulo
1449 3774 1552 3880 post
1591 3742 1878 3842 Bernardinus
1916 3781 1972 3843 a·

505 3879 828 3981 nimadvertens
868 3890 1116 3984 Turcarum
1151 3886 1415 4026 praetoriam
1461 3884 1721 4008 triremem,
1759 3924 1873 4026 quae
1912 3927 1968 3987 ex

501 4023 663 4168 insigni
695 4021 820 4125 facile
858 4028 1228 4170 dignoscebatur,
1248 4030 1448 4130 medium
1478 4027 1629 4128 locum
1666 4062 1811 4129 tenere
1830 4108 1844 4151 ‚
1864 4070 1975 4131 cum

503 4208 593 4308 qua
630 4166 715 4271 sibi
764 4171 1043 4312 potissimum
1080 4174 1409 4315 confligendum
1448 4210 1535 4273 esse
1575 4172 1833 4296 statuebat,
1872 4174 1975 4315 ipse

444 4364 446 4368 ·
504 4351 687 4455 quoque
724 4315 875 4419 locum
914 4318 1105 4419 mutavit
1136 4396 1150 4439 ,
1186 4353 1229 4420 et
1267 4317 1314 4418 in
1352 4316 1444 4418 acie
1483 4317 1630 4419 media
1669 4358 1791 4419 suam
1835 4356 1975 4456 prae-

502 4457 663 4557 toriam
713 4465 1032 4598 quadriremem
1084 4462 1349 4563 collocavit.
1397 4459 1492 4562 Ubi
1532 4497 1712 4563 ventum
1755 4494 1818 4560 est
1854 4460 1979 4567 intra

503 4599 578 4697 teli
612 4610 831 4732 jactum,
867 4608 1025 4706 Turcis
1061 4608 1230 4706 eminus
1272 4605 1504 4704 tormentis
1541 4644 1633 4703 rem
1668 4641 1815 4744 gerere
1851 4604 1978 4739 incif

503 4743 725 4884 pientibus
751 4740 774 4864 ¹,
809 4749 989 4869 nostri,
1028 4785 1079 4849 ut
1115 4743 1202 4855 erat
1238 4742 1537 4892 imperatum,
1573 4753 1746 4891 magna
1769 4747 1972 4850 celerita-

1925 4930 1976 4997 te
