4042 5864
485 585 533 655 11.
560 583 647 675 476.
675 478 897 677 Regiiblliitu
924 576 1153 660 nuntiatum

485 678 784 758 Northumberlani
822 677 891 748 uim
922 695 1095 759 metuens,
1115 675 1151 745 in

483 780 718 856 Norfolchiam
754 778 873 874 raptim
907 775 1149 873 proficiscitur.

483 887 531 956 11.
553 886 638 974 476.
662 880 720 950 Ab
748 878 816 966 ejus
842 876 983 974 regionis
1007 874 1150 973 popula·

483 981 574 1056 ribus
606 1005 672 1076 pro
709 977 840 1074 Regina
875 977 1065 1046 salutatur.
1103 976 1150 1043 ll.

480 1085 565 1174 476.
599 1079 656 1153 Ad
686 1077 839 1148 eamdem
862 1075 996 1147 subsidii
1027 1072 1149 1172 praesi-

480 1184 596 1276 diique
626 1176 732 1279 gratia
754 1196 900 1248 armatae
925 1198 1042 1245 manus
1064 1195 1149 1241 con-

481 1284 652 1354 veniunt:
671 1283 717 1346 Il.
734 1280 819 1366 476.
851 1273 1068 1346 Londincusis
1092 1274 1149 1342 Se-

482 1402 580 1457 natus
603 1377 840 1474 negligentiam
868 1399 927 1471 per
953 1374 1077 1443 litteras
1093 1393 1149 1442 ac·

483 1499 602 1552 cusat.
636 1485 682 1546 ll.
709 1495 794 1567 477.
830 1474 977 1545 Londini
1015 1471 1148 1568 Regina

481 1576 739 1679 pronuntiatur.
777 1580 823 1645 ΙΙ.
854 1575 938 1663 480.
974 1576 1014 1642 In
1056 1575 1148 1640 Nor·

482 1676 758 1750 thumberlanum
806 1678 940 1744 Ducem
999 1670 1147 1763 aliosque

483 1775 648 1870 Principes
668 1773 754 1842 viros
769 1770 947 1843 Arundclli
974 1771 1146 1840 Comitem

483 1901 562 1949 cum
586 1871 744 1969 praesidio
768 1872 895 1955 mittit,
912 1892 1034 1961 eosque
1050 1892 1148 1938 com·

482 1974 656 2073 prehensos
677 1971 710 2040 in
734 1994 842 2040 arcem
865 1967 1024 2039 custodiri
1038 1966 1145 2056 jubet.

480 2078 529 2147 11.
548 2073 633 2162 482.
666 2075 699 2140 A
730 2069 997 2140 Londinensibus
1018 2064 1146 2164 ingenti

370 2184 372 2187 ’
481 2197 560 2246 cum
578 2170 800 2269 gratulatione
819 2170 992 2265 excipitur.
1009 2167 1144 2255 II.482.

403 2332 408 2337 s
479 2278 521 2344 Iu
538 2271 777 2343 Rivamoutem
801 2270 935 2349 aulam,
960 2267 1025 2336 sive
1048 2287 1146 2359 prae·

480 2370 605 2442 torium
631 2390 689 2461 per
704 2390 827 2458 aquam
845 2358 983 2464 migrat.
1008 2366 1143 2454 II.482.

479 2464 776 2540 Northumberlani
797 2466 903 2535 Ducis
934 2463 1145 2553 criminisque

479 2567 647 2640 sociorum
665 2585 796 2632 causam
809 2563 964 2661 cognosci
975 2561 1144 2657 praecipit.

479 2672 527 2739 II.
544 2665 628 2754 482.
658 2664 715 2730 De
737 2663 841 2732 tribus
863 2659 1030 2731 seditionis
1051 2664 1144 2755 prin-

479 2766 608 2862 cipibus
629 2761 941 2857 sumto-supplicio,
961 2758 1143 2840 devinctis,

482 2885 540 2936 aut
569 2861 670 2930 etiam
692 2861 806 2931 ceteris
834 2860 997 2931 damnatis
1031 2859 1144 2929 mitius

363 3035 368 3041 ,
482 2962 616 3034 statuit.
644 2962 690 3026 11.
713 2959 796 3048 486.
829 2958 889 3029 Ad
919 2960 1143 3027 Vasmestram

484 3076 687 3131 coronatur.
711 3062 757 3126 ll.
771 3056 853 3147 487.
877 3051 1145 3126 Consiliariisad·

481 3156 593 3230 hibitis
621 3155 737 3224 Caroli
770 3155 916 3225 Caesaris
941 3156 1144 3252 legationem

1254 580 1451 678 gistratuum
1480 481 1639 651 sehiiriiia
1671 571 1845 648 damnem
1863 592 1922 647 re·

1255 681 1345 749 niam
1369 678 1583 773 impertitur.
1618 682 1668 751 ΙΙ.
1698 679 1792 768 496.
1815 679 1917 747 Caro-

1255 778 1327 848 lum
1354 781 1529 849 Caesarem
1562 777 1605 849 de
1638 774 1740 847 rebus
1763 774 1914 847 omnibus

1253 876 1429 948 certiorem
1451 874 1551 950 facit.
1584 881 1632 947 ΙΙ.
1656 879 1746 968 496.
1779 872 1917 970 Philippi

1253 976 1453 1074 legationem
1473 976 1518 1047 ad
1541 976 1671 1073 nuptias
1692 973 1919 1072 pertinentem

1251 1077 1457 1148 libentissime
1481 1074 1596 1148 audit.
1620 1079 1667 1145 Il.
1694 1079 1785 1167 496.
1823 1076 1919 1144 Duos

1250 1177 1377 1276 legatos
1403 1176 1439 1248 in
1484 1174 1690 1249 Callaeciam
1719 1170 1767 1246 ad
1795 1173 1916 1269 Philip·

1251 1299 1334 1373 pum
1366 1274 1493 1346 mittit.
1529 1278 1575 1345 11.
1603 1279 1690 1366 496.
1725 1271 1913 1368 Philippum

1249 1398 1406 1471 sponsum
1426 1374 1470 1445 ad
1494 1372 1719 1445 Unchestrum
1734 1390 1915 1468 exspectat.

1249 1479 1297 1545 11.
1312 1494 1397 1566 499.
1421 1474 1488 1569 Ipsi
1511 1472 1738 1556 obviam‚sed
1758 1474 1847 1543 intra
1862 1493 1915 1541 ae⁴

1250 1573 1307 1645 des
1324 1574 1549 1673 progreditur.
1572 1576 1618 1643 ΙΙ.
1633 1591 1720 1665 499·
1738 1574 1823 1659 Ejus
1840 1570 1914 1644 der·

1248 1691 1337 1744 tram
1369 1678 1520 1769 Hispano
1557 1696 1650 1744 more
1679 1671 1826 1768 Philippi
1859 1694 1914 1741 co·

1248 1776 1344 1844 mites
1364 1775 1620 1845 exosculantur.
1648 1773 1696 1841 ΙΙ.
1722 1791 1812 1863 499.
1845 1776 1914 1844 Re·

1247 1874 1313 1970 gali
1347 1872 1547 1944 caerimonia
1579 1872 1711 1968 nuptias
1745 1871 1913 1943 celebrat.

1248 1979 1295 2044 ll.
1317 1994 1394 2055 700.
1422 1976 1513 2042 Cum
1531 1975 1623 2068 Rege
1644 1972 1756 2041 saltat.
1773 1977 1821 2041 11.
1837 1992 1911 2057 700.

1246 2073 1338 2143 Nihil
1374 2069 1484 2166 potius
1505 2069 1630 2150 habet,
1656 2093 1766 2161 quam
1803 2068 1911 2140 Fidem

1245 2172 1458 2243 Catholicam
1478 2167 1513 2238 in
1536 2168 1747 2238 Britanniam
1772 2169 1911 2238 restitue·

1246 2292 1303 2340 re.
1327 2275 1374 2339 II.
1395 2291 1474 2360 503·
1514 2267 1680 2364 Singulari
1708 2267 1910 2337 humanitate

1242 2387 1277 2438 et
1299 2367 1422 2438 laetitia
1434 2365 1662 2461 Reginaldum
1680 2369 1804 2437 Polum
1828 2371 1909 2437 ear-

1245 2468 1391 2538 dinalem
1409 2466 1550 2561 excipit.
1573 2470 1623 2536 II.
1638 2487 1724 2554 505.
1752 2464 1907 2537 Cardina·

1243 2568 1309 2639 lem
1337 2568 1458 2638 Polum
1488 2568 1522 2636 in
1546 2563 1743 2635 Britanniae
1760 2562 1899 2634 Concilio

1245 2684 1455 2762 perorantem
1497 2663 1693 2734 collaudat.
1745 2665 1786 2732 IL
1824 2683 1898 2750 707.

1245 2766 1403 2836 Concilio
1426 2761 1616 2834 Britanniae
1645 2784 1779 2831 morem
1799 2780 1901 2858 gerens

1242 2887 1321 2935 cum
1344 2869 1440 2962 Rege
1469 2879 1585 2958 aperto
1611 2864 1727 2958 capite
1749 2859 1904 2931 Cardine-

1241 2963 1308 3034 lem
1331 2961 1424 3044 adit,
1448 2982 1481 3029 et
1500 2979 1537 3029 ut
1558 2959 1812 3054 poenitentibus
1833 2957 1902 3030 Bri·

1240 3061 1350 3130 tannis
1376 3059 1433 3130 det
1457 3058 1587 3128 veniam
1600 3108 1612 3139 ,
1626 3079 1899 3154 comprecantur,

1242 3160 1420 3255 paucisque
1439 3159 1548 3226 verbis
1564 3178 1738 3227 exorant.
1767 3161 1811 3227 Il.
1829 3175 1899 3242 709.

484 3255 527 3325 de
542 3252 681 3346 Philippi
698 3252 912 3323 matrimonio
929 3252 1070 3349 benigne
1087 3275 1143 3321 au*
1192 3257 1300 3332 Maria
1325 3257 1439 3327 Caroli
1458 3256 1606 3325 Caesaris
1622 3255 1694 3326 filia
1713 3278 1755 3326 ex
1774 3256 1902 3327 Isabella

485 3353 559 3425 dit.
583 3355 629 3420 II.
641 3351 724 3439 487.
758 3351 870 3421 Certis
892 3351 1143 3422 conditionibus

482 3447 599 3522 Caroli
625 3449 796 3543 postulatis
817 3450 953 3517 annuit.
986 3455 1031 3520 11.
1059 3451 1143 3539 487.

483 3548 726 3621 Northantonis
752 3549 924 3618 Comitem
954 3547 998 3618 ad
1023 3546 1145 3618 Suffol-

482 3648 549 3721 chii
576 3645 681 3715 Ducis
712 3644 860 3716 furorem
897 3645 1144 3739 reprimendum

483 3768 562 3817 cum
581 3766 681 3812 mauu
699 3764 825 3814 armata
849 3743 970 3814 mittit.
1000 3751 1047 3815 ΙΙ.
1059 3747 1143 3836 489.

429 3897 447 3906 ‚v
484 3847 607 3918 Manus
637 3843 856 3912 tumultuario
882 3841 1013 3913 delectu
1039 3845 1144 3940 cogit,

1240 3378 1347 3425 uxore
1364 3373 1578 3450 procreatur.
1607 3358 1655 3423 ΙΙ.
1681 3378 1761 3424 ιοι.
1777 3377 1811 3423 et
1829 3355 1903 3447 536.

1240 3455 1418 3547 Hispaniae
1469 3451 1792 3522 administrationem
1829 3475 1900 3522 cum

1241 3554 1376 3622 marito
1420 3551 1652 3621 Maximiliauo
1723 3550 1901 3622 Archiduce

1242 3650 1399 3723 Austriae
1420 3649 1542 3719 habet.
1570 3654 1617 3718 11.
1638 3670 1723 3739 347.
1752 3647 1900 3720 Maximi-

1242 3751 1332 3819 liauo
1355 3748 1532 3819 Bohemiae
1558 3749 1647 3844 Regi
1672 3748 1709 3817 in
1737 3749 1901 3819 matrimo-

1241 3850 1334 3918 nium
1363 3848 1569 3918 collocatur.
1591 3852 1637 3916 ll.
1661 3867 1744 3939 537.

483 3959 631 4032 cumque
664 3939 714 4010 his
743 3938 976 4011 Norfolchium
1010 3945 1145 4013 Ducem
1192 3946 1300 4019 Maria
1324 3945 1460 4038 Joannis
1490 3944 1593 4039 Regis
1615 3944 1841 4040 Portugalliae
1862 3941 1901 4014 fi-

482 4042 517 4113 iu
547 4041 736 4110 Huvietum
762 4040 885 4109 bellum
917 4040 1145 4110 administrare

483 4141 600 4231 jubet.
626 4143 672 4208 II.
690 4159 776 4228 491.
800 4141 882 4229 Quo
897 4139 1092 4209 Londinum
1109 4163 1144 4211 re

482 4237 604 4311 infecta
631 4258 841 4321 revertente,
859 4240 1070 4333 popularium
1102 4240 1146 4310 fi-

482 4338 560 4410 dem
573 4340 739 4434 implorat,
752 4357 786 4407 et
804 4362 895 4408 suam
909 4340 1145 4432 publicamque

483 4461 612 4508 causam
636 4437 678 4507 ad
698 4439 862 4534 populum
885 4441 975 4534 agit.
998 4444 1044 4507 II.
1056 4459 1141 4528 491.

482 4537 562 4623 Ejus
579 4584 588 4619 ,
605 4558 788 4606 convocata
811 4538 998 4620 concione,
1021 4540 1143 4608 oratio.

483 4640 534 4706 II.
550 4653 633 4723 491.
658 4636 891 4706 Pembrucium
916 4635 1086 4706 Comitem
1110 4657 1144 4706 et

483 4734 684 4807 Cortiueum
711 4734 847 4804 Huvieti
878 4737 989 4830 copias
1022 4735 1146 4807 adoriri

482 4835 600 4927 jubet.
627 4834 673 4899 11.
690 4849 772 4922 495·
795 4835 945 4903 Huvieto
965 4854 998 4904 et
1021 4832 1147 4906 Suffol·

484 4934 561 5007 ebio
577 4932 683 5032 capite
695 4928 810 5030 plexis,
831 4934 1056 5029 compluribus
1073 4937 1148 5007 Ma-

1240 4046 1283 4115 lia
1312 4043 1464 4140 Philippo
1483 4046 1648 4112 Asturum
1678 4044 1823 4140 Principi
1846 4065 1901 4111 nu·

1241 4145 1310 4215 bit.
1351 4146 1397 4212 ll.
1445 4166 1525 4236 230.
1577 4143 1767 4240 Religionis
1804 4141 1899 4239 gratia

1240 4243 1329 4315 huuc
1344 4239 1575 4337 Sacerdotibus
1597 4240 1766 4311 honorem
1788 4241 1894 4317 habet,

1240 4362 1279 4412 ut
1297 4341 1588 4413 insalutationem
1621 4365 1764 4410 manum
1790 4356 1894 4434 peten-

1239 4442 1329 4511 tibus
1362 4463 1430 4510 non
1466 4439 1637 4535 porrigat.
1657 4442 1704 4506 ll.
1723 4460 1799 4528 240.
1821 4441 1898 4504 Du·

1239 4539 1270 4610 ci
1293 4538 1543 4634 Methymnensi
1578 4557 1613 4606 et
1638 4538 1808 4634 Episcopo
1822 4539 1901 4606 Car·

1239 4638 1423 4735 thaginensi
1478 4636 1670 4707 humaniter
1714 4632 1900 4711 resalutatis,

1240 4761 1378 4808 manum
1406 4735 1450 4805 ad
1472 4732 1697 4805 osculandum
1733 4729 1902 4834 flagitanti·

1239 4836 1303 4908 bus
1347 4854 1523 4933 pernegat.
1569 4840 1618 4904 II.
1656 4859 1743 4926 24⁰·
1793 4843 1899 4907 Pacem

1239 4939 1428 5032 Augustam
1470 4931 1692 5033 ingreditur.
1737 4936 1786 5008 IL
1829 4952 1896 5100 agg·
