4124 5880
535 334 594 446 5⁶
918 343 1002 425 ιιιι
1051 338 1271 421 ussus
1320 333 1551 423 eusrrs

410 506 413 513 ’
492 508 559 610 tia
605 541 651 607 et
687 472 903 645 Gonzaga
944 497 1152 599 Kalendis
1189 497 1453 640 Septembris
1490 540 1543 600 ex
1568 500 1795 601 Messanae
1831 514 1966 643 portu

492 693 623 757 naves
671 651 905 751 educunt·
896 710 908 754 ‚
942 682 1155 808 quotum
1184 643 1314 747 illum
1355 646 1442 746 toti
1476 641 1635 766 classi,
1680 680 1731 745 ut
1774 647 1965 752 demon-

430 885 432 889 .
492 835 677 902 stratum
708 832 803 915 est,
820 792 937 894 hunc
973 787 1179 954 expositis
1216 789 1356 931 copiis
1393 830 1620 932 praeesse,
1626 772 1819 891 Carolo
1855 805 1966 895 Foe-

365 1040 370 1052 .
492 945 732 1104 deratisque
777 939 1027 1080 placuerat,
1064 973 1115 1039 ut
1157 935 1334 1076 imperii
1377 975 1548 1038 summa
1592 975 1725 1076 penes
1774 938 1965 1044 Doriam

494 1123 598 1192 esset
632 1087 681 1184 in
717 1084 860 1203 mari,
900 1122 1029 1222 penes
1066 1093 1331 1222 Gonzagam
1374 1079 1423 1179 in
1459 1114 1581 1180 terra.

490 1324 493 1327 ,
516 1238 781 1333 QXXXIV
815 1161 1114 1368 Callipolim
1150 1265 1255 1328 cum
1291 1223 1479 1366 navigiis
1517 1224 1718 1324 actuariis
1757 1263 1965 1370 progres

491 1372 545 1477 sis
583 1379 728 1536 (nam
774 1407 915 1472 cetera
957 1372 1196 1472 necessario
1250 1368 1297 1467 vi
1343 1367 1612 1510 tempestatis
1659 1369 1965 1512 discesserant)

491 1517 747 1632 nuntiatum
784 1553 847 1617 est
883 1558 908 1616 a
944 1528 1177 1655 Corcyra,
1214 1511 1520 1615 Cbaradinum
1555 1511 1846 1614 Barbaroxam
1881 1515 1966 1617 ho-

492 1666 596 1766 stilis
631 1661 768 1763 classis
807 1654 1074 1803 praefectum
1118 1698 1223 1762 cum
1260 1657 1511 1761 triremibus
1554 1696 1733 1759 centum
1778 1697 1883 1760 octo
1921 1698 1967 1764 et

494 1805 735 1913 biremibus
781 1805 1136 1948 quadraginta
1126 1838 1179 1905 ιιι
1217 1800 1530 1943 Cephaleniam
1572 1802 1760 1905 insulam
1804 1842 1965 1945 perve-

494 1953 635 2060 nisse3
678 1989 772 2092 quo
808 1951 947 2091 magis
984 1951 1180 2051 Andreas
1226 1946 1313 2046 sibi
1347 1961 1591 2110 Corcyram
1637 1951 1966 2111 properandum

492 2095 688 2197 statuit·
681 2161 692 2203 ‚
733 2091 820 2195 hue
864 2132 984 2193 emm
1032 2134 1163 2195 naves
1206 2092 1459 2212 onerarias,
1497 2092 1656 2234 quibus
1693 2092 1964 2196 Franciscum

493 2240 682 2342 Doriam
716 2232 1022 2408 praefecerat,
1064 2276 1239 2339 cursum
1277 2236 1522 2378 dirigere
1507 2277 1663 2372 yam
1636 2235 1741 2402 inde
1784 2277 1811 2335 a
1851 2277 1961 2380 pro

493 2379 728 2481 sectione
714 2418 920 2514 jusserat.
959 2383 1175 2484 Postridie
1201 2381 1256 2482 ad
1292 2394 1536 2518 Corcyram
1562 2420 1656 2480 suas
1691 2420 1820 2482 naves
1857 2420 1966 2485 cum

494 2535 772 2630 Venetorum
808 2524 935 2624 classe
972 2528 1237 2677 conjunxit,
1288 2564 1401 2665 quae
1437 2525 1683 2625 triremium
1733 2524 1965 2687 octoginta

492 2666 679 2771 duarum
716 2705 758 2772 et
792 2667 1087 2772 vectoriarum
1121 2656 1272 2771 decem
1308 2706 1439 2769 erat·
1431 2736 1456 2778 ‚
1481 2667 1585 2770 huic
1620 2703 1814 2810 praeerat
1847 2669 1964 2770 Vin

493 2815 658 2916 centius
709 2814 914 2955 Capellus
960 2854 1064 2915 curu
1116 2823 1271 2916 Marco
1313 2813 1530 2915 Grimano
1573 2810 1817 2914 Patriarcha
1859 2813 1969 2919 Ale-3

494 2959 746 3077 sandrino,
782 2959 903 3059 Pauli
947 2957 1174 3061 Pontificis
1210 2968 1416 3100 Legato·
1410 3028 1420 3067 ‚
1450 2958 1510 3059 sic
1547 2959 1668 3059 enim
1704 2992 1968 3064 convenerat

497 3102 545 3204 in
581 3095 802 3219 foedere,
835 3139 885 3203 ut
921 3141 1048 3206 suum
1084 3102 1272 3246 quisque
1307 3099 1578 3204 Praefectum
1613 3104 1848 3221 mitteret,
1884 3098 1969 3243 qui

498 3242 627 3346 rebus
653 3244 890 3388 gerendis
878 3282 1096 3351 interesset
1113 3248 1396 3390 ,partimque
1424 3264 1662 3390 praeessem
1687 3247 1749 3347 ita
1785 3283 1968 3366 tamen,

497 3426 549 3492 ut
585 3424 806 3492 summam
849 3390 1025 3531 imperii
1061 3395 1255 3496 Andreas
1291 3393 1434 3493 Doria
1481 3430 1524 3493 et
1559 3390 1803 3494 Fernandus
1841 3400 1968 3525 Gon

375 3610 376 3613 a
499 3575 637 3674 zaga,
659 3536 1051 3700 quemadmodum
1086 3537 1350 3658 docuimus,
1374 3573 1599 3640 tenerent.
1640 3535 1721 3637 Sed
1759 3574 1862 3636 cum
1899 3574 1969 3635 ac-

500 3679 675 3781 cedenti
710 3681 870 3782 Doriae
908 3682 1090 3785 obviam
1116 3681 1276 3785 Veneti
1311 3684 1644 3824 processissent,
1663 3681 1781 3784 nulla
1815 3716 1967 3780 tamen

505 3825 554 3957 ιιι
591 3864 647 3923 eo
683 3865 918 3967 congressu
947 3825 1149 3927 salutatio
1181 3863 1223 3927 et
1258 3828 1615 3993 congratulatio
1621 3860 1971 3945 tormentorum,

498 4005 552 4069 ut
588 3966 724 4088 solet,
760 3967 939 4071 bombis
975 3967 1088 4071 facta
1124 4009 1224 4093 est,
1267 4013 1321 4073 ne
1368 3975 1567 4115 strepitus
1603 3973 1841 4113 ingemet
1876 3964 1969 4070 fra-

503 4153 585 4255 gor
627 4113 849 4216 exauditus
892 4113 1091 4219 hostibus
1134 4119 1337 4259 proderet
1373 4152 1517 4219 tantae
1559 4117 1700 4218 classis
1746 4115 1972 4257 magnitu

502 4258 689 4380 dinem,
726 4294 769 4358 et
805 4258 964 4363 timore
1010 4261 1217 4399 injecto,
1251 4300 1307 4362 ne
1350 4263 1580 4429 pugnandi
1626 4262 1802 4404 copiam
1844 4254 1972 4361 face

504 4439 630 4522 rent,
663 4338 922 4509 deterreret

574 4554 772 4654 XXXV.
848 4559 954 4688 Jam
989 4594 1118 4657 naves
1154 4556 1410 4677 onerariae,
1448 4597 1560 4698 quae
1595 4527 1817 4693 Hispanos
1854 4545 1971 4654 mili

501 4730 563 4797 tes
605 4733 708 4801 cum
751 4694 949 4846 ipsorum
997 4699 1178 4806 tribuno
1226 4702 1398 4806 Sanctio
1433 4703 1651 4807 Alatcone
1701 4695 1759 4800 ab
1803 4696 1970 4838 Apulia

1891 4842 1970 4943 de
