4170 5866
443 430 682 514 canons
720 430 774 512 v,
817 431 931 511 arn.
967 432 1113 513 xxn.
1379 455 1460 543 203

129 583 321 692 meritati
358 582 509 689 deberi
544 585 732 691 fatetur.
785 592 881 690 Sed·
899 585 1003 692 hoc
1045 591 1128 694 erit
1176 588 1224 694 in
1274 599 1497 735 parcendo
1551 710 1555 719 ,

129 777 160 835 a
194 732 437 876 benignitas
473 732 702 876 gloriaque
751 744 927 867 major,
966 776 1059 878 quo
1112 774 1157 838 te
1191 737 1284 878 ipse
1323 742 1494 880 gravius

129 879 317 980 lendisse
352 875 618 979 confitetur:
687 876 734 979 ui
770 920 859 1021 qua
895 895 1078 1001 mente,
1115 921 1203 1023 qua
1240 878 1400 984 fiducia
1436 890 1492 989 ad

129 1063 206 1125 am
241 1023 518 1124 clementiam
567 919 848 1166 conlugerit,
884 1023 989 1126 facti
1041 1026 1295 1167 simplicitas
1351 1030 1492 1130 decla-

131 1203 150 1265 t
186 1245 200 1287 ,
235 1167 317 1309 qui
365 1166 485 1268 nulla
534 1204 711 1309 accepta
762 1166 848 1270 lide
898 1166 1113 1308 publica,
1150 1210 1199 1270 ae
1247 1208 1302 1268 ne
1354 1175 1492 1310 petita

129 1310 304 1432 tidem,
333 1313 460 1413 nullis
496 1310 828 1413 conditionibus
863 1352 943 1415 nec
979 1313 1105 1414 dictis
1119 1390 1134 1434 ‚
1162 1353 1242 1414 nee
1278 1317 1492 1457 acceptis,

129 1492 244 1556 ,tua
295 1491 430 1557 castra
465 1456 622 1576 venit,
659 1491 703 1556 et
737 1454 822 1557 tibi
871 1498 915 1558 se
951 1495 1100 1561 totum
1136 1457 1185 1560 in
1233 1495 1527 1599 potestatem·

129 1600 313 1704 ermisit.
350 1602 443 1701 Erit
478 1601 493 1699 i
527 1599 612 1699 itur
648 1600 968 1742 magnitudinis
1021 1603 1157 1702 animi
1195 1603 1307 1720 tui,
1350 1605 1410 1704 sic
1454 1606 1492 1705 i-

130 1784 208 1846 um
242 1744 288 1846 in
324 1778 446 1845 tuam
482 1640 617 1845 hidem
652 1746 878 1885 recipere,
912 1783 964 1848 ut
997 1745 1200 1848 homines
1251 1746 1493 1890 intelligant

131 1928 318 2031 rumque
354 1884 435 1989 tibi
471 1887 519 1987 in
554 1903 747 2030 promtu
791 1931 911 2011 esse,
947 1926 991 1990 et
1033 1887 1240 2032 superbos
1294 1893 1491 2030 pervica-

129 2073 232 2174 sque
267 2067 569 2177 prosternere,
606 2071 649 2135 et
685 2036 931 2176 supplices,
961 2034 1131 2177 quique
1167 2076 1211 2136 se
1247 2034 1333 2137 tibi
1369 2035 1489 2170 abje-

129 2177 246 2297 rint,
282 2174 607 2320 perhumaniter
630 2215 852 2279 tractare.
876 2197 907 2238 “
997 2244 999 2247 v

129 2331 242 2425 {vn
316 2331 440 2423 Haec
475 2335 579 2423 Dux
615 2323 942 2450 Brunzvicensis
988 2361 1089 2425 cum
1127 2319 1338 2442 dixisset,
1376 2323 1489 2425 Gui-

129 2506 204 2568 nus
239 2507 378 2608 pauca
428 2465 711 2609 suppliciter,
746 2508 797 2580 ac
848 2469 991 2570 eidem
1040 2469 1275 2572 sententiae
1324 2507 1487 2568 conve-

134 2609 195 2711 tia
232 2650 370 2752 quam
406 2610 709 2712 demississime
746 2610 924 2753 potuit,
953 2612 1123 2713 locutus
1161 2649 1223 2713 est
1242 2692 1257 2732 ,
1278 2652 1408 2752 seque
1445 2648 1490 2711 et

156 2757 307 2856 omnia
355 2754 589 2856 inCaroli
636 2791 899 2898 potestatem
950 2757 1196 2897 permittere
1249 2755 1397 2873 dixit,
1438 2794 1489 2854 ac

152 2937 396 3042 numquam
433 2899 482 2998 in
518 2935 745 3041 posterum
781 2896 837 2999 ab
875 2894 1030 2999 officio
1067 2935 1110 2999 et
1146 2898 1234 2999 fide
1285 2898 1490 3000 discessu·

154 3080 198 3143 et
232 3039 473 3179 majoribus
525 3040 683 3145 officiis
719 3046 844 3187 quod
878 3043 1092 3146 violatum
1128 3076 1232 3144 esset
1281 3082 1490 3184 compen-

129 3225 205 3308 ro,
241 3224 292 3290 ut
327 3190 572 3330 ignosceret
607 3189 874 3331 postulavit.
922 3190 997 3288 Ad
1033 3231 1082 3289 ea
1118 3188 1300 3289 Carolus
1337 3187 1488 3327 paucis
1586 3318 1592 3327 ⁶

129 3333 289 3434 ondit:
321 3331 568 3474 proborum
603 3376 653 3435 ac
690 3335 953 3475 pntdentum
987 3331 1225 3435 hominum
1262 3371 1349 3431 esse
1386 3326 1487 3430 offi-
1569 3449 1572 3455 Ι

129 3516 147 3575 1
183 3511 227 3577 et
265 3475 402 3580 fidem
451 3477 617 3579 cunctis
668 3476 910 3579 rationibus
959 3472 1164 3580 anteferre
1184 3510 1286 3596 ,ut
1337 3472 1485 3615 siquid

129 3622 302 3764 regotiis
339 3663 440 3723 casu
475 3622 660 3764 aliqu0,
689 3621 779 3723 sive
814 3619 1017 3724 fortunae
1054 3620 1215 3756 injuria
1250 3613 1381 3719 fuerit
1415 3611 1484 3716 of·
1604 3732 1616 3743 N

129 3805 236 3886 um,
274 3769 442 3868 crimen
489 3802 639 3868 tamen
688 3766 834 3889 absit,
870 3807 919 3867 ac
968 3761 1085 3867 fama
1133 3764 1339 3868 sinistras
1379 3800 1485 3862 nam

129 3949 158 4008 ts
181 3912 368 4014 adversis
405 3949 615 4055 magnam
651 3950 738 4011 esse
774 3909 1121 4012 consolationem
1148 3908 1196 4007 in
1231 3943 1369 4008 rectae
1398 3945 1485 4004 vo·

129 4055 207 4154 atis
243 4057 541 4168 conscientia3
574 4058 647 4158 sed
685 4093 729 4158 et
764 4053 870 4157 illud
905 4054 1106 4174 laudari,
1143 4052 1278 4193 siquis
1322 4047 1485 4148 admis-

182 4237 413 4341 peccatum
465 4238 708 4344 agnoscat,
745 4236 788 4301 et
839 4199 1105 4343 poenitentia
1157 4197 1350 4311 ductus,
1384 4189 1485 4290 licet

140 4344 420 4487 ,aliquando
457 4383 606 4447 tamen
642 4345 698 4443 ad
733 4346 959 4445 sanitatem
995 4375 1253 4444 revertatur.
1294 4333 1486 4437 Guilier-

162 4486 301 4631 igitur
338 4532 476 4633 quam
512 4524 707 4592 mentem
742 4527 844 4628 prae
881 4528 924 4588 se
959 4482 1115 4605 ferret,
1136 4481 1248 4583 hanc
1286 4515 1487 4581 constan-

130 4663 353 4746 tueretur·‚
392 4680 435 4738 se
471 4675 553 4778 pro
591 4675 664 4736 sua
701 4631 1016 4735 consuetudine
1052 4669 1130 4730 nec
1184 4623 1375 4741 officio,
1408 4662 1488 4723 nec

129 4778 304 4879 sanitati
340 4775 627 4881 defuturum.
680 4788 804 4880 Haec
840 4774 1027 4897 effatus,
1065 4815 1137 4876 eos
1174 4770 1317 4874 adhue
1361 4766 1492 5009 gepi·

1014 4932 1077 5023 Cc
1099 4964 1123 5019 z
1449 4947 1498 5009 us
