4110 5888
629 333 1126 409 sommaxrum
1488 351 1581 443 ‘mr

157 502 160 506 ’
222 464 404 550 XXVII.⁴
461 461 525 546 Ille
571 488 663 548 vero
716 457 851 572 publici
908 456 963 542 lus
995 487 1122 572 parem
1149 460 1450 554 benevolentiam
1479 473 1612 592 signifi·

149 583 239 670 boni
264 583 389 668 studio
419 581 468 665 ad
513 585 655 696 Regem
682 578 742 661 vel
770 604 857 659 cum
909 603 995 658 cans
1028 578 1078 662 ad
1109 607 1222 665 naves
1256 588 1484 701 regreditur.

149 733 216 786 suo
249 700 447 815 periculo,
485 697 549 782 sibi
576 695 745 780 eundum
780 722 857 779 esse
968 694 1108 778 XXXI.
1169 700 1347 788 Postridie
1368 706 1514 794 solvens
1530 741 1610 825 pro·

151 819 336 904 decernit.
595 909 598 913 ‚
908 806 1110 918 ficiscitur,
1134 816 1199 900 sed
1225 820 1316 903 mari
1348 823 1615 917 intumescente

208 938 385 1019 XXVIII.
444 931 624 1017 Postridie
650 931 776 1045 itaque
807 930 856 1013 ab
908 925 945 1009 in
976 931 1152 1015 eumdem
1188 962 1343 1047 portum
1392 947 1611 1033 revertitur.

153 1077 313 1166 utroque
340 1051 451 1166 Regis
484 1049 559 1134 filio
587 1049 637 1134 ad
668 1045 857 1132 castellum
910 1049 1055 1161 Regina
1082 1045 1232 1134 fratrem
1248 1054 1345 1139 laeta
1376 1061 1523 1167 revisit,
1540 1069 1615 1151 Re·

154 1170 367 1254 deducitur.
416 1167 633 1283 Egredienti
691 1165 861 1250 navicula
910 1191 958 1277 ge
1006 1164 1080 1276 jam
1130 1195 1217 1251 cum
1260 1171 1377 1257 liberis
1424 1178 1611 1294 digresso.

153 1288 291 1371 Carolo
318 1315 473 1369 manum
501 1291 583 1369 Rex
620 1282 799 1400 porrigit,
822 1304 862 1366 et
911 1280 1081 1366 Andreas
1101 1285 1219 1368 Doria
1248 1291 1351 1373 omni
1382 1294 1612 1383 solicitudine

156 1431 252 1488 arcte
283 1403 499 1518 complexus
535 1400 798 1487 exosculatur:
831 1399 859 1483 i·
910 1396 1096 1510 explicitis
1127 1402 1256 1487 vexilla
1290 1437 1356 1520 per
1388 1438 1501 1499 naves
1542 1415 1613 1500 dis.

160 1521 242 1605 dem
282 1551 373 1605 mox
418 1518 505 1605 facit
547 1517 692 1633 Regina
734 1515 860 1601 Caroli
909 1514 1041 1626 ponit.
1072 1517 1229 1606 Carolus
1258 1526 1504 1615 barcinonem
1537 1556 1613 1618 tan·

156 1667 257 1721 soror
281 1699 293 1743 ‚
320 1636 521 1722 Catherina
549 1633 700 1720 Henrici
737 1663 856 1737 uxor,
911 1630 999 1715 dem
1033 1634 1198 1749 appellit.

154 1778 188 1837 et
216 1755 346 1839 itidem
377 1753 584 1870 Margarita
617 1750 729 1868 Regis
766 1750 857 1834 filia.
969 1751 1126 1835 XXXII.
1186 1757 1350 1844 Poedere
1390 1762 1483 1849 inter
1515 1771 1612 1852 Pau-

221 1874 367 1955 XXIX.
445 1871 510 1955 Ad
554 1869 753 1984 prandium
795 1866 859 1951 uni
910 1862 989 1948 lum
1030 1867 1282 1976 Pontificem,
1303 1879 1483 1963 Carolum
1516 1887 1611 1969 Cae·

158 2015 305 2072 mensae
343 1989 568 2073 accumbunt
605 1985 776 2102 Regina,
811 1984 860 2069 ad
911 1994 1058 2087 sarem,
1073 2009 1112 2070 et
1128 1991 1306 2072 Senatum
1322 1996 1512 2080 Venetum
1538 2000 1614 2085 hie·

154 2102 229 2215 ejus
275 2105 441 2190 dextram
489 2102 647 2189 Carolus
700 2105 854 2207 Caesar,
911 2127 973 2183 me
1012 2101 1198 2214 superiore
1229 2105 1305 2190 icto
1339 2113 1496 2213 ‚Doria
1525 2143 1613 2201 cum

152 2221 200 2306 ad
264 2221 442 2306 sinistram
489 2220 697 2305 Franciscus
754 2224 856 2319 Rex;
911 2215 1118 2304 triremibus
1147 2220 1217 2305 suis
1238 2223 1376 2309 bellum
1405 2228 1444 2312 in
1473 2234 1614 2317 Turcas

155 2363 343 2450 praeterea
371 2337 578 2452 Margarita
616 2362 655 2421 et
695 2334 863 2420 Catheti·
912 2332 1161 2421 admiaristrare
1212 2339 1383 2449 jubetur.
1447 2347 1614 2457 joannes

154 2481 203 2535 na
242 2483 330 2539 cum
369 2456 518 2566 Joanne
571 2461 719 2539 Lorena
763 2457 862 2536 Car·
913 2450 1035 2534 Maria
1051 2454 1277 2538 Urbinatum
1292 2463 1382 2543 Dux
1409 2488 1496 2546 cum
1521 2496 1616 2550 sum·

155 2569 284 2656 dinali.
317 2575 408 2656 Post
438 2571 563 2685 epulas
581 2568 737 2683 Hispani
766 2569 857 2654 Gal·
914 2595 976 2650 ma
993 2565 1132 2684 imperii
1146 2573 1373 2684 pedestribus
1389 2579 1500 2692 copiis
1515 2611 1614 2696 prae·

153 2684 252 2801 lique
281 2691 455 2773 Proceres
492 2688 541 2773 ad
583 2686 787 2803 tripudium
825 2710 863 2771 et
914 2681 1054 2768 licitur.
1078 2689 1290 2774 fernandus
1304 2697 1491 2811 Gonzaga
1505 2696 1615 2785 inde·

156 2803 369 2891 saltationes
399 2806 629 2920 procedunt.
680 2804 744 2891 Ad
772 2831 863 2887 coe·
914 2802 1052 2885 mortui
1066 2804 1180 2887 Ducis
1199 2807 1520 2896 Urbinatislocum
1537 2814 1617 2899 suf-

154 2948 243 3005 nam
267 2923 443 3007 Proceres
461 2946 608 3036 praeter
636 2948 780 3004 morem
795 2919 864 3002 Hi·
914 2912 1031 3002 fectus
1056 2947 1143 3002 cum
1167 2921 1284 3004 Doria
1303 2925 1352 3010 ad
1364 2927 1512 3013 classem
1529 2936 1612 3018 Bar·
1757 2949 1760 2955 ’

155 3066 312 3150 spanum
346 3039 485 3156 Regiae
520 3063 670 3123 mensae
718 3063 864 3121 accum-
914 3033 1073 3118 baroxae
1093 3040 1387 3152 oppugnandam
1409 3045 1585 3133 mittitur.

154 3153 268 3240 bime.
972 3152 1148 3237 XXXIII.
1205 3157 1322 3240 Don'a
1352 3160 1391 3244 in
1418 3164 1615 3252 Messanae

214 3272 345 3358 XXX.
389 3267 548 3358 Carolus
571 3301 617 3357 ex
642 3270 766 3387 Regiis
798 3270 863 3356 do
914 3293 1067 3382 portum
1111 3273 1311 3383 pervenit,
1349 3307 1429 3389 quo
1466 3283 1612 3368 Pontifi-

161 3389 313 3476 mesticis
342 3391 442 3476 viros
468 3387 695 3503 feminasque
724 3387 863 3503 magni·
915 3384 992 3468 ciae
1006 3447 1018 3491 ,
1034 3385 1323 3501 Neapolitanae,
1338 3395 1476 3481 Siculae
1491 3458 1503 3501 ,
1517 3398 1616 3483 aliae·

159 3503 234 3592 Iicis
277 3507 386 3594 donis
438 3531 625 3593 munerat.
684 3505 868 3590 Henricus
917 3531 993 3615 que
1024 3503 1186 3588 triremes
1225 3532 1331 3593 erant
1375 3512 1609 3626 compulsae.

161 3624 272 3740 Regis
287 3623 381 3710 filius
409 3623 527 3734 major
552 3649 645 3710 natu
678 3622 868 3737 repudian-
919 3623 1062 3704 Coacta
1089 3620 1189 3705 classi
1214 3624 1362 3725 ‚Doria
1391 3653 1430 3712 et
1465 3634 1616 3715 Gonza·

159 3738 355 3828 tiCaesari
380 3741 533 3826 mantile
564 3741 614 3827 ad
645 3739 869 3825 assiccandas
919 3764 969 3852 ga
997 3765 1042 3821 ex
1070 3739 1265 3824 Messanae
1292 3766 1405 3853 portu
1429 3773 1542 3833 naves
1572 3777 1617 3834 e·

161 3853 252 3942 lotas
280 3885 415 3943 manus
446 3858 711 3943 subministrat.
752 3857 868 3942 Dein·
919 3855 1083 3939 ducunt.
1620 3912 1631 3916 f-

157 3973 204 4059 de
232 3975 285 4059 ad
302 4005 415 4064 naves
446 3976 589 4092 regredi
617 3973 760 4089 paranti
775 3973 862 4059 mul·
978 3971 1159 4058 XXXIV.
1219 3975 1355 4061 Veneti
1387 3977 1438 4063 ad
1468 3982 1617 4095 Corcy-

152 4113 192 4174 ra
208 4097 291 4177 Rex
326 4093 373 4178 de
386 4121 476 4208 pace
504 4092 683 4207 pollicitus
711 4121 866 4177 aureum
919 4115 999 4172 ram
1037 4119 1118 4175 suas
1146 4118 1259 4175 naves
1274 4153 1285 4196 ,
1301 4093 1435 4206 quibus
1450 4096 1618 4183 Vincen-

150 4209 335 4294 annulum
379 4239 464 4295 cum
494 4211 567 4296 hoc
605 4210 750 4325 sculpto
787 4208 866 4294 elo·
915 4205 986 4290 rius
1009 4206 1181 4321 Capellus
1209 4233 1350 4322 praeest
1378 4271 1391 4315 ,
1420 4239 1507 4296 cum
1533 4216 1618 4301 reli·

148 4326 216 4441 glo
241 4327 389 4412 tradit:
424 4360 636 4412 nrrrcrrours
667 4360 778 4411 ansus
820 4359 866 4410 ur
916 4352 1080 4439 quorum
1094 4324 1388 4411 Christianorum
1406 4328 1516 4416 classe
1531 4358 1618 4421 con·

149 4476 364 4529 sumtuum.
410 4450 601 4531 Praeterea
640 4472 727 4528 ctun
768 4449 860 4528 Tur·
918 4439 1100 4556 jungunt.

146 4561 199 4644 cis
233 4562 446 4646 societatem
475 4591 513 4648 se
535 4591 744 4676 numquam
790 4590 861 4644 am-
987 4559 1154 4642 XXXV.
1220 4559 1391 4673 Capellus
1431 4564 1619 4679 Hispanos

148 4677 248 4793 plius
291 4678 467 4765 initurum
495 4679 700 4795 promittit.
743 4681 862 4767 Caro*
914 4673 1048 4762 milites
1073 4675 1215 4762 insuas
1235 4706 1349 4767 naves
1377 4681 1536 4797 recipere
1561 4715 1614 4770 re

1513 4826 1615 4887 nurt.
