4124 5880
444 379 448 384 ·
545 383 603 488 48
921 387 1007 485 ou
1055 383 1256 465 ursus
1306 380 1527 463 essars

499 626 530 670 ,,
551 547 597 648 iu
634 539 904 690 gravioribus
942 542 1157 642 consiliis
1169 539 1371 641 ineundis
1408 541 1665 683 plerumque
1701 537 1824 683 sequi
1859 582 1971 650 con

496 768 526 816 „
548 730 807 796 sueverunt.
828 703 861 751 “
916 697 973 788 Et
1025 689 1079 786 ad
1117 685 1330 789 Carolum
1381 723 1665 788 conversus:
1706 690 1890 807 „Tu
1879 693 1970 833 rgi-

495 914 525 961 „
544 876 656 959 tur,
690 833 883 954 Carole,
922 868 1107 933 tuorum
1146 829 1366 932 fidissimis
1403 829 1643 995 adhibitis,
1678 834 1804 973 quod
1841 837 1969 974 opti-

491 1061 522 1106 „
545 1022 670 1084 mum
705 977 908 1082 factu
877 1014 968 1098 srt,
1005 975 1311 1083 deliberabis,
1348 976 1430 1117 qui
1483 977 1518 1076 si
1570 978 1627 1078 ad
1681 1015 1761 1078 nos
1814 979 1964 1083 venire

491 1126 863 1293 „constitueris,
899 1124 1025 1264 quod
1059 1119 1142 1222 tibi
1190 1159 1404 1264 perquam
1454 1156 1552 1222 tuto
1602 1114 1740 1222 facere
1787 1122 1966 1247 licebit,

492 1272 625 1394 „erit
660 1269 790 1372 nobis
827 1303 927 1368 tuus
963 1269 1175 1369 adventus
1229 1301 1456 1408 pergratus
1511 1304 1675 1408 perque
1720 1272 1965 1398 jucundum

398 1488 405 1499 =
491 1416 611 1537 „sin
649 1413 851 1516 aliter
808 1452 955 1516 visum
990 1407 1160 1529 fuerit,
1196 1409 1245 1509 id
1281 1449 1466 1552 quoque
1501 1448 1548 1513 rn
1584 1409 1751 1511 bonam
1793 1449 1968 1554 partem

497 1639 528 1682 „
545 1559 846 1701 accipiemus,
884 1594 964 1656 nec
1002 1555 1091 1655 ulla
1140 1590 1370 1696 propterea
1410 1552 1487 1655 fiet
1528 1555 1746 1658 amicitiae
1791 1594 1967 1662 nostrae

499 1782 531 1828 „
552 1703 773 1805 decessio.
794 1721 824 1764 ‘⁶
860 1707 992 1801 Tunc
1026 1699 1259 1804 Carolus:
1293 1699 1458 1824 Rex,
1446 1701 1632 1841 rnquit,
1660 1733 1728 1844 pro
1769 1743 1827 1803 me
1859 1709 1963 1827 tibi,

499 1853 668 1950 Comerta
672 1853 797 1966 bilis,
827 1851 1048 1979 respondit.
1079 1884 1163 1944 cras
1196 1849 1318 1981 igiter
1346 1883 1475 1965 mane,
1495 1849 1590 1981 qnid
1627 1851 1778 1946 consilii
1816 1854 1966 1983 ceperi-

496 2034 616 2113 mus,
653 2031 878 2130 cognosces
935 1988 1144 2131 Digresso
1194 1998 1364 2131 Rege,
1403 1988 1629 2108 Carolus,
1665 2028 1758 2090 non
1808 2027 1965 2095 coacto

447 2163 452 2175 ’
493 2070 710 2301 concilio,
754 2134 841 2249 ‚sed
877 2172 980 2233 cum
1017 2131 1198 2276 singulis
1234 2130 1486 2274 proceribus
1522 2133 1756 2274 separatim
1788 2131 1966 2238 adhibi-

412 2376 416 2380 *
493 2281 549 2381 tis
585 2278 819 2381 deliberare
856 2277 1062 2418 coepit,
1098 2315 1209 2378 num
1255 2319 1299 2379 se
1355 2276 1413 2376 ad
1423 2289 1621 2419 Regem
1664 2315 1708 2380 et
1741 2278 1966 2422 Reginam

495 2424 544 2526 in
581 2437 752 2525 Fossam
788 2422 1037 2526 Marianam
1072 2421 1285 2563 postridie
1319 2420 1466 2522 venire
1511 2416 1649 2522 officii
1695 2464 1780 2525 esse
1826 2461 1965 2566 atque

496 2569 754 2710 prudentiae
790 2566 1061 2687 videretur,
1092 2602 1142 2668 ut
1177 2577 1274 2668 Rex
1309 2564 1401 2709 ipse
1437 2562 1557 2667 haud
1593 2563 1775 2670 obscure
1811 2607 1966 2714 postu

496 2715 638 2822 laretr
679 2753 783 2819 nam
822 2709 972 2812 licet
960 2749 1007 2809 rn
1043 2644 1263 2813 littore
1225 2750 1339 2812 crrca
1374 2746 1557 2852 porrum
1594 2746 1638 2812 et
1672 2753 1802 2815 naves
1838 2715 1967 2816 aedi-

497 2856 648 2959 ficium
694 2900 746 2959 ex
800 2855 926 2999 ligno
979 2891 1087 2957 esset
1138 2896 1284 3020 aequo
1334 2855 1435 2956 loco
1486 2856 1542 2958 ad
1587 2859 1966 3000 congrediendum

499 3003 998 3163 colloquendumque
982 3039 1103 3133 Jussu
1153 3000 1289 3143 Regis
1339 2999 1620 3126 excitatum,
1667 3000 1753 3104 hoc
1811 3039 1966 3104 tamen

496 3158 593 3249 Rex
628 3146 750 3248 idem
786 3186 866 3248 suo
903 3184 951 3244 rn
987 3143 1140 3245 Caroli
1180 3182 1342 3274 navem
1381 3147 1572 3250 adventu
1604 3083 1832 3251 fecerat
1820 3148 1965 3248 tnuri-

495 3292 580 3391 le
571 3358 583 3400 ‚
622 3291 770 3434 itaque
821 3289 893 3392 vel
946 3285 1100 3391 officii
1122 3326 1166 3391 et
1201 3289 1419 3393 amicitiae
1470 3291 1604 3436 gratia
1653 3293 1814 3394 Carolo
1866 3330 1964 3394 erat

498 3436 591 3537 sine
587 3436 845 3598 ⁸praesidio
882 3434 937 3535 ad
971 3436 1202 3579 Regem
1190 3474 1239 3537 rn
1282 3437 1507 3540 castellum
1542 3437 1854 3561 veniendum,
1888 3437 1963 3537 vel

498 3580 715 3722 cogitatio
750 3582 806 3679 de
856 3579 1085 3744 colloquio
1135 3618 1305 3723 prorsus
1340 3580 1612 3714 abjicienda
1669 3584 1751 3684 Sed
1805 3620 1965 3722 proce·

489 3762 633 3843 rum,
669 3762 720 3827 ut
754 3724 991 3827 Carolus
980 3764 1071 3867 rpse
1121 3724 1236 3827 milri
1288 3727 1498 3870 roganti,
1534 3760 1577 3826 et
1628 3727 1684 3827 de
1734 3726 1967 3889 colloquio

496 3868 775 4008 percontanti
812 3872 1072 4009 respondit,
1109 3911 1201 3972 uno
1254 3872 1484 3973 dumtaxat
1528 3867 1830 4032 adhortante,
1866 3869 1969 4012 qui

497 4011 684 4115 busdam
731 4010 1091 4158 ambigentibus,
1132 4015 1297 4135 ceteri,
1334 4018 1407 4117 sed
1453 4013 1646 4117 maxime
1695 4014 1874 4133 Doria,
1908 4056 1968 4114 ne

498 4197 555 4259 se
578 4195 742 4259 temere
793 4194 918 4260 tanto
968 4159 1163 4301 periculo
1200 4159 1549 4278 committeret,
1596 4198 1707 4260 neve
1744 4159 1792 4260 in
1826 4160 1967 4301 Regis

495 4336 757 4442 potestatem
811 4303 1121 4448 permitteret,
1160 4340 1454 4413 censueruntr
1472 4303 1686 4468 idque
1674 4341 1819 4443 rpsum
1860 4342 1969 4402 ora

496 4483 544 4546 re
581 4483 716 4589 atque
768 4448 977 4552 obtestati
1032 4486 1318 4593 coeperunt,
1348 4449 1599 4551 meminisse
1634 4445 1830 4565 debere,
1866 4485 1966 4587 quo

497 4601 594 4694 Rex
629 4594 833 4695 audaciae
868 4595 1022 4695 dolore
1059 4630 1333 4735 acceptarum
1380 4594 1426 4693 in
1462 4591 1579 4731 bello
1616 4632 1642 4690 a
1677 4589 1841 4690 Carolo
1887 4631 1966 4693 ca-

497 4738 744 4840 lamitatum
779 4738 991 4881 impulsus
1029 4737 1341 4882 processisset:
1332 4778 1476 4843 .nam
1512 4737 1593 4879 qui
1629 4741 1877 4839 Turcarum
1913 4775 1966 4835 ac

1883 4894 1968 4983 30.
