3998 5850
499 452 590 544 474
710 451 712 455 ⁴
910 439 992 522 DE
1036 437 1240 520 REBUS
1288 435 1511 519 GESTIS

460 640 558 704 tura
595 594 786 717 morbi,
831 635 881 694 ac
918 595 972 694 de
1017 636 1088 737 spe
1136 595 1205 695 vel
1248 594 1546 736 desperatione
1592 581 1729 731 Regis
1777 588 1922 693 salutis

465 748 648 848 certiora
684 746 994 883 cognosceret.
1041 754 1161 841 Cum
1204 775 1351 840 autem
1396 780 1446 838 ex
1489 736 1775 836 Medicorum
1815 776 1921 838 con·

466 891 671 992 sentiente
708 926 816 988 voce
858 897 1029 1026 Regem
1079 884 1243 1026 phthisi
1290 882 1449 983 morbo
1495 877 1817 981 immedicabili
1856 880 1917 980 la·

469 1033 652 1157 borare,
691 1041 870 1170 ejusque
906 1030 1043 1130 vitam
1081 1067 1319 1171 paucorum
1362 1024 1582 1126 mensium
1616 1021 1712 1125 fote
1750 1065 1918 1168 cogno·

470 1179 626 1292 visset,
666 1215 769 1275 cum
803 1187 927 1274 Duce
963 1171 1212 1299 Suffolchio
1237 1172 1467 1313 diligenter
1505 1170 1595 1310 egit
1637 1163 1918 1309 perfecitque,

469 1361 518 1423 ut
567 1329 789 1457 Joannam
830 1317 967 1417 filiam
1013 1355 1117 1418 natu
1160 1317 1399 1416 maximam
1441 1313 1536 1413 filio
1581 1353 1659 1411 suo
1700 1314 1835 1411 tertio
1876 1315 1918 1413 in

470 1464 804 1565 matrimonium
840 1463 1097 1562 collocaret.
1135 1473 1237 1563 Erat
1274 1496 1419 1561 autem
1456 1463 1631 1591 Joanna
1667 1456 1812 1598 stirpis
1837 1470 1918 1559 Re·

473 1609 571 1749 giae
610 1607 746 1746 neptis
783 1647 832 1704 ex
870 1605 959 1705 filia
994 1604 1152 1704 sororis
1196 1604 1381 1729 Henrici
1417 1601 1621 1718 Octavi,
1661 1611 1785 1730 cujus
1821 1641 1915 1700 cau-

375 1776 377 1780 “
474 1792 517 1849 sa
553 1748 608 1850 ab
644 1752 801 1849 eodem
838 1749 1035 1850 Henrico
1071 1749 1184 1850 inter
1221 1747 1396 1847 heredes
1437 1745 1584 1886 Regni
1620 1744 1783 1844 ultimo
1826 1746 1921 1846 loco‘

476 1894 632 2034 scripta
667 1889 832 1993 fuerat.
957 1930 961 1936 ·
1434 2024 1436 2028 ,

546 2051 594 2139 ΙΙ.
668 2039 752 2137 His
789 2038 914 2141 rebus
951 2036 1117 2178 gestis,
1148 2033 1577 2139 Nortlrumbetlanus
1613 2031 1717 2133 ficta
1764 2033 1908 2135 oratio

477 2221 531 2282 ne
568 2182 822 2283 Eduardum
858 2183 1106 2322 aggreditur
1141 2260 1156 2299 ,
1193 2181 1478 2321 hortaturque
1514 2256 1528 2299 ,
1565 2214 1614 2278 ut
1650 2179 1909 2277 mortalitatis

476 2363 644 2425 memor
681 2325 728 2425 in
763 2364 811 2422 ea
848 2325 1104 2425 valetudinis
1136 2324 1433 2445 infirmitate,
1463 2356 1513 2422 ut
1557 2322 1681 2463 pium
1726 2362 1774 2420 ac
1817 2321 1910 2422 boni

477 2464 644 2607 publici
680 2467 923 2568 studiosum
972 2469 1215 2608 Principem
1238 2471 1457 2586 deceret,
1490 2464 1731 2605 posteritati
1763 2504 1910 2565 consu-

476 2612 624 2728 leret,
659 2651 707 2711 ac
743 2611 797 2711 de
834 2612 1097 2712 successione
1144 2614 1192 2712 in
1227 2624 1482 2756 Regnum,
1516 2611 1564 2710 in
1600 2650 1695 2749 quo
1734 2607 1909 2708 maxima

375 2773 380 2785 '‘
476 2790 703 2855 momenta
744 2792 1035 2876 verterentur,
1060 2757 1298 2898 cogitaret,
1339 2756 1534 2892 illudque
1575 2754 1622 2853 in
1664 2751 1847 2891 primis,
1878 2750 1907 2849 si

476 2898 620 2996 Maria
656 2938 776 2998 sotor
813 2904 1075 3002 successisset
1091 2898 1296 3040 ‚Religio
1334 2935 1376 2997 et
1411 2896 1675 3036 Respublica
1713 2932 1908 3034 quantum

478 3040 708 3139 discrimen
752 3081 857 3142 esset
903 3045 1115 3151 aditura,
1156 3044 1263 3184 quid
1310 3043 1426 3144 enim
1469 3042 1525 3142 ab
1573 3081 1622 3139 ea
1666 3040 1909 3178 sperandum

478 3219 608 3300 essct,
631 3224 742 3324 quae
778 3187 825 3286 in
860 3187 1131 3287 caerimoniis
1179 3186 1500 3327 Religioneque
1546 3193 1753 3284 Romana
1792 3183 1909 3322 perri·

474 3325 636 3425 nacitor
672 3366 893 3448 maneret,
927 3372 1112 3470 eamque
1147 3328 1323 3430 baberet
1358 3330 1496 3449 odio,
1533 3366 1669 3466 quam
1706 3363 1804 3425 tota
1837 3324 1911 3424 Bri·

474 3471 619 3567 tannia
655 3508 773 3611 patre
809 3472 1006 3572 Hentico
1042 3510 1218 3573 auctore
1257 3475 1485 3611 complexa
1520 3505 1652 3587 esset,
1682 3506 1726 3568 et
1762 3509 1912 3612 magno

476 3648 687 3713 consensu
723 3647 995 3754 sequeretur?
1036 3625 1198 3754 Neque
1233 3654 1339 3714 vero
1375 3615 1517 3713 solum
1552 3612 1805 3753 Religionis
1843 3653 1914 3712 no·

476 3755 597 3852 mine
632 3796 874 3896 suspectant
911 3799 996 3858 esse
1032 3759 1253 3876 Mariam,
1271 3759 1344 3857 sed
1381 3756 1513 3858 etiam
1550 3757 1820 3897 cognatione
1850 3768 1915 3855 Re·

473 3935 584 4035 gum
621 3934 665 3997 et
700 3938 965 4041 magnorum
994 3900 1249 4041 Principum
1285 3936 1588 4018 externorum,
1622 3939 1814 4038 quorum
1849 3940 1916 3998 vo·

472 4039 630 4139 luntati
665 4080 769 4143 esset
806 4041 924 4142 haud
966 4042 1100 4143 dubie
1136 4042 1521 4182 obtemperatura,
1561 4042 1816 4184 eisdemque
1848 4083 1920 4142 au·

472 4181 662 4283 ctoribus
712 4186 768 4283 de
815 4184 1042 4285 connubio
1098 4223 1141 4287 et
1193 4185 1320 4288 rebus
1365 4186 1567 4288 maximis
1610 4186 1921 4292 deliberatura3

471 4361 645 4426 externo
680 4364 825 4430 autem
861 4330 997 4428 ascito
1033 4341 1157 4471 Rege
1195 4331 1439 4469 patriorum
1482 4369 1663 4430 morum
1700 4331 1833 4431 inscio
1880 4365 1923 4427 et

469 4471 868 4587 osote‚Britannos
911 4472 1116 4575 servitute
1152 4512 1316 4613 pressos
1361 4473 1600 4573 necessario
1647 4511 1923 4572 externorum

468 4607 658 4747 imperio
699 4616 910 4751 parituros
971 4656 1073 4715 cum
1116 4656 1274 4757 magna
1327 4617 1493 4755 pietatis
1549 4615 1596 4714 in
1640 4630 1793 4717 Deum
1834 4617 1923 4716 Bri-

460 4753 720 4896 tanniaeque
756 4759 981 4900 dlgnitatis
1016 4771 1208 4896 jactura.
1252 4759 1336 4859 His
1374 4761 1497 4864 malis
1534 4797 1671 4860 unam
1709 4801 1800 4862 esse
1848 4800 1923 4860 oc·

1831 4941 1922 5004 cur-
