4124 5880
547 460 627 518 110
902 432 1008 512 ,ΒΕ
1059 427 1269 510 REBUS'
1312 429 1553 510 GEsT1sf

492 586 554 688 bo
592 587 776 690 subinde
815 581 1106 701 tentabatur,
1139 582 1375 723 impeditus
1413 579 1645 699 substitit,
1682 619 1733 680 ac
1755 577 1940 682 dies’
1894 624 1972 687 vr

489 733 603 874 ginti
639 766 873 849 moratus,
907 659 1170 829 Hollandiae
1227 764 1271 827 et
1305 724 1536 826 Zelandiae
1588 760 1829 847 conventus
1882 725 2021 831 ha·-

407 988 409 992 7
489 876 616 978 buit.
660 877 922 978 Gandavum
958 871 1216 975 Carolus
1179 910 1293 972 crtca
1329 867 1602 973 Novembris
1638 870 1858 973 Kalendas
1892 912 1967 976 re-

487 1022 709 1121 vertitur:
759 1059 953 1160 cumque
990 1056 1153 1118 ceteras
1189 1017 1357 1119 circum
1407 1015 1611 1158 regiones
1663 1050 1797 1178 atque
1823 1016 1966 1121 urbes

488 1162 702 1285 obiisset,
739 1197 982 1265 conventus
1036 1162 1320 1323 peregisset,
1337 1198 1394 1260 et
1417 1158 1704 1277 omnibus
1663 1160 1795 1261 vrcies
1854 1202 1967 1264 cen-⁴

485 1342 585 1415 tum
622 1242 759 1410 millia
794 1309 1099 1407 ducatorum
1090 1346 1162 1405 sex
1198 1304 1409 1468 proximis
1446 1303 1569 1405 annis
1601 1305 1885 1445 pendenda
1873 1344 1964 1407 rm-

487 1489 713 1593 perasset,
750 1451 1031 1556 Valentianas
1083 1446 1227 1549 hac
1215 1487 1296 1550 tter
1348 1487 1397 1548 ιιι
1433 1448 1717 1548 Germaniam
1769 1444 1965 1553 facturus

487 1597 815 1738 progreditur,
850 1594 1137 1735 constititque
1176 1591 1339 1724 diebus
1384 1591 1558 1735 aliquot
1601 1590 1962 1699 haemorrhoidi

492 1683 601 1847 bus
607 1740 876 1882 impeditus.
1011 1829 1013 1834 ,

504 1892 683 1986 XVI.
759 1898 883 1985 Dum
926 1881 1098 1985 haec
1085 1922 1134 1983 m
1170 1828 1322 2047 Belgio
1375 1885 1494 2026 apud
1529 1881 1740 1985 Carolum
1828 1922 1961 1986 erun-

485 2062 609 2147 tur,
627 2012 838 2169 Azenaga
883 2025 1107 2129 eunuchus
1139 2104 1153 2146 ,
1185 2031 1264 2168 qui
1301 2069 1383 2169 pro
1416 2026 1672 2129 Charadino
1714 1922 1962 2131 Barbarum

484 2182 695 2313 Regnum
751 2172 951 2314 Argeliae
1005 2173 1061 2272 ad
1107 2210 1248 2272 oram
1300 2171 1599 2274 Mauritaniae
1669 2171 1963 2314 procurabat,

485 2314 612 2413 classe
649 2315 894 2415 triremium
935 2316 1073 2416 trium
1119 2355 1170 2414 ac
1208 2317 1443 2417 duodecim
1484 2314 1726 2420 biremium
1775 2352 1961 2438 coacta,

484 2454 704 2598 rebusque
740 2456 989 2559 omnibus
986 2458 1230 2559 necessarus
1267 2457 1432 2564 bene
1420 2495 1661 2580 msrructa,
1694 2459 1791 2560 huc
1836 2461 1963 2563 mille

484 2601 672 2701 delectos
714 2601 925 2705 milites
913 2602 1126 2765 tmposuit
1143 2680 1158 2722 ,
1176 2610 1340 2705 Turcas
1380 2599 1471 2703 fere
1511 2623 1555 2703 et
1590 2604 1816 2745 Hispanos
1853 2642 1958 2744 per-

482 2739 617 2886 fugas
646 2747 844 2846 Saraceni
884 2746 1086 2911 generis,
1123 2747 1197 2846 sed
1236 2747 1317 2887 qui
1355 2746 1620 2889 religionem
1659 2746 1961 2850 Christianam

483 2889 695 3029 temporis
734 2929 861 2992 causa
915 2928 1073 3034 parum
1127 2889 1288 2991 scilicet
1340 2890 1527 2994 libenter
1580 2928 1884 3034 acceperant3
1933 2934 1961 2993 a

486 3072 602 3196 qua·
614 3032 893 3154 deficientes,
933 3075 988 3135 ne
1058 3075 1188 3136 oenus
1236 3036 1444 3137 darent
1432 3034 1706 3175 rmpietatis‚
1745 3031 1960 3178 frequen-

486 3211 550 3279 tes
590 3176 637 3281 ιιι
669 3171 867 3278 Africam
878 3074 1262 3342 transiugiebant
1290 3183 1568 3321 (Mundq'ares
1608 3175 1821 3282 Afrorum
1867 3181 1960 3281 lin-

486 3359 574 3463 gua
612 3320 919 3425 nominantur
940 3329 958 3467 )
997 3324 1112 3425 Cui
1113 3323 1274 3427 manui
1305 3323 1515 3465 classique
1547 3323 1852 3426 Aliha'matum
1875 3402 1889 3445 ‚
1912 3361 1960 3426 et

487 3467 851 3568 Caramaminum
887 3506 1074 3607 magnae
1114 3467 1287 3568 virtutis
1325 3467 1566 3590 homines,
1603 3470 1789 3573 natione
1831 3475 1960 3570 Tur·-

488 3648 600 3771 ⁶³⁸?
637 3609 805 3751 partitis
842 3605 1044 3730 officiis,
1064 3605 1335 3776 praefecit,
1371 3648 1422 3713 ut
1457 3547 1730 3716 Aliliamatus
1768 3613 1855 3714 toti
1890 3614 1960 3716 rei

487 3752 745 3857 maritimae
773 3793 1021 3919 praeesset·
1013 3823 1025 3865 ,
1062 3756 1366 3859 intereavero
1403 3757 1461 3857 si
1483 3758 1643 3859 milites
1686 3797 1961 3898 exponeren-

485 3929 610 4013 tur,
616 3900 1046 4002 Caramaminus
1033 3900 1221 4057 imperii
1260 3910 1480 4003 summam
1528 3911 1737 4001 teneret·
1730 3967 1757 4064 ².
1784 3938 1830 4001 et
1874 3901 1960 4004 hos

485 4076 603 4142 mare
638 4030 877 4145 Ibericum
896 4081 1030 4186 atque
1075 4083 1209 4146 oram
1239 4046 1479 4186 Hispaniae
1520 4043 1709 4210 piraticis
1744 4044 1961 4149 incursio-

485 4184 613 4288 nibus
661 4184 865 4290 infestare
909 4187 1078 4352 jubet,
1116 4226 1159 4290 et
1194 4170 1497 4332 Agibaxum
1485 4190 1651 4291 tmitari
1683 4191 1813 4334 ,qui
1850 4232 1961 4293 cum

441 4435 443 4443 J
486 4329 612 4432 classe
660 4333 813 4434 missus
864 4334 994 4436 tertio
1038 4372 1138 4436 ante
1181 4373 1304 4435 anno
1346 4371 1424 4499 per
1473 4335 1752 4436 occasionem
1798 4331 1963 4437 absen-

485 4475 600 4576 tium
636 4476 885 4587 triremium
923 4480 1148 4643 praesidio
1180 4479 1434 4642 Hispaniae
1461 4479 1803 4595 destinatarum,
1840 4482 1963 4617 quae

484 4619 710 4721 Catulum
735 4625 1015 4722 Caesarem
1003 4662 1050 4724 m
1088 4623 1319 4765 Liguriam
1357 4662 1400 4725 et
1434 4626 1731 4740 Nicaenum3
1766 4623 1821 4720 de
1858 4663 1960 4764 quo

489 4762 871 4886 memoravimum
861 4767 1191 4910 colloquium
1222 4804 1388 4905 secutae
1418 4763 1645 4900 fuerant,
1655 4766 1821 4870 nostris
1857 4807 1964 4870 non

1852 4951 1960 5054 par-
