3998 5850
466 437 707 522 cauom
748 439 802 520 v.
844 439 955 519 [ιιι.
1003 443 1191 525 xxvur.
1381 435 1472 545 ‘447

46 610 216 714 ›luntate
262 596 412 744 aequis
457 598 787 704 conditionibus
835 641 877 700 se
923 597 1251 746 confecturum
1313 619 1376 708 Ita
1413 623 1520 715 Gar-⁴

56 756 142 855 cias
178 748 395 869 Tolerus,
435 744 669 846 obsidione
705 745 978 847 Montalcini
1015 748 1188 870 soluta,
1221 751 1368 891 copias
1403 766 1522 862 Neaa·

58 898 204 1039 polim
239 893 438 994 reduxit.

130 1050 191 1139 Χ.
264 1036 446 1137 Carolus
486 1033 636 1175 paucis.
669 1034 890 1136 mensibus
927 1034 1203 1169 interjectis,
1235 1038 1392 1181 iniquo
1428 1045 1523 1145 ani-

56 1222 138 1285 mo
175 1180 316 1281 ferens
349 1178 587 1286 exercitum
622 1219 750 1279 suum
786 1177 1062 1286 senensibus
1085 1180 1245 1282 finibus
1282 1225 1326 1283 re
1362 1180 1525 1289 infecta

57 1327 329 1444 discessisse,
364 1364 506 1425 rursus
543 1325 598 1423 ad
635 1335 857 1426 Cosmum·
901 1324 1128 1424 Medicem
1172 1327 1524 1435 Florentiuorum

57 1483 261 1587 Ducem,
282 1506 326 1569 et
369 1470 635 1569 Franciscum
681 1468 894 1567 Toletum
931 1546 946 1587 ,
988 1469 1068 1608 qui
1104 1472 1159 1569 ad
1205 1474 1408 1573 eamdem
1444 1513 1523 1574 ur-

37 1611 163 1716 bem
198 1611 498 1732 morabatur,
528 1611 722 1732 scribit,
757 1647 806 1711 ut
844 1609 1008 1711 bellurn
1050 1611 1098 1711 in
1135 1627 1335 1715 Senenses
1388 1644 1524 1717 reno-'

61 1768 241 1878 vatent,
264 1795 308 1858 et
344 1797 410 1858 res
452 1757 737 1883 necessarias,
774 1795 912 1895 quam
945 1750 1242 1858 'occultissime
1293 1758 1387 1859 fieri
1424 1800 1526 1903 pos-

61 1938 151 2023 set,
175 1938 515 2042 compararent,
535 1901 693 2001 tradita
729 1899 872 1999 eidem
912 1912 1081 2000 Cosmo
1119 1900 1368 2039 imperandi
1409 1943 1527 2004 sum-

63 2083 180 2164 ma,
234 2080 284 2145 ut
318 2080 475 2182 perse
512 2042 581 2142 vel
633 2082 709 2185 per
760 2043 920 2142 ducem
962 2055 1143 2142 Senense
1179 2041 1345 2142 bellum
1382 2046 1529 2147 admi-

62 2190 284 2289 nistraret.
323 2197 463 2317 Cujus
492 2186 555 2286 rei
591 2226 716 2286 causa
750 2186 947 2321 Jacobus
983 2185 1180 2285 Medices
1201 2186 1408 2288 Marchio
1435 2198 1532 2291 Me·-

62 2332 237 2472 lignani
273 2374 325 2431 ex
360 2327 611 2430 Insubribus
650 2364 899 2449 evocatur,
928 2329 1355 2470 communicatisque
1390 2335 1533 2435 consi-

64 2474 166 2592 liis,
188 2475 309 2575 aliud
337 2474 440 2576 belli
469 2474 640 2612 capitur
683 2473 883 2572 initium.
921 2482 1071 2613 Itaque
1099 2474 1289 2613 Hispani
1325 2479 1528 2616 quadrin-

69 2617 194 2758 genti
232 2658 310 2760 per
343 2616 534 2759 speciem
572 2616 925 2757 praesidiorum,
948 2613 1110 2755 quibus
1147 2629 1251 2715 Dux
1287 2658 1381 2718 suas
1417 2661 1532 2755 arces

66 2760 235 2862 firmati
264 2763 396 2862 vellet
414 2760 713 2881 ,Florentiam
749 2794 983 2858 evocantur
1000 2798 1012 2867 3
1032 2795 1251 2899 praeterea
1278 2762 1532 2867 Italicorum

67 2905 123 3004 ad
160 2946 231 3006 sex
267 2906 403 3006 millia
438 2903 485 3005 in
523 2900 683 3004 linibus
726 2902 978 3003 Florentinis
1023 2895 1263 3023 confecta,
1300 2941 1342 3006 et
1393 2908 1533 3050 Pugi-

70 3044 281 3149 bontium
317 3047 554 3149 convenire
592 3057 743 3177 jussa,
780 3047 907 3186 quod
941 3046 1164 3149 castellum
1199 3088 1226 3148 a
1260 3048 1377 3150 Senis
1413 3050 1555 3166 abest·

70 3193 315 3294 duodecim
348 3191 517 3292 circiter
552 3189 690 3289 millia
725 3229 928 3330 passuum
945 3268 962 3292 .,

146 3347 226 3437 XI.
299 3335 451 3439 Rebus
488 3333 767 3452 constitutis,
801 3371 961 3435 ceteras
997 3330 1175 3473 copias,
1196 3375 1302 3474 quas
1338 3377 1389 3435 cx
1423 3345 1536 3438 Nea«
1656 3364 1657 3367 ‘

74 3479 283 3620 politanis
315 3516 358 3582 et
401 3476 810 3578 Mediolanensibus
857 3477 1081 3617 praesidiis
1122 3480 1313 3579 Carolus⁴
1348 3481 1536 3602 deduci,

74 3659 120 3723 et
155 3624 203 3724 in
243 3622 504 3724 Hetruriam
552 3621 776 3763 proficisci
811 3631 1029 3752 jusserat,
1067 3622 1254 3763 longum
1297 3624 1440 3725 visum
1477 3659 1540 3724 est

73 3806 348 3910 exspectare.
385 3778 537 3908 Itaque
573 3765 817 3907 Melignani
852 3761 1085 3882 Marchio,
1104 3767 1174 3865 cui
1200 3779 1388 3867 Cosmus
1421 3761 1538 3868 sum·

73 3950 199 4010 marn
236 3913 471 4012 tradiderat
507 3918 597 4043 ejus
640 3907 747 4009 belli
779 3908 1155 4027 administrandi,
1188 3911 1330 4049 pridie
1372 3911 1538 4012 Kalen·
1583 3930 1592 3938 ’

75 4053 234 4155 darum
271 4057 424 4157 Martii
468 4052 736 4194 insequentis
772 4051 880 4151 anni
918 4053 1135 4154 Florentia
1179 4093 1281 4154 cum
1325 4095 1374 4153 ea
1423 4095 1537 4195 qua·

78 4198 420 4342 dringentorum
457 4198 762 4337 Hispanorum
798 4236 969 4315 manu,
1002 4198 1057 4295 de
1095 4238 1183 4339 qua
1219 4198 1542 4320 diximus,dis·

75 4346 261 4464 cedens,
307 4339 629 4484 Pogibontium
665 4341 812 4459 venit,
855 4378 899 4440 et
936 4379 1177 4481 paucarum
1213 4339 1420 4442 horarum
1447 4383 1543 4483 spa-

75 4486 144 4584 tio
181 4488 343 4592 eisdem
381 4485 591 4627 Hispanis
627 4487 682 4585 ad
719 4523 905 4625 corpora
942 4488 1184 4585 curandum
1223 4486 1361 4606 dato,
1390 4487 1541 4619 ceteris

75 4631 289 4769 postridie
325 4674 367 4731 se
422 4628 628 4773 subsequi
669 4629 830 4761 jussis,
870 4668 974 4730 cum
1019 4627 1085 4727 his
1130 4627 1306 4732 ineunte
1353 4624 1542 4732 secunda

72 4773 220 4875 noctis
256 4776 408 4917 vigilia
442 4789 569 4880 Senas
606 4771 941 4916 proficiscitur,
981 4773 1197 4917 tertiaque
1250 4810 1399 4877 exacta
1453 4775 1543 4873 im-

1436 4956 1545 5058 pro-
1636 5044 1639 5049 Ι
