3998 5850
495 428 580 536 480
792 533 793 538 g
862 428 866 431 “
913 428 997 509 ou
1037 429 1246 511 nesus
1286 427 1507 511 oustrs

459 579 820 728 quinquaginta,
858 578 1020 723 quibus
1058 582 1290 725 negotium
1329 620 1444 682 recte
1479 578 1706 684 committi
1744 581 1932 689 videba‹

458 766 561 855 tur,
601 727 843 871 praesidio,
882 763 958 866 per
1006 724 1087 824 lros
1132 722 1420 825 Suffolchium
1464 737 1634 826 Ducem
1677 767 1926 854 accersunt,

456 915 506 976 ut
542 887 716 975 Senatus
753 871 953 970 consulto
991 869 1082 1008 ipse
1119 907 1302 1010 quoque
1339 866 1652 972 subscriberet.
1703 883 1744 970 Is
1780 872 1922 1016 impt-

457 1057 605 1120 ratum
641 1020 878 1118 detrectare
914 1012 1032 1112 haud
1070 1050 1216 1113 tutum
1253 1010 1336 1112 sibi
1372 1007 1468 1113 fore
1504 1048 1648 1135 ratus,
1671 1055 1801 1119 mora
1837 1059 1922 1122 non

458 1162 720 1305 interposita
791 1200 894 1262 cum
948 1153 1183 1278 affuisset,
1221 1157 1447 1261 decretum
1482 1154 1806 1301 subscriptione
1847 1162 1918 1262 fir·

391 1374 397 1385 ·
460 1308 632 1408 mavit.

528 1460 587 1552 X.
663 1449 730 1551 Sic
767 1491 819 1550 ex
861 1444 1047 1553 Consilii
1082 1444 1296 1549 sententia
1337 1450 1464 1553 rebus
1500 1445 1799 1568 constitutis,
1843 1491 1918 1552 eo-

457 1597 652 1736 demque
688 1595 843 1695 Senatu
880 1595 927 1692 in
965 1595 1120 1693 urbem
1155 1633 1365 1712 tevers0‚
1401 1592 1545 1692 Maria
1581 1594 1780 1695 Londini
1823 1636 1915 1701 cum

456 1738 631 1879 ingenti
667 1737 950 1878 popularium
986 1738 1284 1876 gratulatione
1316 1737 1489 1880 Regina
1524 1738 1837 1877 pronuntiatur
1869 1780 1913 1839 ac

455 1882 726 1985 declaratur.
765 1887 889 1980 Tum
924 1890 1145 1980 Senatores
1181 1881 1319 1981 iidem
1356 1880 1595 2020 partimin
1630 1883 1791 1982 aedem
1823 1892 1910 1986 Pau·

454 2024 487 2124 li
520 2065 736 2126 sacrarum
761 2025 1001 2124 maximam
1030 2027 1387 2149 contenderunt,
1414 2060 1458 2125 et
1480 2061 1587 2122 cum
1611 2025 1745 2126 Clero
1775 2041 1908 2128 Deum

453 2208 537 2309 pto
574 2170 771 2311 Reginae
800 2169 934 2267 salute
963 2168 1155 2268 venerati
1192 2201 1324 2291 sunt,
1345 2168 1539 2268 solemne
1563 2167 1673 2268 illud
1704 2171 1766 2268 Te
1790 2171 1909 2271 Deum

455 2316 648 2412 laudamus
685 2350 806 2410 sacro
842 2312 930 2411 ritu
966 2311 1268 2429 concinentes,
1305 2351 1383 2434 ac,
1404 2349 1454 2411 ut
1490 2349 1555 2409 tes
1599 2307 1786 2413 feliciter
1820 2356 1908 2415 eve·

456 2454 596 2571 niret,
617 2455 909 2595 comprecati,
934 2452 1096 2591 partim
1132 2454 1179 2552 in
1215 2492 1361 2555 arcem
1398 2493 1501 2553 cum
1529 2451 1771 2556 Suffolchio
1789 2471 1908 2558 Duce

453 2601 693 2740 progressi,
714 2604 949 2734 joannae,
970 2596 1039 2696 uti*
1061 2596 1253 2697 Mariam
1277 2597 1501 2739 Reginam
1536 2634 1817 2739 agnosceret,
1834 2603 1904 2700 de⁴

453 2743 741 2851 nuntiarunt3
798 2752 1005 2881 jussoque
1055 2736 1295 2839 Suffolchio
1345 2754 1471 2841 Duce
1508 2743 1614 2841 arcis
1654 2736 1906 2883 praefectura

451 2928 539 2988 sese
576 2885 806 3005 abdicare,
830 2924 873 2986 et
909 2887 1096 2984 domum
1133 2924 1236 2983 cum
1264 2883 1348 2983 suis
1368 2882 1508 3003 abire,
1532 2891 1752 3008 Mylordum
1774 2889 1907 2987 Vade

450 3069 560 3132 num
597 3030 738 3129 eidem
774 3029 863 3129 arci
898 3065 939 3128 et
960 3036 1163 3164 Joann'ae
1199 3028 1422 3128 custodiae
1459 3023 1778 3169 praefecerunt,
1805 3024 1903 3130 facta

450 3169 653 3274 facultate
688 3170 1081 3274 Northumberlani
1134 3169 1450 3312 Suffolchiique
1492 3183 1671 3273 Ducum
1709 3176 1902 3275 uxoribus

453 3354 498 3418 et
534 3318 684 3420 ceteris
734 3316 945 3416 matronis
967 3360 997 3434 ‚‘
1020 3355 1131 3457 quae
1174 3314 1223 3458 in
1265 3321 1469 3449 Joannae
1511 3316 1729 3416 comitatu
1774 3356 1906 3435 erant,

452 3464 669 3583 domum,
703 3501 808 3560 cum
845 3457 1031 3578 liberet,
1070 3460 1343 3561 revertendi.

523 3615 599 3709 XI.
674 3616 737 3704 Ex
773 3603 937 3705 eisdem
974 3603 1242 3702 Consiliariis
1269 3606 1370 3704 ‘duo
1401 3643 1478 3745 pet
1514 3605 1750 3748 dispositos
1779 3645 1905 3751 equos

451 3749 509 3848 ad
541 3748 763 3890 Reginam
799 3749 1002 3886 proxima
1038 3784 1168 3847 nocte
1205 3741 1393 3887 profecti
1428 3787 1556 3869 sunt,
1605 3752 1686 3890 qui
1724 3793 1826 3852 earn
1859 3753 1906 3851 de

437 3890 577 4009 rebus
613 3890 819 3991 omnibus
856 3892 1087 3992 certiorem
1123 3885 1341 3991 facerent.
1378 3894 1552 3992 Deinde
1587 3896 1644 3993 ad
1666 3895 1908 3996 Northum·

453 4038 682 4138 berlanum
718 4033 907 4134 Consilii
950 4033 1132 4173 epistola
1170 4036 1333 4174 perlata
1378 4071 1475 4155 est,
1513 4077 1600 4180 qua
1636 4037 1693 4135 de
1742 4052 1909 4139 Senatus

342 4249 345 4263 .
456 4181 657 4280 consulto
715 4216 757 4278 et
809 4176 1089 4318 popularium
1125 4216 1336 4277 consensu
1382 4178 1596 4321 rebusque
1647 4182 1781 4321 gestis
1815 4219 1907 4278 ctr-

454 4324 544 4423 tiot
581 4324 742 4429 fiebat3
780 4359 822 4423 et
859 4321 1067 4462 depositis
1105 4321 1233 4419 armis
1288 4323 1482 4420 Mariam
1533 4323 1737 4422 eamdem
1770 4323 1911 4464 Regi-

453 4506 559 4566 nam
595 4504 825 4609 agnoscere
862 4503 906 4564 et
941 4464 1181 4563 renuntiare
1217 4462 1477 4596 jubebatur.
1519 4478 1584 4585 ls,
1605 4466 1791 4607 epistola
1817 4504 1913 4605 per-

454 4609 565 4709 lecta
589 4688 603 4728 ‚
624 4648 666 4708 et
704 4649 806 4708 cum
843 4609 1028 4726 amicis,
1063 4608 1142 4748 qui
1179 4610 1379 4728 aderant,
1400 4611 1729 4710 communicata
1753 4611 1913 4729 ,dolo·

348 4761 350 4764 ’
453 4791 546 4856 tem
582 4752 879 4856 dissimulans:
916 4831 947 4874 ,‚
964 4761 1185 4890 Auctore,
1223 4752 1406 4894 inquit,
1446 4753 1644 4859 Consilio
1682 4755 1916 4896 negotium

1791 4888 1916 5019 „uf-
