4192 5858
943 352 947 389 l

493 450 739 534 cauom
782 452 990 532 ιι.·ι.,ιιι.
1023 457 1205 563 ιιιιιιι.
1439 471 1524 560 245

104 651 220 756 pore
264 603 417 712 ceteris
450 605 710 708 Christianis
753 606 982 727 insidiari,
1015 646 1058 708 et
1096 609 1302 749 spoliatos
1320 616 1325 704 5
1337 608 1387 713 in
1440 615 1573 715 servi..

105 793 252 863 tutem
292 750 575 872 abstrahere,
613 753 697 852 suis
736 749 949 890 portubus
992 754 1204 894 recipiat,
1243 790 1288 855 et
1332 796 1574 899 suggeren-

103 902 177 1002 dis
213 893 532 1000 commeatibus
567 895 676 994 alat.
713 900 969 998 Tantorum
997 897 1134 1037 igitur
1167 900 1398 999 malorum.
1415 942 1573 1005 aucto·¹

103 1046 163 1144 ris
202 1041 428 1144 audaciam
459 1039 731 1180 reprimere,
755 1075 797 1140 et
832 1081 886 1140 ne
921 1039 1056 1139 larius
1090 1041 1204 1141 mala
1242 1079 1448 1182 serpant,
1469 1086 1573 1186 pro-

100 1187 291 1306 videte,
325 1181 676 1286 Christianorum
711 1184 918 1284 omnium
953 1177 1154 1284 officium
1191 1226 1279 1286 esse
1317 1191 1473 1295 docet,
1498 1192 1574 1289 secl

99 1330 299 1451 maxime
329 1338 683 1446 Germanorum,
715 1328 772 1427 ad
807 1367 918 1467 quos
956 1326 1141 1460 injuriae
1183 1339 1400 1432 maximae
1437 1334 1574 1473 petria
1691 1358 1694 1362 ’

97 1509 277 1592 neant,
314 1509 508 1613 quotum
558 1469 630 1571 ille
669 1472 806 1570 socias
849 1507 892 1571 et
937 1472 1104 1573 amicas
1146 1473 1344 1574 civitates
1393 1476 1574 1578 invadat

98 1657 152 1719 et
189 1649 376 1756 occupet
394 1692 417 1733 ‚,
445 1649 488 1713 et
524 1613 748 1749 Solymani
783 1615 981 1715 acerrimi
1010 1614 1152 1716 hostis
1182 1694 1197 1735 ,
1231 1654 1275 1717 et
1311 1657 1461 1721 omnes
1498 1647 1573 1751 oc}

92 1761 298 1864 cationes
326 1769 573 1865 Germanos
609 1756 892 1898 opprimendi
927 1759 1229 1879 observantis„
1249 1763 1358 1868 uires
1385 1803 1568 1905 augeat.

91 1905 298 2013 Proinde
334 1902 585 2043 postulare,
620 1937 671 2003 ut
706 1944 783 2023 se,
821 1904 899 2044 qui
931 1916 1256 2006 ‚Germanorum
1302 1906 1570 2049 reipublicae

100 2048 298 2190 praesit,
331 2083 375 2148 ct
410 2086 495 2188 pro
532 2086 610 2147 suo
647 2042 799 2147 officio
828 2046 1064 2188 ..publicum
1100 2048 1333 2189 negotium
1368 2064 1572 2191 suscepe-

100 2195 195 2311 rit,
230 2192 369 2293 milite
405 2191 675 2332 pecuniaque
712 2201 861 2321 juvare
898 2232 952 2293 ne
988 2228 1259 2332 graventurr
1296 2236 1339 2295 se
1373 2231 1455 2334 pro
1493 2233 1566 2293 re·

102 2335 284 2479 publica
307 2334 584 2467 Christiana,
614 2375 696 2479 pro
732 2336 922 2478 Imperio
959 2373 1002 2437 et
1026 2336 1257 2477 dignitate
1296 2339 1571 2443 :Germaniae

102 2482 285 2587 nullum
312 2481 544 2595 laborem,
580 2482 750 2581 nullum
775 2480 1025 2620 ,periculum
1050 2519 1254 2584 recusare
1483 2492 1487 2497 ’

179 2631 304 2734 ΧΧΙ.
376 2623 465 2729 His
501 2657 544 2722 et
579 2620 738 2724 talibus
787 2624 940 2725 verbis
970 2626 1193 2728 Germani·
1234 2623 1412 2727 adducti
1440 2624 1576 2766 ,qui

103 2809 186 2872 sua
221 2803 377 2909 sponte
413 2780 588 2907 Regem
623 2768 898 2870 Franciscum
931 2769 1043 2869 male
1080 2771 1295 2888 oderant,
1320 2808 1365 2868 te
1383 2887 1384 2892 Ν
1401 2767 1582 2869 deliba:

108 2950 239 3033 rata,
275 2924 596 3016 Germanorum
631 2912 834 3051 peditum
871 2912 1035 3054 viginti
1072 2922 1263 3053 quatuor
1315 2912 1487 3031 millia,
1524 2953 1572 3011 e-

107 3057 290 3199 quitum
326 3093 515 3196 quatuor
567 3094 672 3155 cum
723 3056 943 3196 stipendio
976 3057 1190 3158 semestri
1219 3055 1391 3158 ·Carolo
1428 3058 1576 3156 decer-

107 3239 255 3310 nunts
290 3200 506 3342 simulque
542 3200 688 3301 edicto
723 3199 770 3300 in
806 3240 959 3303 omnes
997 3238 1138 3341 partes
1175 3199 1397 3318 dimisso,
1432 3199 1582 3301 intet·.

109 3346 301 3464 dicim,
323 3347 480 3486 nequis
502 3355 760 3446 «Germanus
797 3345 925 3445 Gallo
963 3345 1199 3444 militatem
1236 3380 1418 3486 operam
1452 3343 1574 3442 locas-

109 3524 222 3609 ret,
256 3528 399 3630 poena
434 3489 586 3631 capitis
637 3488 686 3588 in
721 3528 796 3589 eos
831 3490 1113 3608 constituta,
1151 3487 1231 3628 qui
1284 3485 1431 3585 edicto
1480 3523 1577 3586 non

106 3633 378 3775 patuissent.
418 3643 616 3753 Interea,
653 3667 703 3732 ut
739 3633 923 3733 Carolus
959 3644 1150 3753 Caesar,
1190 3632 1250 3730 sic
1285 3630 1395 3730 item
1429 3640 1577 3771 Reges

106 3779 330 3879 delectum
378 3775 540 3878 habere
576 3854 590 3896 ,
625 3815 775 3879 manus
825 3816 1034 3919 cogere,
1083 3810 1127 3874 et
1175 3772 1293 3875 bello
1343 3773 1577 3875 necessaria

101 3959 390 4060 comparate.
443 3922 587 4023 Gallus
642 3920 967 4027 ,Helvetiorum
1034 3917 1369 4062 quatuordecim
1438 3914 1578 4017 millia

102 4067 406 4185 conduxerat,
440 4063 652 4207 stipendii
700 4086 821 4205 parte
868 4099 1146 4183 numerata,
1184 4105 1233 4162 ea
1284 4057 1569 4175 conditione,

102 4246 157 4312 ut
193 4208 323 4310 domi
356 4219 521 4342 jussum
554 4209 688 4350 ipsius
725 4244 1049 4352 exspectarent,
1085 4206 1231 4308 vocati
1266 4241 1414 4306 autem
1459 4202 1574 4305 cele-

104 4354 213 4459 riter
241 4356 303 4454 ad
339 4353 463 4497 signa
499 4353 817 4471 convenirent,
854 4389 898 4455 et
920 4356 989 4452 ad
1006 4393 1068 4457 :se
1104 4387 1265 4489 suaque
1302 4382 1438 4466 castra
1470 4383 1579 4486 vpro-=

108 4535 344 4638 petatem,
374 4519 477 4638 quo?
504 4509 924 4630 juncmannus
960 4495 1210 4621 Italicomm
1245 4527 1464 4633 septem,
1485 4500 1583 4593 Vas
1691 4588 1694 4601 s

108 4681 295 4756 sconsam
331 4644 593 4784 quinque„
605 4679 828 4783 praeterea
863 4651 1187 4748 Germanorum
1223 4673 1418 4777 *quatuor
1456 4631 1582 4743 smil-r

103 4783 167 4887 lia
205 4787 432 4931 egentium
445 4824 512 4905 :stt
527 4789 822 4931 <perditorum
864 4782 1108 4935 ,hornutum
1144 4782 1276 4925 ,qui
1325 4818 1486 4925 ,parum
1533 4816 1584 4936 ᾗ

1516 4919 1583 5021 ὼ..
