4110 5888
474 372 514 439 L·
928 350 1431 429 SUMMARIUM·
1552 353 1554 358 ⁸

456 521 529 610 pro
552 486 736 603 stipendio
764 510 830 599 per
858 478 1063 566 Horatium
1092 474 1164 562 fra-
1220 507 1328 564 mum
1356 475 1458 562 Galli
1479 478 1652 562 Parmam
1680 469 1939 591 repelluntur?

458 636 554 695 trem
586 606 717 690 mittit.
762 599 943 686 Horatius
980 624 1067 682 cum
1101 624 1166 708 pe.-
1221 596 1371 684 Multae
1431 621 1619 712 praeterea
1669 593 1932 684 tumultuariae

461 724 570 812 cunia
594 724 632 807 in
665 722 797 808 finibus
819 715 1034 805 florentinis
1065 742 1165 798 com·
1223 744 1374 834 pugnae
1402 715 1505 804 varia
1536 711 1833 799 fortunabunt.

463 846 663 961 prehensus
702 840 799 956 jussu
842 834 971 920 Cosmi
1000 830 1168 920 Medicas
1283 837 1351 919 Xl.
1422 832 1639 920 Andolotus
1682 855 1721 917 et
1766 832 1934 946 Sepierus

464 965 654 1050 liberatur.
994 1028 996 1036 Α
1218 982 1272 1040 ex
1293 950 1409 1037 Gallis
1437 951 1649 1066 proceribus
1674 950 1724 1034 ad
1752 954 1934 1038 Soranam

523 1083 589 1165 Vl.
648 1077 819 1194 Cognito
853 1073 1003 1160 Octavii
1051 1070 1171 1158 consi-
1224 1069 1416 1157 castellum
1442 1071 1494 1156 ite
1518 1092 1758 1186 properantes
1782 1098 1804 1151 a
1826 1074 1932 1156 Pran-

465 1201 546 1305 lio,
576 1196 694 1311 Julius
722 1187 892 1283 Pontifex
931 1191 997 1306 ipsi
1026 1190 1170 1275 denun·
1224 1218 1314 1274 ceso
1342 1189 1586 1294 Viamontio,
1619 1185 1818 1271 commisso
1838 1186 1877 1271 in
1908 1190 1936 1274 i·

465 1317 557 1419 tiat,
582 1344 630 1399 ne
650 1313 710 1420 ,ab
740 1307 867 1395 officio
899 1308 1080 1395 discedat.
1116 1310 1176 1392 0-=
1224 1307 1346 1395 tinere
1377 1307 1546 1424 praelio,
1571 1305 1786 1423 capiuntur.

467 1432 609 1522 ctavius
638 1456 765 1515 tamen
779 1425 911 1513 Gallici
943 1425 1084 1543 generis
1109 1426 1172 1511 mi·
1256 1430 1371 1513 xli.
1442 1430 1587 1512 Interea
1631 1423 1796 1511 Brisacus
1834 1426 1939 1510 Hen-

466 1554 546 1640 lites
561 1578 648 1636 cnm
664 1543 851 1665 praefecto
867 1545 1034 1632 Therme
1058 1546 1097 1631 in
1117 1564 1176 1629 ur-‘
1225 1544 1292 1630 tici
1322 1545 1435 1661 Regis
1475 1540 1680 1660 praefectus
1726 1544 1775 1628 ad
1805 1545 1939 1629 Tauri·

469 1673 557 1756 bem
574 1669 710 1784 recipit.
736 1661 906 1751 Pontifex
921 1663 1074 1750 consilio
1087 1691 1176 1749 cum
1230 1692 1301 1750 nos
1328 1688 1367 1749 ct
1395 1663 1635 1777 Subalpinam
1657 1661 1849 1778 regionem
1874 1693 1933 1748 va·

471 1792 627 1877 Caesare
663 1783 972 1889 communicem,
998 1807 1036 1869 et
1064 1811 1176 1896 pecu-
1228 1781 1285 1867 tia
1311 1781 1457 1867 castella
1488 1781 1579 1867 dolo
1621 1780 1738 1893 capit.
1783 1782 1937 1867 Henrici

413 1908 415 1912 ’
471 1906 570 1993 niam
603 1907 652 1992 ab
688 1906 769 2021 ipso
812 1927 1030 2008 mutuatus,
1053 1899 1176 2014 copias
1232 1901 1345 2017 Regis
1372 1898 1556 1986 simulatio
1577 1925 1615 1985 et
1632 1895 1800 1984 fraudes.
1834 1905 1939 1985 Gon

471 2025 609 2138 Joanni
626 2025 811 2139 Baptistae
839 2020 994 2105 Montio
1027 2019 1076 2103 ad
1109 2039 1180 2130 op
1233 2048 1327 2136 zaga
1360 2050 1504 2105 summa
1534 2017 1734 2104 obsidionis
1765 2023 1942 2104 Parmen-

471 2142 714 2258 pugn'andam
744 2147 917 2227 Parmam
949 2137 1136 2224 attribuit.
1234 2138 1279 2221 sis
1302 2138 1509 2254 Melignani
1539 2136 1751 2221 Marchioni
1784 2137 1943 2244 tradita,

532 2262 616 2343 Vll
676 2260 858 2345 Fernandi
881 2263 1092 2374 Gonzagae
1119 2283 1179 2341 co
1234 2254 1309 2369 ipse
1327 2260 1457 2342 Astam
1485 2257 1661 2343 adversus
1693 2255 1825 2341 Gallos
1855 2284 1938 2342 con·

474 2378 616 2492 piarum
664 2407 752 2461 cum
791 2374 978 2461 Pontificis
1026 2371 1178 2485 conjun·
1235 2374 1370 2458 tendit.
1662 2479 1664 2483 Α

473 2496 575 2601 ctio,
608 2494 918 2580 Adversatiorum
946 2493 1118 2610 eruptio,
1143 2515 1186 2576 et
1296 2495 1423 2577 xlll.
1455 2496 1619 2607 Joannes
1635 2494 1798 2607 Baptista
1825 2522 1849 2575 a
1872 2495 1942 2580 Mi·

476 2612 630 2724 Joannis
664 2614 850 2729 Baptistae
883 2612 1040 2698 vulnus.
1073 2617 1182 2696 Gon·
1238 2611 1414 2698 ra'ndulae
1459 2614 1654 2698 obsidione
1703 2612 1800 2724 iussu
1854 2613 1943 2723 Julii

476 2758 570 2846 zaga
601 2734 777 2817 eumdem
807 2731 1002 2816 Montium
1044 2731 1182 2814 Miran·
1238 2728 1424 2814 Pontificis
1452 2729 1640 2816 discedens
1663 2734 1835 2815 Parmam
1863 2761 1945 2815 mo

478 2848 601 2964 dulam
639 2847 832 2935 obsidione
865 2876 1031 2963 premere
1060 2847 1181 2961 jubet.
1240 2874 1330 2953 vet,
1356 2874 1395 2934 et
1423 2850 1704 2965 erumpentibus
1734 2849 1947 2935 adversariis

478 2970 607 3052 Petrus
633 2972 785 3055 Strozus
814 2997 947 3084 agrum
972 2966 1183 3054 Bononien-
1240 2966 1483 3053 tumultuatio
1548 2968 1687 3083 praelio
1746 2965 1945 3054 occiditur.

483 3112 557 3167 sem
587 3086 809 3200 populatur.
895 3114 898 3121 “
1240 3086 1359 3198 Julius
1397 3082 1568 3173 Pontifex
1609 3085 1750 3206 petenti
1780 3087 1947 3172 Octavio

540 3204 638 3287 Vlll.
698 3203 822 3317 Hujus
866 3204 1019 3309 milites,
1049 3203 1189 3320 praelio
1242 3205 1406 3291 duorum
1434 3235 1620 3291 annorum
1642 3204 1813 3291 inducias
1853 3233 1945 3290 con·

481 3321 676 3406 commisso
708 3352 796 3407 cum
814 3323 970 3436 Joannis
1002 3323 1188 3438 Baptistae
1243 3323 1365 3429 cedit,
1382 3325 1598 3412 vHenricum
1611 3327 1756 3442 Regem
1789 3322 1948 3409 maxime

481 3467 624 3545 manu,
646 3436 722 3525 fere
749 3468 881 3526 omnes
916 3441 1185 3527 dissolvuntur.
1244 3443 1434 3557 respiciens
1452 3447 1628 3527 Romana
1639 3440 1832 3559 vectigalia
1857 3439 1952 3526 mul*

483 3554 706 3643 Manfredus
737 3558 904 3642 Tornieli
931 3564 1070 3644 Comes
1092 3562 1190 3642 Stro
1244 3585 1326 3645 tum
1356 3561 1612 3648 deterentem.

484 3700 571 3756 zum
604 3700 717 3789 atque
748 3677 951 3761 Horatium
978 3675 1190 3761 Parnesium
1303 3679 1409 3764 XIV.
1468 3679 1699 3767 dadastam
1742 3679 1952 3767 Franciscus

486 3794 659 3874 Parmam
690 3818 915 3881 revertentes
947 3789 1072 3912 fugat.
1107 3798 1191 3879 Far·
1245 3796 1408 3883 Estensis
1442 3823 1482 3885 er
1504 3796 1663 3885 Alvarus
1692 3797 1847 3883 Sandius
1880 3797 1948 3908 jus

485 3908 605 3993 nesius
633 3908 803 3995 idemin
849 3941 978 4028 pugna
1025 3912 1187 4027 capitur,
1246 3943 1290 3999 su
1317 3920 1526 4034 Gonzagae
1558 3917 1750 4002 militarem
1796 3945 1952 4001 manum

485 4026 549 4110 sed
591 4027 836 4146 negligentius
866 4029 1070 4116 custoditus
1098 4027 1191 4150 luga
1246 4031 1326 4118 illos
1355 4031 1446 4119 fines
1478 4034 1748 4119 excursionibus
1782 4029 1952 4119 infestan-

486 4145 634 4230 evadit.
1246 4174 1325 4238 tem
1362 4151 1412 4235 ad
1442 4151 1669 4237 deditionem
1684 4175 1850 4269 cogunt.
1879 4155 1953 4238 Ce-

544 4265 612 4345 lX.
673 4268 862 4383 Gonzaga
889 4271 1071 4357 Scotnum
1108 4270 1187 4387 agri
1247 4269 1295 4353 ba
1337 4267 1526 4355 castellum
1567 4270 1705 4355 eisdem
1753 4267 1954 4356 Gallorum

485 4378 690 4463 Parmensis
748 4387 932 4500 oppidum
990 4416 1189 4502 arcemque
1247 4387 1384 4474 artibus
1432 4387 1470 4475 in
1517 4388 1680 4475 hostium
1728 4410 1952 4501 potestatem

484 4497 601 4608 ipsam
636 4527 843 4617 expugnat.
1247 4508 1458 4623 pervenit,
1488 4508 1597 4619 quod
1642 4512 1837 4591 Francesus
1863 4504 1953 4586 Via·

544 4617 594 4699 X.
654 4621 782 4704 Petrus
833 4628 983 4710 Sttozus
1029 4630 1191 4710 Gonza·
1248 4626 1437 4729 montius,
1470 4654 1668 4742 arcemque
1699 4652 1778 4707 non
1832 4622 1953 4708 multo

483 4761 554 4848 gae
594 4760 710 4822 castra
751 4741 947 4846 adoritur3
979 4743 1029 4826 ad
1076 4767 1191 4829 extre·
1246 4768 1333 4856 post
1366 4743 1511 4859 recipit.

1883 4858 1952 4940 Ca·
