4170 5866
447 431 452 437 ·
566 501 575 507 .
632 425 882 507 wcanoas
923 424 976 504 v.
1014 423 1132 508 tta.
1176 431 1269 507 xx.
1539 437 1621 527 145

104 582 339 700 classis
383 579 431 685 in
454 576 673 724 'Argeliae
714 617 1046 721 castrorumque
1093 576 1375 723 conspectum
1412 621 1457 687 et
1492 585 1657 693 circum

35 744 41 751 ’
90 783 195 844 ω,
282 731 380 831 loca
414 762 709 829 convenerant
731 768 741 825 t
762 728 836 824 sed
858 727 1100 827 'occidente
1136 728 1226 826 sole
1267 733 1502 868 septentrio
1540 772 1653 834 ven-

103 920 241 983 tus
299 953 314 995 ,
355 874 434 1015 qui
471 871 642 1012 pluvius
679 909 765 970 esse
814 871 863 970 in
912 869 995 970 illis
1034 870 1289 1012 regionibus
1323 951 1337 991 ‚
1376 915 1650 1019 magnosque

102 1025 208 1123 flu
220 1054 350 1119 ctus
386 1018 439 1114 ad
477 1017 623 1116 littora
659 1015 870 1135 volvere,
912 1051 962 1114 ut
996 1051 1138 1116 auster
1188 1018 1236 1117 in
1280 1021 1475 1140 nostris,
1511 1024 1648 1141 solet,

103 1163 347 1264 leviter
383 1153 530 1261 afflare
565 1160 715 1298 coepit
745 1237 760 1279 ,
793 1199 844 1258 ac
879 1159 1054 1260 coelum
1088 1156 1281 1261 nubibus
1317 1160 1569 1285 obducere,
1606 1205 1651 1266 et

101 1344 299 1407 cum
335 1301 477 1403 imbre
514 1304 725 1445 paulatim
760 1304 1052 1426 invalescere,
1089 1345 1140 1403 ac
1176 1325 1295 1404 mare
1330 1304 1532 1408 fluctibus
1572 1351 1651 1411 ex-

103 1450 394 1590 agitaret
431 1448 531 1568 sic,
565 1484 615 1548 ut
651 1448 699 1547 in
736 1448 864 1550 classe
898 1459 1022 1582 juxta
1057 1448 1292 1590 castrisque
1329 1453 1452 1551 venti
1487 1493 1537 1553 ac
1572 1454 1651 1556 im·

101 1589 278 1691 bris
317 1591 476 1725 injuria
529 1590 820 1693 laboraretur.
859 1596 1013 1716 'Quod
1049 1594 1441 1696 animadvertentes
1477 1592 1648 1721 hostes,

86 1767 157 1831 ,et
249 1775 524 1867 nostrorum
561 1733 883 1839 calamitatem
903 1777 1029 1839 suam
1064 1779 1152 1838 esse
1191 1740 1484 1840 'occasionem
1538 1742 1649 1863 rati,

99 1877 364 1984 duabus
400 1881 539 2024 portis
582 1879 757 1982 albente
792 1884 922 1984 coelo
973 1921 1141 2027 magno
1184 1924 1290 1985 eum
1324 1884 1512 2025 impetu¹
1546 1926 1649 1987 eru-

99 2021 398 2152 ptionem
433 2023 649 2132 faciunt&
684 2028 760 2126 sed
795 2066 884 2167 qua
920 2029 1120 2168 partein
1155 2029 1412 2169 Hispanos,
1444 2029 1522 2171 qui
1558 2032 1649 2131 col-

98 2158 283 2271 lem
319 2168 559 2291 tenebant,
595 2168 758 2271 invecti
792 2206 923 2303 sunt,
948 2167 1076 2271 facile
1112 2173 1403 2314 repellunturs
1438 2214 1521 2312 qua
1560 2187 1649 2274 lta-

97 2299 225 2403 los
299 2316 581 2435 invaserunt,
615 2314 698 2435 iis,
734 2314 815 2456 qui
850 2317 897 2417 in
932 2317 1119 2416 statione
1156 2355 1309 2435 erant,
1340 2319 1555 2460 repulsis,
1592 2321 1649 2420 ad

97 2455 557 2563 confertissimam
594 2500 733 2603 usque
769 2462 1025 2562 eorumdem
1060 2461 1282 2603 legionem
1319 2498 1363 2561 et
1398 2463 1545 2562 media
1579 2502 1651 2563 cat

97 2621 281 2754 Stfa
317 2643 646 2749 proruperunt,
684 2645 798 2747 quae
832 2684 847 2727 ,
884 2607 999 2707 vitio
1035 2642 1288 2748 temporum
1324 2645 1529 2747 corrupta
1582 2606 1647 2707 di·

96 2768 198 2876 ⁵01
209 2750 376 2886 plina
412 2753 633 2869 militari,
670 2789 889 2890 nusquam
925 2790 1004 2851 nec
1038 2746 1152 2852 fossa
1184 2806 1204 2868 ‚v
1228 2790 1308 2850 nec
1344 2751 1460 2849 vallo
1497 2751 1648 2848 muni-

96 2906 165 2971 t&
248 2933 413 2999 erant.
474 2896 596 2996 Hinc
632 2933 737 3007 vero
773 2896 1060 3039 redintegrata
1110 2933 1261 3037 pugna
1296 2972 1311 3015 ,
1345 2895 1394 2992 in
1430 2895 1648 3035 oppidum

98 3030 446 3151 rejiciuntur
484 3081 497 3148 3
552 3040 626 3140 sed
681 3078 783 3139 cuna
832 3042 963 3143 muris
1013 3078 1253 3140 successum
1283 3063 1463 3162 esset,
1510 3076 1647 3139 rursus

102 3195 194 3260 ΕΟ
206 3186 396 3286 nversi
448 3181 591 3287 hostes
641 3221 841 3328 urgentes
881 3185 1018 3286 Italos
1060 3220 1386 3326 represserunt,
1423 3224 1473 3283 ac
1510 3221 1649 3322 paene

106 3330 395 3441 gradum·
430 3324 583 3431 referre
635 3346 922 3472 cotgcrunt,
976 3332 1118 3430 donec
1160 3326 1389 3428 Germanis
1450 3324 1646 3425 subsidio

110 3455 369 3594 missis,
405 3515 518 3615 quos
555 3474 674 3575 bona
709 3513 807 3615 pars
842 3474 1086 3574 aulicorum
1136 3512 1240 3574 cum
1280 3485 1405 3572 Duce
1442 3467 1652 3587 Albano,

118 3622 185 3689 ⁶¹³
278 3660 329 3720 ex
366 3620 475 3720 Divi
511 3617 699 3757 Joannis
726 3617 963 3760 ‘religione
997 3619 1069 3717 ad
1120 3615 1340 3755 sexaginta
1389 3610 1646 3751 praeibant,

118 3728 335 3864 hoStes
372 3764 420 3865 in
457 3763 676 3903 oppidum
713 3762 964 3901 compulsi,
996 3768 1048 3860 eir
1085 3759 1243 3900 quibus
1280 3756 1423 3858 Sancti
1458 3755 1654 3893 Joannis'

121 3906 415 4036 {quiribus
459 3909 665 4007 nonnulli
715 3907 979 4024 concidere,
1015 3941 1059 4004 et
1109 3905 1158 4005 in
1194 3902 1256 4002 bis
1294 3900 1489 4039 Jacobus
1525 3910 1648 3998 Oso-

122 4057 277 4145 nug
303 4051 647 4151 Salmanticensis
665 4132 679 4174 ,
700 4049 863 4152 nobilis
897 4088 1151 4192 magnoque
1170 4045 1339 4180 >*animo
1376 4043 1647 4160 adolescens,

125 4180 230 4280 ad
297 4195 443 4334 ipsam
493 4232 683 4335 porram·
717 4190 891 4295 fortiter
943 4196 1198 4337 depugnans
1252 4187 1498 4294 occubuits
1534 4225 1646 4325 quae

135 4350 342 4477 Pugna
380 4337 467 4438 boc
500 4335 583 4440 fuit
619 4328 730 4440 cum*
759 4339 985 4476 utriusque
1021 4339 1151 4475 partis
1192 4335 1362 4434 minore
1410 4330 1649 4430 detrimen-

147 4498 233 4565 10
287 4479 454 4602 facta,
491 4485 616 4623 quod
666 4481 806 4584 imber
856 4516 1031 4579 noctem
1082 4480 1288 4617 diemque
1339 4474 1648 4592 continuatus,

164 4618 289 4721 mm
324 4627 573 4768 scloppeta,
609 4663 706 4727 tum
745 4625 879 4724 etiam
915 4660 1133 4724 tormenta
1170 4631 1337 4753 majora
1375 4618 1547 4718 inutilia
1583 4613 1651 4724 fe*
1713 4619 1722 4631 ⁵

185 4792 307 4868 cerat
344 4773 401 4868 ad
438 4810 634 4915 pugnam
669 4848 685 4893 ,
715 4769 999 4871 tormentatio
1037 4770 1211 4910 pulvere
1249 4757 1522 4866 madefacto

259 4913 366 5012 Tum.
388 4916 444 5015 ll.
1232 4917 1275 5011 T
1564 4915 1656 5003 CO·
