4170 5866
506 306 604 392 “¹32
852 285 976 368 (DE
1014 278 1222 365 REBUS
1268 279 1501 365 G'Esrrs

481 445 681 558 culrate,
729 436 783 540 ad
819 440 983 542 amicos
1022 519 1036 561 ,
1077 439 1156 579 qui
1176 437 1385 538 ¹Caesaris
1436 433 1595 534 aulam
1618 425 1941 581 sequebantur,

480 586 644 687 litteras
680 584 848 703 mittit,
883 622 1023 725 utque
1060 621 1197 711 suam=
1218 582 1401 683 insontis
1437 620 1611 684 causam
1650 583 1937 723 susciperent,

483 765 811 870 comprecatur.
850 728 945 847 Illi,
983 731 1039 829 ad
1075 768 1187 869 quos
1223 738 1315 862 jarn
1358 727 1414 826 de
1450 761 1614 868 patrata
1663 763 1770 824 nece
1821 765 1939 825 nun-

485 874 567 972 tius
604 872 711 972 nulli
732 908 1000 973 ‘nostrorum
1038 874 1230 1021 ingratus
1269 908 1520 1015 pervenerat
1541 949 1556 992 ,
1578 871 1790 972 Carolum
1828 880 1939 970 Cae·

483 1054 619 1118 sarem
658 1020 713 1115 de
751 1015 876 1119 rebus
913 1015 1119 1117 omnibus
1156 1017 1384 1117 certiorem
1422 1013 1611 1116 faciunt.

536 1172 653 1262 XLI.
707 1161 887 1264 Carolus
932 1162 1146 1301 evestigio
1182 1162 1342 1261 litteras
1373 1159 1714 1302 Oenspruchum
1750 1163 1806 1259 ad
1836 1171 1941 1259 Ma-

482 1303 684 1446 gistratus
722 1305 862 1403 mittit
901 1383 916 1425 ,
953 1341 1002 1405 ut
1038 1302 1150 1403 nihil
1203 1341 1366 1404 temere
1402 1341 1477 1404 aut
1514 1339 1796 1447 properanter
1822 1343 1940 1445 ,age-

420 1444 424 1464 ⁴
480 1486 575 1550 rent
606 1528 620 1568 ,
655 1449 728 1549 sed
779 1449 901 1548 lento
955 1449 1122 1580 judicio
1174 1486 1344 1549 causam
1397 1444 1757 1592 cognoscerent,
1798 1487 1939 1589 eaque

481 1594 695 1735 cognita,
731 1591 840 1690 nihil
877 1629 1141 1713 statuerent,
1161 1595 1252 1693 'sed
1297 1595 1422 1733 quod
1474 1631 1579 1695 esset
1629 1627 1939 1733 compertum,

479 1739 536 1836 ad
572 1777 614 1836 se
651 1770 693 1834 et
727 1731 905 1834 fratrem
942 1749 1152 1878 Regem,
1189 1737 1236 1836 in
1272 1747 1396 1871 cujus
1446 1738 1617 1837 ditione
1663 1777 1727 1837 res
1778 1731 1939 1877 ageba-

481 1914 587 1995 tur,
623 1876 857 1980 referrent.
912 1887 1009 1982 Nec
1045 1881 1122 1979 uni
1174 1881 1380 2023 epistolae
1433 1882 1530 1981 satis
1581 1881 1759 2000 fidens,
1797 1879 1939 1978 alteris

479 2023 660 2142 litteris,
697 2024 817 2124 idem
853 2060 903 2124 ut
938 2022 1059 2124 fieret
1083 2103 1097 2143 ,
1124 2024 1358 2167 diligenter
1393 2025 1658 2144 mandavit,
1693 2024 1752 2125 sic
1788 2059 1840 2123 ut
1875 2017 1940 2121 fa-

481 2167 561 2266 cile
599 2170 801 2267 voluntas
838 2177 929 2298 ejus
965 2204 1205 2310 appareret
1225 2171 1278 2271 de
1314 2165 1545 2294 Alfonso,
1582 2178 1702 2300 cujus
1737 2169 1940 2269 animum

480 2303 737 2452 factumque
776 2309 1032 2449 probabat,
1069 2315 1307 2413 servand0.
1355 2326 1417 2414 Ita
1451 2309 1617 2413 factum
1654 2349 1718 2411 est
1753 2312 1943 2412 Aulico-

433 2586 441 2598 ι
481 2492 583 2554 rum
619 2490 663 2553 et
697 2452 1032 2555 Catholicorurn
1076 2457 1307 2599 diligentia
1354 2494 1398 2558 et
1432 2459 1583 2560 Caroli
1619 2455 1809 2559 Caesaris
1856 2453 1944 2554 hu-

481 2598 729 2713 manitate,
761 2635 810 2698 ut
844 2641 995 2699 causae
1031 2602 1228 2742 cognitio
1263 2600 1508 2704 differretur
1576 2602 1774 2718 rimum,
1813 2598 1945 2698 dein-

483 2743 540 2840 de
576 2782 678 2841 cum
717 2745 770 2843 de
808 2742 983 2845 Allonsi
1016 2745 1222 2846 clericatu
1258 2747 1495 2887 probatum
1530 2642 1712 2864 liiisset,
1747 2741 1946 2842 Triden-

483 2920 580 2985 tum
610 2887 672 2985 ad
708 2889 976 3029 Episcopum
1012 2890 1301 3021 rejiceretur,
1337 2927 1379 2990 et
1414 2892 1519 2991 haec
1555 2889 1706 2990 omnia
1746 2886 1946 2986 studium

485 3064 528 3126 et
565 3065 773 3129 conatum
809 3032 1157 3136 Lurheranorum
1192 3029 1525 3135 frustrarentur.
1563 3042 1606 3135 A
1642 3030 1861 3131 Tridento
1901 3070 1947 3128 e-

483 3171 582 3272 nirn
620 3170 828 3275 Alfonsus
864 3178 1043 3278 Diazius
1079 3219 1183 3279 curn
1229 3180 1430 3280 ministro
1465 3190 1660 3282 Romam
1707 3173 1942 3274 incolumis
1990 3206 2004 3312 j

372 3340 379 3441 s
456 3319 720 3455 pervenit,
755 3323 871 3421 unde
907 3323 956 3421 in
991 3323 1254 3465 Hispaniam
1290 3325 1458 3465 aliquot
1495 3358 1592 3466 post
1627 3359 1765 3420 annos
1803 3354 1942 3419 reuer-
1990 3322 1995 3416 l

485 3494 558 3558 sus
589 3536 612 3576 ,γ
641 3463 883 3601 exquirenti
932 3465 1045 3566 mihi
1091 3509 1186 3570 rem
1238 3506 1446 3612 gestam,
1483 3499 1672 3610 gravate.
1715 3463 1939 3602 primum,
1970 3482 1986 3612 J

482 3600 646 3703 deinde
682 3644 773 3705 non
807 3610 969 3709 invitus
1007 3611 1159 3711 ordine
1195 3613 1363 3753 plenius
1400 3614 1532 3717 etiam
1568 3648 1705 3754 quarn
1740 3603 1798 3707 ab
1850 3604 1976 3727 aliisi

481 3780 773 3888 acceperam,
806 3753 1024 3899 Yaldoliti
1057 3758 1347 3862 memoravit.
1960 3798 1963 3804 ²
