4110 5888
651 336 1154 417 SUMMARIUM.
1454 353 1612 425 XXXIII.

161 487 304 580 magno
347 489 417 547 suo
467 459 632 575 periculo
660 459 866 577 explorat,
925 463 1068 573 riatur,
1094 466 1271 556 instruere
1301 467 1424 582 jubet.

158 606 195 666 et
225 579 343 664 tribus
359 578 538 695 pontibus
567 580 786 665 Danubium
810 609 867 667 eo
986 587 1145 670 XXXII.
1207 587 1459 676 Renuntiante
1482 591 1635 680 Albano

154 697 242 786 dem
277 697 339 783 die
367 696 571 783 exercitum
599 696 750 809 trajicit.
926 699 1052 789 hostes
1104 704 1170 790 sibi
1221 706 1318 794 visos
1366 736 1442 794 esse
1482 741 1634 828 pugnae

213 817 397 902 XXVIII.
458 814 655 932 Neuburgi
675 814 870 932 Magistra·
926 848 1001 905 sese
1026 850 1242 937 comparare
1257 885 1270 930 ,
1287 825 1479 911 thoracem
1503 855 1541 914 et
1556 832 1632 915 bra·

153 960 212 1024 tus
237 935 472 1023 deditionem
499 932 604 1019 certis
645 935 865 1021 conditioni·
923 937 1052 1024 chialia
1074 938 1226 1046 induit,
1257 944 1532 1060 exercitumque
1564 948 1628 1033 ho

153 1055 220 1141 bus
253 1053 469 1171 pollicentes
498 1052 549 1137 ad
577 1056 724 1136 Ducem
755 1053 865 1137 Alba·
923 1056 1038 1141 stibus
1083 1059 1237 1146 obviam
1290 1060 1341 1145 ire
1386 1061 1508 1175 jubet.
1555 1069 1629 1151 Co

151 1200 244 1260 num
290 1171 421 1284 rejicit.
472 1168 654 1257 Postridie
691 1170 881 1258 Neubur·2
922 1175 1066 1288 piarum
1097 1176 1381 1290 procedentium
1405 1181 1523 1266 ordo.

151 1318 627 1496 gummir‘idsthecema
646 1406 761 1524 copta
775 1381 866 1495 ro·
918 1297 1626 1534 hillibaiilfdfiilffll
1736 1437 1744 1453 ·

150 1529 345 1616 nabertem
386 1557 513 1619 versus
559 1529 610 1614 ad
639 1531 862 1642 ,Marquese
918 1555 1085 1644 portuno
1114 1531 1201 1616 loco
1238 1531 1509 1649 diligentissime
1539 1568 1622 1622 mu-

146 1673 234 1733 nam
265 1676 349 1734 non
378 1647 495 1763 longe
531 1646 582 1730 ab
610 1644 778 1731 hostibus
803 1675 857 1730 ca·
915 1647 1043 1737 niunt.
1075 1652 1212 1735 Caesar
1237 1649 1391 1738 aclesin
1422 1681 1489 1738 sua
1523 1683 1623 1770 quo·

144 1790 215 1852 stra
240 1765 358 1883 vponit
388 1829 402 1873 ,
437 1763 691 1869 intercedente
731 1787 861 1850 tamen
914 1795 991 1882 que
1022 1793 1141 1854 castra
1172 1767 1343 1854 reducit.
1589 1832 1591 1836 -

143 1910 303 1972 nemore
349 1908 389 1970 et
431 1879 697 1968 confertissima
741 1883 856 1970 silva.
986 1887 1170 1971 XXXIV.
1244 1887 1421 1973 Postridie
1465 1890 1505 1975 in
1552 1890 1618 1979 ho

145 2003 264 2116 Cujus
297 2001 371 2088 loci
396 2001 589 2116 explorata
622 2026 784 2106 natura,
813 2025 859 2088 ut
911 2027 1006 2089 stem
1034 2029 1195 2112 movet,
1223 2029 1263 2092 et
1290 2007 1449 2123 equestri
1479 2009 1618 2122 praelio

141 2121 368 2238 expeditiore
402 2120 464 2208 via
508 2118 675 2205 hostibus
723 2148 857 2235 appro·
911 2122 1110 2210 commisso
1149 2124 1315 2211 duorum
1354 2123 1507 2209 millium
1537 2156 1617 2240 pas·

141 2242 302 2356 pinquet
316 2302 328 2345 ,
343 2238 581 2356 Bendingam
591 2265 775 2353 occupare
792 2267 854 2352 pa·
910 2269 1020 2324 suum
1043 2240 1239 2329 intervallo
1262 2241 1449 2328 considet.
1484 2247 1617 2331 Bruns·

139 2385 216 2445 rat.
247 2358 377 2444 Caroli
405 2356 678 2473 disciplinarum
704 2356 854 2443 Mathe·
910 2356 1061 2446 vicensis
1090 2361 1206 2446 Ducis
1238 2359 1391 2447 letaliter
1431 2360 1616 2455 vulnerati

139 2476 359 2564 maticarum
390 2501 430 2562 et
464 2474 729 2593 Geographiac
770 2498 852 2560 stu·
907 2504 1029 2564 mors.
1061 2482 1181 2567 Parva
1216 2478 1352 2595 praelia
1380 2478 1486 2565 vario
1501 2507 1613 2567 even·

141 2593 274 2734 dium,
304 2596 580 2717 regionumque
624 2594 851 2681 Gumaruae
906 2620 951 2682 tu
979 2592 1097 2683 facta.
1121 2597 1249 2684 Caroli
1278 2595 1471 2685 consilium
1495 2624 1613 2685 castra

137 2740 317 2832 exquisita
347 2714 534 2834 cognitio.
904 2716 1321 2832 movendi,hostesque
1343 2714 1614 2814 commeatibus
1755 2825 1758 2834 1

43 2940 48 2945 ,
169 2837 328 2921 XXX.
387 2833 586 2952 Bendinga
604 2855 753 2949 recepta
769 2833 848 2939 ,in·
904 2831 1196 2921 intercludendi.

140 2972 199 3038 ter
226 2983 312 3040 eam
341 2980 380 3040 et
404 2953 630 3069 Norlingam
658 2951 846 3038 considet.
960 2955 1127 3041 XXXV.
1186 2951 1395 3057 Octavius,
1423 2951 1611 3039 Camerini

136 3072 251 3160 Ordo
268 3133 283 3178 ,
299 3103 380 3190 quo
405 3073 457 3159 ad
484 3096 691 3156 castrorum
719 3070 847 3156 locum
902 3074 993 3157 Dux
1023 3131 1036 3178 ,
1077 3072 1334 3158 Tonabertem
1389 3069 1611 3184 improvisus

136 3193 332 3306 procedit,
363 3189 598 3278 describitur.
645 3187 847 3305 Norlinga·
901 3215 992 3276 ante
1014 3188 1136 3282 lucem
1161 3188 1407 3305 perveniens,
1424 3187 1610 3303 oppidum
1721 3285 1724 3292 ,

136 3309 171 3392 ni
203 3310 427 3426 praesidium
469 3309 520 3393 ab
548 3304 717 3393 hostibus
759 3309 843 3392 reci·
900 3308 1052 3422 recipit,
1075 3335 1115 3393 et
1148 3307 1330 3423 praesidio
1360 3305 1608 3422 impositoin

133 3427 259 3541 pium.
324 3428 632 3544 Exploratoribus
677 3425 845 3542 proxima
899 3451 1017 3512 castra
1044 3426 1259 3514 revertitur.
1333 3424 1336 3429 ’

133 3570 244 3633 nocte
284 3576 476 3664 magnum,
514 3573 555 3630 se
582 3542 748 3630 hostium
774 3568 842 3628 nu·
956 3546 1140 3630 XXXVI.
1207 3541 1368 3630 Carolus
1409 3539 1606 3646 Tonaber⁴

135 3692 278 3752 merum
311 3665 444 3755 vidisse
470 3661 749 3767 nuntiantibus,
768 3665 842 3746 Ca-
898 3685 976 3750 tem
1012 3663 1213 3749 exercitum
1243 3661 1432 3778 perducit.
1476 3660 1605 3747 Postri
1752 3712 1754 3718 ι

138 3782 234 3870 tolus
265 3784 418 3872 Albano
450 3782 608 3897 imperat
637 3804 765 3866 totum
784 3810 842 3866 ex·
896 3782 960 3867 die
985 3810 1095 3866 mane
1110 3780 1308 3983 Telqgam
1332 3778 1528 3895 procedit,
1545 3808 1601 3864 ea·

133 3902 285 3990 ercitum
314 3927 403 3990 ante
446 3900 571 3987 lucem
611 3925 689 3986 esse
721 3896 760 3983 ln
788 3927 840 3985 ar·
894 3927 973 4014 que
1003 3926 1091 3984 cum
1119 3903 1189 3986 Ηο
1254 3921 1359 3983 tenta
1387 3897 1530 4012 oppido
1564 3923 1601 3981 e-

131 4019 223 4105 mis.
894 4017 1027 4132 jusque
1054 4046 1138 4104 arce
1169 4016 1349 4132 receptis,
1370 4016 1421 4101 ad
1445 4011 1599 4129 Laugin

201 4140 348 4228 XXXI.
432 4139 607 4256 Podagra
656 4164 751 4224 vero
793 4164 840 4222 ex
894 4163 984 4252 gam
1013 4136 1180 4250 proxina
1210 4159 1323 4220 nocte
1347 4130 1536 4217 considet.

131 4256 227 4372 pede
253 4257 389 4344 dextro
419 4254 592 4343 laborans
619 4283 763 4370 equum
786 4278 839 4339 ta·
962 4256 1160 4340 XXXVII.
1209 4250 1438 4366 ⁴Laugingae
1473 4246 1600 4336 milites

129 4398 214 4460 men
261 4374 511 4481 conscendit,
547 4398 588 4460 et
635 4373 838 4458 inAlbani
893 4374 961 4489 qui
990 4373 1172 4487 praesidio
1197 4389 1303 4455 erant
1326 4396 1342 4473 ,‘
1368 4365 1502 4453 eadem
1532 4394 1598 4453 no

129 4492 243 4579 Ducis
267 4494 432 4581 tentorio
466 4489 654 4606 jentaculo
686 4513 837 4596 sumto,
892 4515 954 4576 cte
986 4489 1170 4603 oppidum
1201 4485 1430 4601 relinquunt.
1481 4486 1597 4599 Joan·

127 4609 359 4728 consilioque
390 4612 701 4716 communicato,
735 4608 839 4696 hunc
892 4635 960 4694 nes
990 4604 1153 4720 Baptista
1181 4603 1382 4712 Sabellus,
1415 4605 1599 4719 simulque

126 4725 259 4832 ¹acies,
298 4754 504 4849 antequam
545 4725 692 4815 nebula
719 4725 837 4816 discu-
892 4724 1044 4816 Aldana
1068 4748 1108 4814 et
1122 4717 1500 4925 AguiletaEpraefecti
1525 4749 1600 4856 ,eos

186 4845 356 4934 Tomll.
1536 4864 1577 4927 tn
