4124 5880
546 447 599 533 30
686 397 688 401 ’
923 429 1004 510 on
1052 426 1266 507 nanus
1316 424 1544 505 GEsrrs

565 599 644 689 VI.
720 584 875 686 Paulus
908 659 923 701 ,
974 579 1125 679 animo
1168 579 1316 681 Caroli
1358 579 1547 724 probato
1593 620 1637 685 et
1657 581 1662 590 ⁸
1682 584 1966 711 collaudat03

491 737 601 835 duos
639 730 890 833 Cardinales
935 733 1121 866 Legatos
1167 723 1355 843 mittit,
1406 725 1783 870 Christoplrorum
1809 741 1965 870 ‘Jaco-

490 875 666 978 batium
701 878 756 975 ad
792 871 1044 989 Carolum,
1079 866 1376 1010 Rodulphum
1412 872 1543 974 Pium
1579 875 1635 975 ad
1671 875 1964 1001 Franciscum,

491 1059 696 1164 rogatum
732 1096 747 1139 ,
796 1054 845 1119 ut
882 1017 1033 1116 locum
1070 1014 1267 1155 aliquem
1311 1015 1513 1119 medium
1557 1019 1613 1119 ad
1649 1020 1781 1161 Alpes
1826 1025 1965 1124 collo-

490 1169 601 1307 quio
639 1166 839 1306 ipsorum
889 1162 1027 1262 trium
1072 1161 1381 1259 constituerent
1414 1238 1429 1281 ,
1477 1161 1589 1261 velle
1632 1205 1716 1265 sese
1760 1205 1865 1265 cum
1901 1170 1964 1269 eis

489 1312 544 1410 de
582 1309 911 1452 compositione
947 1341 989 1406 et
1025 1304 1207 1405 summis
1243 1303 1441 1442 ipsorum
1476 1304 1637 1428 rebus,
1667 1345 1710 1411 et
1744 1308 1964 1412 Christia-

489 1495 571 1555 nae
609 1453 873 1595 reipublicae
918 1449 1109 1552 maxime
1152 1446 1409 1568 salutaribus
1447 1491 1604 1595 agere.
1652 1466 1755 1578 Qua
1802 1458 1965 1557 condi-

483 1599 603 1700 tione
639 1599 695 1700 ab
738 1634 925 1739 utroque
969 1632 1187 1736 accepta,
1230 1592 1352 1693 locus
1394 1598 1604 1698 convenit
1642 1601 1698 1698 ad
1744 1598 1961 1703 Allobro-

484 1783 594 1886 gum
637 1745 900 1861 Nicaeam,
944 1741 1034 1840 dies
1077 1775 1259 1858 autem,
1304 1779 1406 1841 cum
1445 1743 1640 1883 primum
1677 1781 1751 1886 per
1787 1745 1963 1888 tempus

483 1888 589 1988 anni
624 1888 803 1996 liceretr
842 1888 897 1988 ad
934 1884 1041 1985 haec
1077 1884 1278 1987 induciae
1314 1886 1484 1987 tamdiu
1523 1924 1827 2031 prorogatae,
1873 1892 1962 1990 do-

481 2073 562 2134 nec
614 2031 828 2176 colloquii
881 2068 1096 2172 tempus,
1144 2065 1187 2130 et
1222 2054 1439 2170 praeterea
1493 2032 1654 2133 mensis
1691 2029 1961 2144 effluxisset3

479 2218 560 2315 nec
597 2179 738 2277 modo
783 2216 859 2319 per
902 2213 1063 2275 terram
1099 2253 1114 2295 ‚
1153 2209 1203 2274 ut
1239 2176 1394 2314 prius,
1431 2177 1674 2319 depactae,
1710 2178 1784 2278 sed
1821 2178 1959 2279 etiam

479 2361 558 2463 per
592 2361 714 2424 mare
750 2322 978 2423 dumtaxat
1013 2318 1270 2427 internum3
1305 2319 1361 2420 de
1388 2320 1581 2422 ¹Oceano
1620 2323 1826 2423 renuente
1857 2335 1949 2424 Re-

479 2506 535 2606 ge
572 2501 749 2607 propter
786 2467 969 2566 Gallicas
1011 2504 1181 2584 naves,
1219 2503 1333 2604 quae
1369 2462 1620 2605 insidiantes
1665 2467 1858 2585 nostris,
1907 2503 1963 2568 ut

484 2650 536 2709 ex
580 2611 703 2729 Orbe,
747 2650 870 2712 novo
907 2651 1012 2714 cum
1056 2651 1164 2711 auro
1202 2646 1246 2711 et
1291 2648 1476 2754 argento
1521 2614 1747 2716 redeuntes
1783 2608 1964 2713 interci-

483 2790 686 2896 perent,
734 2755 1013 2857 Atlanticum
1062 2752 1361 2858 obsidebant.
1415 2769 1567 2898 Itaque
1611 2750 1815 2858 Pontifex
1858 2790 1965 2895 post

482 2900 580 2998 Idus
619 2901 799 3000 Martias
836 2912 985 3004 Roma
1022 2899 1313 3041 proficiscitur
1350 2937 1362 3008 3
1401 2939 1545 3039 eoque
1584 2900 1827 3017 nuntiato,
1866 2911 1966 2999 Ca·

484 3042 602 3141 rolus
640 3044 806 3185 viginti
842 3082 946 3146 octo
983 3046 1220 3186 longarum
1255 3043 1435 3142 navium
1473 3044 1601 3145 classe
1637 3080 1821 3161 coacta,
1857 3079 1967 3183 pro·

484 3178 729 3287 fectionem
766 3226 920 3331 parat,
961 3188 1169 3290 omnibus
1205 3183 1293 3287 fere
1331 3188 1449 3312 suis,
1486 3191 1560 3289 sed
1596 3189 1643 3287 in
1681 3186 1833 3328 primis
1861 3193 1964 3286 An·

486 3331 587 3435 drea
613 3333 752 3433 Dotia
786 3333 1155 3434 reclamantibus:
1190 3369 1292 3431 nam
1331 3332 1546 3475 plerisque
1592 3332 1705 3432 Galli
1741 3328 1845 3431 fides
1883 3370 1965 3430 su-

486 3512 630 3616 specta
667 3515 799 3596 erat,
835 3476 1163 3596 metuentibus,
1200 3517 1255 3575 ne
1290 3486 1387 3576 Rex
1424 3516 1502 3619 per
1538 3475 1693 3577 dolum
1731 3513 1775 3576 et
1811 3474 1968 3575 collo->

485 3621 582 3759 quii
603 3621 928 3725 simulationem
963 3659 1138 3764 tempus
1173 3619 1289 3722 trahi
1308 3619 1483 3741 vellet,
1523 3657 1565 3721 et
1602 3661 1732 3722 naves
1770 3615 1963 3721 distine-

484 3765 568 3884 ri,
610 3804 713 3864 cum
750 3765 913 3906 quibus
952 3769 1145 3868 Andreas
1183 3766 1231 3866 in
1266 3764 1520 3867 Graeciense
1565 3766 1681 3866 marc
1723 3763 1965 3864 mittendus

483 3945 605 4028 erat,
633 3945 683 4008 ut
710 3916 827 4010 cum
865 3912 1032 4051 reliqua
1071 3911 1197 4010 classe
1217 3911 1505 4050 ''Venetisque
1541 3950 1584 4008 se
1623 3910 1678 4007 ad
1714 3919 1968 4043 Corcyram

484 4062 807 4196 conjungeret,
845 4056 902 4156 ad
938 4056 1137 4168 Turcis‚
1179 4093 1372 4196 quorum
1419 4052 1545 4153 rebus
1582 4063 1681 4153 Rex
1717 4051 1966 4152 Franciscus

485 4191 662 4299 fauebat
677 4278 692 4320 ,
724 4197 890 4302 bellum
927 4195 1239 4318 inferendum,
1272 4234 1346 4298 aut
1382 4196 1555 4296 illatum
1590 4196 1957 4340 propulsandum.

559 4353 654 4443 VIL
731 4345 917 4448 Carolus
968 4344 1104 4487 igitur
1158 4377 1322 4484 praeter
1383 4343 1590 4444 omnium
1639 4337 1730 4442 fere
1779 4380 1968 4441 suorum

486 4489 747 4589 sententiam
784 4492 946 4592 octavo
985 4490 1202 4590 Kalendas
1240 4487 1402 4629 Aprilis
1440 4499 1529 4619 ejus
1566 4484 1667 4585 anni
1710 4561 1724 4601 ,
1757 4483 1836 4623 qui
1872 4476 1965 4583 fuit

196 4638 516 4746 mnnxxxvttxa
552 4631 728 4735 Christo
765 4674 872 4752 nato
909 4633 1163 4736 millesimus
1208 4632 1580 4774 quingentesimus
1625 4627 1873 4769 trigesimus
1912 4668 1965 4727 o-

484 4814 632 4878 ctavus
673 4858 687 4899 ‚
724 4778 989 4921 quadriremi
1037 4816 1268 4878 conscensa
1304 4855 1319 4897 ‚
1355 4779 1592 4880 Barcinone
1613 4894 1617 4899 .
1638 4767 1966 4916 proficiscitur,

1902 4954 1971 5015 vr-
