4034 5858
469 553 554 602 num
584 528 685 630 gravi
705 434 842 601 fddridie
873 529 1060 603 contrahit.
1084 532 1132 601 11.

474 652 556 725 513.
581 630 639 700 Ad
669 630 828 723 quasdam
853 630 1008 725 pecuniae
1026 629 1134 701 curilis

472 729 609 801 ciendae
638 753 754 826 parum
777 753 809 799 se
838 730 953 829 dignas
992 735 1132 801 rationes

348 893 355 904 ,
471 828 640 901 interdum
668 828 860 901 descendere
895 828 1048 926 cogitur.
1085 834 1131 900 II.

472 952 558 1023 513.
585 929 742 999 Ecclesias
756 928 813 999 diu
839 928 1050 1021 Clericosquc
1074 952 1133 998 ve-

472 1029 605 1127 ctigales
625 1028 752 1113 habet,
778 1053 848 1098 non
870 1029 938 1099 sine
959 1031 1132 1099 voluntate

470 1148 506 1198 et
529 1128 720 1224 interposita
738 1127 907 1199 Pontificis
921 1127 1061 1199 Maximi
1078 1149 1134 1197 au·

470 1228 642 1299 ctoritate.
669 1234 715 1296 ll.
736 1249 815 1321 513.
843 1226 979 1325 Oppida
994 1245 1029 1296 et
1045 1225 1134 1297 vicos

473 1327 718 1399 Ecclesiasticae
747 1326 882 1397 ditionis
917 1349 974 1423 per
1001 1324 1134 1398 Castel-

473 1429 541 1498 lam
561 1426 725 1512 vendere,
750 1427 904 1525 religione
928 1424 1133 1521 prohibetur.

474 1533 522 1599 II.
543 1548 622 1621 513.
654 1534 715 1597 Per
729 1550 805 1596 suos
820 1525 1029 1597 administros
1040 1526 1135 1595 Gua-

475 1625 651 1697 dalcanalis
692 1625 819 1722 argenti
848 1624 982 1695 fodinae
1018 1646 1133 1693 curam

472 1726 632 1821 suscipit,
656 1725 760 1795 ascitis
775 1748 817 1794 ex
842 1721 1022 1795 Germania
1041 1745 1135 1792 sexa-

473 1825 566 1923 ginta
592 1823 781 1895 hominibus
810 1825 1019 1893 metallorum
1050 1820 1135 1917 peri·

474 1923 625 1995 tissimis.
641 1928 688 1993 II.
705 1945 785 2014 521.
805 1923 890 1993 Toti
904 1921 1069 1993 metallico
1085 1917 1134 1991 of⁴

473 2024 554 2097 ficio
565 2025 791 2120 Augustinum
804 2029 962 2093 Zaratum
974 2019 1134 2118 praeficit.

473 2127 521 2195 ΙΙ.
542 2124 622 2213 522.
651 2124 783 2221 Magnis
798 2141 831 2192 et
857 2121 1022 2193 diuturnis
1043 2121 1134 2189 labo-

473 2223 564 2295 ribus
597 2224 780 2320 exagitatus
814 2223 944 2319 gravius
964 2237 1134 2317 aegrotare

473 2321 610 2416 incipit.
633 2328 679 2392 Il.
701 2346 781 2412 522.
806 2328 845 2392 ln
871 2318 1043 2416 publicum
1064 2341 1133 2387 non

474 2419 609 2517 prodit,
631 2438 665 2487 et
677 2420 759 2490 nulli
783 2419 917 2514 publico
933 2418 1134 2516 negotiova-

473 2536 550 2590 cat.
582 2519 628 2589 11.
659 2540 739 2608 522.
763 2522 877 2588 Omne
904 2537 1001 2586 suum
1025 2516 1133 2611 impe-

473 2616 571 2690 randi
596 2620 647 2708 jus
670 2636 704 2688 et
728 2636 922 2714 potestatem
947 2617 980 2686 in
1010 2614 1133 2712 Philip·
1155 2652 1160 2655 t

472 2740 555 2814 pum
572 2716 745 2789 transstrre
766 2717 956 2787 constituit.
981 2720 1028 2785 II.
1051 2735 1131 2804 522.

471 2821 627 2888 Domum
643 2817 703 2887 sibi
724 2815 930 2889 exaedificari
946 2814 1037 2903 jubet
1053 2838 1133 2886 coe-

470 2916 576 2987 nobio
605 2916 851 2988 Monachorum
880 2911 965 3004 lusti
987 2916 1132 3011 appella-

446 3106 448 3110 5
470 3033 510 3084 to
532 3016 752 3112 contiguam.
777 3017 823 3084 ΙΙ.
844 3035 924 3103 522.
953 3010 1132 3106 Quidquid

467 3110 535 3187 ,sub
553 3113 692 3209 imperio
708 3114 937 3209 Hispanomm
950 3130 997 3180 est
1013 3161 1023 3195 ,
1051 3111 1131 3183 Phi·

471 3213 564 3307 lippo
587 3212 659 3284 lilio
678 3212 838 3284 Bruxellis
861 3210 968 3283 cedit.
992 3214 1129 3303 lI.523.

470 3311 653 3407 Epistolam
677 3311 721 3381 eis
744 3310 786 3382 de
821 3312 917 3382 rebus
943 3308 987 3381 ad
1013 3333 1130 3381 omnes

468 3413 628 3484 Castellae
649 3411 813 3495 civitates,
830 3411 977 3504 itemque
1005 3409 1130 3505 Philip·

465 3534 529 3608 pus
568 3534 638 3582 uno
671 3512 824 3606 exemplo
851 3508 953 3579 dant.
980 3513 1026 3578 ΙΙ.
1047 3530 1127 3602 523.

466 3618 559 3685 Cum
581 3609 710 3681 duabus
741 3608 908 3680 sororibus
933 3608 1070 3706 Reginis
1093 3614 1127 3679 in

416 3704 418 3711 ’
466 3708 660 3806 Hispaniam
685 3711 820 3807 navigat
844 3758 855 3792 ,
878 3704 1008 3778 Laredo
1036 3710 1127 3805 apel-

463 3811 528 3894 lit,
546 3807 824 3902 Valdolitumque
840 3804 1063 3907 progreditur,
1080 3812 1127 3878 ΙΙ.

468 3932 550 4002 52γ.
581 3907 633 3977 Ibi
660 3929 736 3978 cum
773 3912 902 3999 Joanna
924 3903 993 3977 lilia
1019 3925 1052 3977 et
1068 3930 1127 3979 ne·

464 4028 546 4114 pote
569 4009 696 4080 Carolo
730 4029 910 4103 perpaucos
941 4003 1007 4074 dics
1050 4031 1127 4078 mo-

463 4129 575 4183 ratur.
600 4113 647 4179 ll.
667 4129 744 4200 527.
773 4113 814 4177 ln
826 4103 1028 4176 coenobium
1042 4102 1128 4195 lusti

463 4206 658 4282 contendit.
683 4211 729 4276 II.
758 4229 836 4298 527.
876 4209 965 4276 Cum
999 4206 1124 4275 Carolo

462 4329 606 4406 nepote,
637 4306 777 4403 Philippi
795 4304 888 4387 lilio,
908 4325 1031 4398 paucos
1055 4303 1124 4376 dies

462 4407 627 4479 Valdoliti
642 4424 888 4478 commoratur.
907 4407 952 4472 II.
967 4423 1043 4496 527.
1061 4406 1125 4483 Vi-¹

460 4526 532 4580 tarn
545 4508 612 4605 agit
629 4505 814 4580 monachali
830 4529 869 4577 ac
885 4501 1125 4600 philosophicae

461 4609 612 4678 similem.
629 4612 674 4677 II.
696 4630 774 4700 527.
798 4608 837 4676 Se
861 4602 943 4675 adiri
968 4603 1124 4678 rarissime

460 4704 645 4808 permittit.
661 4711 707 4775 ΙΙ.
741 4728 819 4798 52γ.
844 4710 961 4776 Annos
978 4704 1124 4797 quadra·

459 4809 552 4908 ginta
569 4824 708 4905 regnat,
738 4826 771 4875 et
787 4829 912 4876 annum
931 4804 999 4901 agit
1022 4804 1122 4898 quin-

459 4906 686 5009 quagesimum
701 4923 854 4982 sextum·
876 4909 922 4979 11.
943 4927 1022 4996 527.
1046 4907 1120 4976 sta-

1234 549 1311 603 tura
1323 521 1411 622 eius,
1426 545 1460 598 et
1482 528 1586 600 totius
1597 523 1750 624 corporis
1769 522 1909 597 confor-

1237 631 1360 703 matio.
1377 635 1425 701 ΙΙ.
1441 649 1521 722 527.
1547 629 1732 700 Animosus
1744 675 1756 708 ,
1769 625 1807 696 in
1822 627 1902 696 bello

1239 751 1416 816 constans,
1435 728 1639 800 obstinatus.
1654 731 1705 795 Il.
1725 727 1810 814 528.
1831 726 1902 797 Cir-

1239 855 1277 902 ca
1297 831 1500 929 trigesimum
1510 828 1625 919 aetatis
1639 847 1771 896 annum
1789 825 1900 896 morbo

1240 928 1408 1002 articulari
1437 947 1600 999 tentatur.
1634 929 1683 995 11.
1721 926 1807 1014 528.
1845 925 1906 995 D'rc

1239 1031 1339 1100 semel
1362 1028 1537 1099 dumtaxat
1556 1024 1668 1098 cibum
1681 1024 1786 1095 sumit
1800 1023 1835 1094 in
1852 1047 1910 1120 pu·

1237 1128 1329 1199 blico
1386 1128 1487 1224 paulo
1545 1122 1824 1196 immoderatius.
1863 1127 1906 1194 Il.

1241 1229 1323 1320 528.
1351 1227 1483 1298 Vestitu
1505 1228 1612 1297 utitur
1637 1247 1760 1321 parum
1782 1241 1840 1293 aut
1854 1223 1905 1293 ni-

1237 1327 1316 1401 hila
1332 1325 1504 1399 communi
1522 1333 1702 1398 Procenrm
1723 1321 1904 1395 abhorren-

1239 1446 1296 1496 te.
1319 1431 1365 1496 Il.
1395 1445 1474 1516 529.
1503 1424 1664 1522 Simplicis
1695 1421 1846 1494 veritatis
1868 1448 1906 1493 a·

1240 1545 1368 1609 motor,
1387 1523 1592 1625 gravissimus
1613 1523 1742 1618 ubique
1769 1542 1805 1592 et
1829 1547 1904 1593 con·

1237 1644 1342 1696 stans.
1365 1631 1411 1696 11.
1434 1643 1513 1713 529.
1542 1622 1713 1695 Avaritiae
1731 1649 1752 1692 a
1768 1621 1905 1716 quibus·

1239 1724 1316 1794 dam
1330 1774 1340 1807 ,
1353 1722 1551 1820 profusionis
1577 1723 1620 1794 ab
1635 1723 1707 1794 aliis
1730 1722 1903 1819 reprehen—

1239 1822 1352 1893 ditur.
1368 1829 1415 1896 ΙΙ.
1432 1842 1512 1910 529.
1545 1822 1602 1893 Ab
1622 1821 1736 1893 invitis
1762 1824 1834 1893 sine
1857 1821 1901 1919 pi-

1238 1943 1343 2021 gnore
1355 1973 1367 2008 ,
1378 1922 1434 1994 sed
1450 1922 1618 1995 bonafide
1635 1921 1818 2018 pecuniam
1832 1945 1903 1993 mu·

1237 2036 1381 2092 tuatur.
1406 2028 1453 2093 II.
1486 2042 1564 2114 529.
1590 2025 1769 2095 Mularum
1793 2023 1902 2120 ephip-

1237 2122 1406 2218 piatarum
1433 2145 1527 2193 usum
1547 2125 1617 2221 lege
1647 2146 1668 2192 a
1698 2145 1731 2193 se
1764 2125 1901 2194 vetitum

1236 2222 1479 2320 quinquagenis
1501 2222 1632 2294 ducatis
1657 2222 1833 2318 permittit.
1856 2227 1900 2292 11.

1241 2339 1320 2411 529.
1332 2320 1507 2414 Quosdam
1528 2322 1746 2420 Magistratus
1765 2344 1901 2393 nonne·

1237 2421 1389 2491 cessarios
1405 2419 1570 2492 vendendi
1595 2445 1695 2492 causa
1720 2444 1779 2517 per
1804 2421 1899 2516 oppi-

1236 2518 1279 2588 da
1295 2539 1397 2589 creat.
1413 2526 1460 2590 ΙΙ.
1481 2541 1559 2610 529.
1586 2520 1748 2592 Ecclesias
1767 2541 1800 2591 et
1814 2523 1892 2590 Cle-

1236 2617 1321 2690 ricos
1344 2636 1454 2691 annua
1485 2623 1613 2692 tributa
1665 2619 1797 2715 pendere
1828 2643 1891 2690 co-

1235 2719 1311 2816 git,
1334 2743 1403 2788 non
1425 2740 1536 2790 tamen
1562 2720 1633 2790 sine
1657 2720 1782 2791 Summi
1804 2726 1889 2790 Pon-

1235 2816 1334 2887 tilicis
1362 2819 1539 2913 permissu.
1569 2825 1614 2890 II.
1639 2839 1720 2909 529.
1739 2820 1823 2891 Bella
1836 2843 1891 2888 an-

1235 2940 1297 2988 nos
1311 2916 1442 2987 circiter
1467 2919 1603 3016 triginta
1620 2920 1777 3012 quinque
1799 2938 1896 3014 paene

1235 3017 1447 3086 continenter
1474 3018 1580 3114 gerit.
1607 3022 1655 3087 II.
1677 3042 1762 3112 53⁰·
1784 3021 1896 3115 Singu-

1233 3114 1310 3184 laris
1335 3113 1369 3183 in
1394 3118 1509 3186 Deum
1530 3121 1644 3212 pietas.
1668 3122 1717 3187 ll.
1741 3141 1816 3211 530.
1838 3122 1890 3186 Sa·

1234 3212 1381 3284 cerdotia
1415 3235 1449 3284 et
1490 3218 1717 3312 Episcopatus
1746 3243 1817 3287 raro
1835 3213 1893 3284 nisi

1232 3313 1346 3410 probis
1371 3311 1544 3406 doctisque
1570 3316 1647 3386 viris
1666 3317 1829 3387 mandat.
1849 3318 1893 3386 Il.

1237 3432 1316 3506 530.
1347 3415 1427 3483 Non
1464 3417 1560 3485 semel
1590 3414 1626 3485 in
1664 3438 1710 3486 eo
1742 3417 1787 3487 ab
1816 3415 1894 3498 illis,

1230 3535 1379 3606 quorum
1402 3511 1501 3585 fidem
1524 3513 1697 3608 sequitur,
1725 3515 1892 3609 decipitur.

1232 3616 1279 3681 11.
1313 3633 1390 3704 530.
1416 3609 1482 3681 Sibi
1512 3632 1611 3683 notos
1651 3632 1685 3682 et
1729 3613 1892 3686 familiares

1230 3708 1325 3782 facile
1349 3711 1557 3782 contemnit.
1578 3717 1623 3782 ΙΙ.
1652 3732 1735 3804 530.
1764 3711 1894 3785 Pensio·

1233 3833 1289 3881 nes
1315 3827 1426 3880 tamen
1451 3810 1585 3881 Clericis
1603 3809 1823 3883 familiaribus
1837 3811 1896 3880 suis

1230 3931 1273 3980 cx
1306 3905 1471 3980 fructibus
1503 3910 1742 3982 Ecclesiasticis
1788 3910 1894 3982 distri·

1231 4008 1323 4079 buit.
1338 4013 1384 4078 II.
1405 4032 1483 4103 530·
1495 4010 1662 4100 Justitiam
1681 4011 1766 4082 colit
1786 4011 1893 4109 proni-

1230 4125 1299 4179 tate
1319 4107 1462 4179 naturali
1484 4158 1496 4193 ,
1528 4109 1571 4181 ad
1593 4110 1804 4182 severitatem
1831 4134 1888 4206 po·

1230 4207 1296 4277 tius
1329 4206 1507 4278 inclinans.
1549 4214 1595 4278 II.
1642 4232 1724 4305 530.
1767 4213 1883 4283 Invitus

1229 4306 1392 4395 subjectos
1418 4308 1647 4381 exactionibus
1680 4332 1816 4411 gravat.
1838 4308 1882 4376 11.

1233 4429 1313 4499 531.
1343 4408 1432 4477 Bella
1457 4431 1525 4476 non
1560 4410 1606 4478 ita
1642 4409 1819 4483 necessariis
1843 4428 1887 4476 erc

1228 4506 1332 4577 causis
1365 4507 1523 4604 suscipit.
1552 4512 1597 4577 II.
1632 4530 1718 4604 531.
1754 4505 1894 4580 Gloriae

1227 4603 1425 4689 studiosus,
1449 4631 1515 4677 non
1540 4625 1650 4680 tamen
1681 4609 1894 4682 ambitiosus.

1228 4710 1275 4775 Il.
1304 4727 1383 4799 532.
1414 4705 1613 4803 Sepulvedae
1649 4706 1696 4779 de
1728 4710 1894 4807 ipsiusmet

1228 4808 1343 4877 Caroli
1372 4805 1470 4879 rebus
1499 4807 1594 4906 gestis
1626 4809 1844 4905 percontanti
1863 4822 1895 4876 et

1227 4904 1412 4977 consulenti
1449 4904 1639 4980 humaniter
1681 4910 1893 5010 graviterque

1841 5029 1888 5081 ¹0-
