4170 5866
608 396 857 499 carrot'r
903 417 955 496 v.
1008 394 1125 534 aru.
1168 419 1263 500 xx.
1524 437 1622 527 ,κῃ

201 571 342 677 cissim
395 573 722 716 perhumaniter
774 572 978 671 excitatus
1009 612 1080 670 ac
1129 572 1376 679 resalutatus
1427 615 1538 689 ests
1576 588 1657 724 qui

199 759 298 820 cum
335 719 619 836 assedissem,
648 757 698 816 ac
735 755 969 858 parumper
1003 715 1265 817 amicissime
1301 716 1479 826 fuissent
1514 728 1654 828 collo-

192 866 283 964 cuti
319 941 333 982 ,
373 865 529 972 Paulus
582 898 686 960 cum
736 861 886 1003 paucis
938 860 988 959 in
1041 859 1294 962 Pontificias
1344 902 1385 966 et
1435 864 1541 968 fano
1591 872 1653 973 illi

183 1008 419 1146 contiguas
454 1007 611 1124 aedes,
638 1006 823 1107 Carolus
858 1006 907 1105 in
942 1005 1181 1108 Praetorias
1215 1007 1411 1109 maxima
1428 1007 1654 1153 „frequen-

186 1150 251 1249 tia
287 1149 470 1288 stipatus
508 1149 805 1250 diverterunt.

258 1301 356 1393 Vll.
413 1309 585 1434 Septem
620 1291 773 1395 diebus
809 1296 865 1395 ad
900 1303 1067 1396 Lucam
1103 1332 1402 1398 commoratus
1437 1300 1653 1424 Carolus,

195 1434 367 1536 nullum
402 1437 681 1557 intermisit,
725 1437 839 1578 quin
874 1440 930 1537 ad
966 1439 1230 1542 Pontificem
1267 1443 1321 1540 de
1361 1440 1487 1542 rebus
1522 1485 1652 1546 com-

194 1575 401 1681 munibus
437 1616 481 1680 et
515 1583 572 1682 ad
608 1580 832 1720 publicam
860 1579 1214 1684 Christianorum
1250 1584 1433 1686 salutem
1462 1623 1505 1685 et
1532 1589 1649 1727 quie·

193 1759 286 1826 tem
340 1760 383 1824 et
434 1724 783 1825 Ecclesiasticum
831 1726 1089 1826 Concilium
1137 1726 1452 1866 pertinentibus
1511 1733 1651 1835 collo-

195 1867 363 2006 quendi
396 1873 536 2012 gratia
571 1871 834 1989 ventitaret,
869 1910 961 1968 uno
1013 1872 1241 1973 dumtaxat
1290 1908 1516 2015 excepto,
1558 1916 1650 2015 quo

195 2005 402 2112 Pontifex
452 2018 510 2116 ad
545 2015 758 2119 Carolum
793 2013 944 2115 venit.
998 2023 1120 2114 Haec
1153 2018 1263 2117 dum
1298 2025 1439 2117 Lucae
1488 2055 1654 2158 gerun-

197 2188 299 2274 tur,
330 2193 374 2257 et
409 2159 592 2262 Carolus
628 2201 656 2258 a
689 2156 902 2260 Pontifice
918 2236 932 2277 ‚
951 2189 1002 2257 ut
1037 2169 1211 2302 Regem
1237 2170 1544 2262 Romanorum
1580 2202 1652 2263 sex

197 2297 390 2401 millibus
424 2303 678 2404 Italicorum
713 2306 768 2403 ad
803 2304 972 2402 Budam
1007 2302 1304 2444 recipiendam
1338 2313 1537 2436 juvaret,
1566 2305 1652 2404 im·-

198 2477 434 2581 petrasset,
460 2450 714 2549 nuntiatum
745 2479 805 2549 est
839 2456 1164 2548 Germanorum
1200 2445 1438 2549 exercitum
1477 2445 1535 2548 ab
1575 2489 1652 2549 eo·

197 2586 299 2688 dem
336 2601 461 2733 Rege
500 2593 718 2710 missum,
756 2593 864 2692 dum
900 2591 1070 2690 Budam
1123 2588 1344 2696 obsideret
1397 2632 1447 2690 ac
1501 2629 1652 2730 oppu-

197 2770 384 2874 gnaret,
424 2774 537 2877 quae
574 2776 741 2879 magno
777 2742 1024 2835 Turcarum
1062 2775 1089 2832 a
1124 2734 1362 2869 Solymano
1417 2736 1650 2833 summisso

199 2877 416 3018 praesidio
449 2881 811 2998 custodiebatur,
836 2875 1036 2977 hostibus
1063 2877 1392 3018 erumpentibus
1426 2873 1555 2979 fuisse
1588 2916 1654 2977 re·

198 3019 405 3161 pulsum,
445 3060 489 3124 et
521 3025 639 3126 bona
676 3059 796 3166 parte
833 3062 1016 3122 suorum
1048 3022 1236 3142 amissa,
1266 3024 1453 3122 domum
1490 3021 1651 3122 redire.

268 3175 386 3267 Vlll.
458 3179 524 3267 Ex
571 3178 690 3269 Luca
740 3162 956 3306 profectus
1009 3165 1194 3265 Carolus
1231 3242 1246 3285 ,
1283 3164 1558 3305 pedibusque
1607 3166 1655 3263 in

201 3314 386 3409 Portum
435 3321 582 3415 Lunae
620 3348 664 3411 et
699 3311 920 3452 oppidum
956 3310 1161 3448 Spediam
1211 3309 1380 3410 dictum
1438 3347 1654 3425 reversus,

202 3462 525 3557 Germanorum
575 3495 758 3556 manum
806 3453 1069 3558 recensuitr
1109 3487 1152 3552 et
1201 3450 1267 3551 his
1303 3455 1350 3553 in
1407 3453 1560 3550 decem
1610 3485 1654 3548 et

207 3635 307 3699 octo
343 3640 474 3701 naves
513 3601 726 3701 onerarias
773 3597 991 3738 impositis
1031 3634 1082 3694 ac
1135 3594 1301 3696 solvere
1353 3594 1524 3728 jussis,
1566 3594 1657 3834 ipse

204 3779 306 3844 cum
343 3744 489 3886 longis
527 3742 711 3846 navibus
748 3741 911 3883 viginti
946 3738 1146 3881 quinque
1179 3739 1419 3880 postridie,
1453 3738 1532 3878 qui
1595 3737 1658 3836 uit

204 3887 261 3983 ad
300 3886 420 3988 diem
458 3924 663 4028 quartum
699 3884 997 3987 Kalendarum
1029 3883 1276 4003 Octobris,
1312 3924 1415 3984 cum
1456 3891 1545 4011 jam
1582 3880 1661 3979 ad·-

203 4063 549 4168 ,vesperasceret‚
584 4030 905 4175 proficiscitur,
941 4069 1034 4169 quo
1073 4066 1272 4170 tempore
1312 4025 1452 4127 Italici
1497 4022 1662 4161 Hispa-

206 4171 345 4314 nique
383 4175 572 4297 milites,
626 4176 706 4318 qui
748 4176 805 4274 ad
845 4174 1036 4315 reliquos
1074 4175 1219 4274 Italiae
1258 4171 1513 4308 Siciliaeque
1555 4204 1662 4307 pot-

206 4347 269 4415 tus
311 4320 647 4459 exspectabant,
684 4358 849 4436 naves,
885 4354 936 4418 ut
976 4352 1064 4417 erat
1100 4318 1366 4457 imperatum
1386 4390 1400 4432 ‚
1420 4313 1662 4424 solverunt,

208 4499 377 4563 cursum
410 4463 458 4564 in
496 4467 689 4567 Baleares
728 4471 915 4592 majores
943 4459 1190 4598 dirigentes
1222 4499 1235 4566 3
1274 4457 1347 4559 hic
1387 4458 1505 4557 enim
1558 4496 1669 4561 cone

211 4605 412 4708 veniendi
443 4600 564 4731 locus
602 4612 744 4709 dictus
775 4642 864 4707 erat
901 4600 1144 4721 omnibus,
1179 4639 1277 4706 turn
1315 4644 1365 4704 ex
1403 4601 1525 4708 ltalia
1544 4657 1547 4664 ·
1563 4600 1672 4709 Sici*¹

211 4745 389 4889 liaque,
429 4789 618 4857 rumex
655 4752 870 4894 Hispania
887 4745 1202 4893 nauigaturis.
1245 4743 1456 4855 Postridie
1492 4784 1595 4853 curn
1631 4743 1676 4843 in
1801 4826 1808 4843 r

282 4896 396 4997 Tam.
417 4907 476 4998 Π.
1256 4900 1283 4991 S
1572 4895 1683 4984 Cor·
