4110 5888
637 372 1138 452 ruiturarum.
1322 319 1326 321 ’
1461 387 1588 464 xxm.

138 503 340 612 auxillum,
360 499 558 620 pollicente
572 500 713 590 bellum
728 501 765 587 in
778 508 851 589 Lu·
900 528 1012 592 terest
1042 499 1344 598 munitissimum.
1417 519 1421 527 ’

141 630 318 716 theranos
348 647 479 738 parat.
832 718 835 723 ,
958 627 1041 710 XII.
1101 626 1328 714 Ratisbonae
1358 627 1469 748 igitur
1499 663 1605 749 prae·
1724 732 1726 739 4

193 749 280 831 Vll.
341 747 385 827 ln
430 770 515 828 eam
548 740 767 829 sententiam
816 769 851 825 e·
900 741 993 828 sidio
1025 745 1214 830 Columna
1259 747 1418 851 relicto,
1450 754 1610 842 Carolus
1726 739 1728 743 ’

140 864 280 951 dictum
312 861 555 977 promulgat,
586 891 667 977 quo
692 865 849 946 Germa·
899 889 987 946 cum
1001 863 1158 980 reliquis
1178 865 1290 979 copiis
1307 863 1495 983 profectus
1511 877 1609 960 Lan·

147 984 206 1070 nia
227 980 352 1068 omnis
376 979 639 1087 tumultuatur,
657 978 837 1065 Luthera·
899 1004 1049 1066 zuetem
1080 984 1267 1100 pervenit.

142 1102 252 1217 nique
287 1128 420 1193 manus
447 1122 625 1216 cogunt,
657 1095 762 1185 initio
799 1096 850 1181 ab
958 1101 1069 1185 Xlll.·
1122 1101 1303 1187 Hostium
1335 1103 1448 1191 duces
1470 1105 1610 1198 bellurn

144 1217 369 1337 Augustanis
398 1213 526 1302 lacto.
903 1215 1090 1304 indicendi
1116 1218 1234 1335 gratia
1259 1222 1545 1310 caduceatorem
1571 1253 1611 1314 et

205 1342 306 1423 Vlll.
376 1334 600 1421 Scherrellus
642 1328 852 1449 praefectus
905 1365 1063 1449 puerum
1096 1363 1185 1421 cum
1217 1337 1372 1452 epistola
1409 1341 1448 1424 in
1479 1346 1611 1430 Caesa·

145 1483 189 1541 ex
229 1461 412 1572 Augusta„
438 1455 489 1540 ad
536 1451 689 1567 Alpium
726 1448 850 1538 fauces
900 1454 947 1540 ris
967 1482 1086 1542 castra
1118 1455 1296 1541 mittunt.
1324 1462 1414 1543 Dux
1442 1458 1611 1550 Albanus

145 1574 362 1660 obsidendas
383 1569 648 1685 proficiscitur,
664 1594 778 1685 atque
804 1576 851 1655 E·
901 1600 1053 1689 accepta
1096 1573 1251 1689 epistola
1299 1605 1415 1693 grave
1459 1608 1611 1694 respon·

142 1693 299 1808 rebergo
331 1690 572 1775 munitissima
596 1717 679 1773 arce
708 1689 758 1774 ad
777 1689 851 1773 de·
901 1721 983 1776 sum
1000 1692 1067 1778 dat
1081 1752 1094 1795 ,
1108 1692 1291 1808 simulque
1307 1693 1434 1780 Caroli
1446 1696 1612 1785 edictum

142 1810 321 1897 ditionem
330 1808 523 1924 compulsa
538 1805 852 1919 ,Ocnspruchum
902 1837 1079 1895 excusum
1108 1811 1158 1897 ad
1189 1811 1302 1896 duces
1332 1811 1612 1929 deportandum

143 1924 272 2014 fnum
303 1950 427 2011 tentat
441 1927 507 2033 ,in
532 1953 741 2043 agrumque
772 1928 852 2012 Au·
903 1927 1139 2013 caduceatori
1176 1928 1307 2014 tradit.
1598 1936 1599 1939 ‘

145 2072 345 2162 gustanum
376 2044 494 2132 redit.
829 2064 846 2117 i
940 2047 1066 2131 -xw,
1128 2045 1198 2130 His
1233 2046 1361 2133 diebus
1383 2047 1531 2136 Italicae
1554 2081 1611 2154 co

199 2168 268 2249 lX.
329 2162 489 2248 Carolus
518 2166 672 2248 Petrum
687 2166 850 2247 Guzma·
901 2160 982 2276 piae
997 2193 1020 2246 a
1037 2161 1217 2249 Pontifice
1243 2192 1332 2249 cum
1370 2192 1615 2255 nummorum

143 2310 235 2367 num
258 2281 437 2395 praesidio
467 2278 737 2398 lngolstadium
769 2279 852 2365 mit·
902 2284 1134 2366 scutatorum
1163 2282 1332 2367 trecentis
1351 2282 1507 2368 millibus
1528 2289 1611 2372 sub·

144 2399 209 2486 tit.
246 2405 336 2485 Dux
362 2400 542 2486 Bavariae
567 2396 682 2483 fidem
707 2396 853 2481 Catho·
902 2398 1031 2483 missae
1059 2397 1312 2514 perveniunt,
1341 2399 1509 2514 itemque
1534 2403 1612 2490 Flo

143 2515 242 2602 licam
276 2540 435 2624 tuetur,
464 2518 527 2604 sed
565 2538 784 2600 cunctanter
812 2539 852 2599 et
902 2516 1042 2601 tentiae
1075 2539 1114 2601 et
1143 2518 1326 2601 Ferrariae
1362 2524 1516 2604 Ducum
1550 2551 1617 2606 au·

145 2635 268 2722 timide
301 2665 378 2721 sese
404 2635 509 2721 initio
534 2632 646 2751 gerit.
901 2632 1028 2719 xilium
1061 2657 1233 2749 equestre
1250 2696 1262 2741 ,
1279 2634 1615 2755 Hispanorumque

195 2757 248 2840 X.
309 2753 438 2869 Copiis
469 2751 634 2838 Caesaris
679 2749 853 2835 nondum
902 2780 948 2838 cx
973 2752 1082 2837 ltalia
1116 2777 1314 2839 veteranae
1347 2756 1544 2840 cohortes.
1600 2785 1614 2802 ’·

146 2873 343 2958 hominum
370 2873 498 2957 decem
528 2870 637 2957 millia
661 2867 849 2982 complen·
948 2873 1039 2956 XV.
1085 2870 1236 2955 Coactis
1260 2871 1375 2985 copiis
1390 2874 1527 2957 Cacsar
1544 2874 1614 2958 lla-²

145 2990 244 3076 tibus
266 3053 278 3097 ,
303 2991 503 3076 Lutherani
532 2987 733 3074 exercitum
761 3014 852 3071 con·
903 2986 1088 3073 tisbonam
1121 2987 1258 3093 redit,
1301 2988 1464 3103 indeque
1480 2978 1613 3107 ⁴Ingol
1689 2986 1691 2991 ’

144 3106 271 3193 ficiunt
308 3109 477 3224 pediturn
517 3105 784 3222 septuaginta,
812 3127 852 3188 et
902 3106 1062 3192 stadium
1081 3129 1234 3190 movet.
1272 3110 1331 3191 Ex
1365 3107 1493 3193 itinere
1524 3109 1613 3194 mili-

146 3228 311 3343 cquitum
342 3228 473 3314 decem
500 3225 658 3310 millibus
682 3246 852 3308 constan·
902 3246 985 3310 tum
1023 3221 1324 3337 supplementum
1367 3225 1614 3313 Ratisbonam

147 3366 242 3430 tem.
279 3351 427 3431 Eorum
458 3343 602 3429 nullum
631 3342 725 3427 inter
751 3340 852 3424 initia
902 3343 951 3425 ab
979 3342 1147 3427 hostibus
1178 3366 1438 3458 oppugnatam
1476 3344 1608 3430 mittit)

147 3463 188 3548 de
246 3463 496 3580 opprimendo
523 3459 689 3546 ¹Carolo
732 3457 851 3545 consi·
902 3458 1077 3573 Traiecto
1108 3460 1290 3545 Danubio
1324 3487 1441 3546 castra
1471 3460 1612 3548 idoned

148 3581 254 3667 lum.
842 3596 847 3641 ⁵
903 3577 990 3680 loco
1022 3577 1144 3664 castris
1185 3573 1354 3664 conferre
1394 3577 1611 3687 constituit,
1715 3660 1718 3665 .

199 3701 267 3784 Xl.
325 3704 462 3786 Caesar
479 3698 629 3785 Albano
641 3696 740 3781 Duci
766 3723 850 3809 pro
903 3695 996 3782 dum
1020 3694 1194 3781 auxilium
1228 3719 1413 3808 exspectat
1439 3724 1462 3778 a
1484 3698 1609 3783 Comi·

150 3816 235 3902 tina
265 3819 328 3904 sibi
347 3818 552 3934 imperandi
577 3813 753 3901 facultate
776 3838 850 3899 tta·
902 3838 941 3899 te
965 3814 1128 3900 -Burcnsi
1156 3841 1203 3897 ex
1236 3813 1365 3930 Brlgio
1381 3814 1610 3903 deductum.
1654 3841 1658 3845 ·

148 3936 299 4022 ditares
332 3937 433 4023 bello
465 3938 682 4022 necessarias
716 3950 846 4050 urget·
968 3934 1073 4018 XVI.
1149 3932 1353 4018 Praemissis
1412 3931 1611 4021 Salmonae
1687 3951 1688 3954 ‘

149 4053 321 4141 Alfonsus
336 4057 451 4143 Vives
470 4056 655 4169 Hispanas
676 4053 850 4138 cohortes
902 4050 1070 4166 Principe
1096 4065 1140 4135 ‘et
1177 4052 1349 4137 Antonio
1382 4051 1523 4135 Toleto
1553 4080 1611 4137 ex·

148 4165 187 4258 errx
213 4164 471 4288 Neapolitanis
504 4170 687 4288 praesidiis
732 4170 849 4257 dedu·
905 4167 1078 4285 plorandi
1094 4169 1238 4287 gratia,
1261 4169 1335 4283 ipse
1365 4196 1522 4282 quoque
1550 4198 1611 4288 ag-

146 4315 216 4377 ttas
256 4315 297 4375 et
345 4291 385 4374 in
420 4291 643 4377 Dalmatiam
685 4288 851 4401 trajecms
903 4318 993 4375 men
1030 4287 1216 4373 antecedit
1262 4283 1384 4370 castris
1430 4285 1611 4373 destinata

146 4405 311 4497 breviore
344 4410 405 4496 via
437 4410 475 4493 in
504 4408 753 4496 Germaniam
782 4408 847 4514 dus
904 4406 989 4493 loca
1038 4405 1377 4510 consideraturus3
1426 4405 1491 4491 sed
1538 4403 1611 4494 levi

146 4525 227 4631 cit3
282 4527 394 4613 ceteri
440 4555 506 4642 per
537 4528 763 4613 Tridentum
812 4547 851 4608 et
904 4521 1044 4638 praelio
1080 4520 1305 4628 commisse,
1327 4521 1462 4608 deinde
1497 4523 1614 4636 maio-ff

147 4644 428 4758 Oenspruchum
450 4646 524 4731 iter·
545 4646 739 4762 dirigunt,
768 4635 850 4758 quo
905 4642 935 4749 ri
971 4668 1130 4729 numero
1161 4639 1325 4725 hostium
1350 4638 1545 4757 ingruente
1561 4644 1617 4729 acl

145 4759 179 4848 in
209 4764 336 4852 itinere
368 4757 561 4853 lanzuete
584 4762 776 4880 oppidum
793 4762 852 4848 in:
905 4759 1033 4850 locum
1054 4759 1196 4860 vicastris
1223 4759 1417 4847 idoneum·
1434 4760 1616 4960 revertiig‘,

209 4909 211 4912 Α
1585 4905 1612 4960 l·
