4102 5864
535 390 871 470 CAROLIV.
913 391 1031 471 LIB.
1073 390 1244 472 XXVI.
1478 376 1563 488 385

165 545 408 655 litturum3
434 585 527 687 quo
563 548 723 647 timore
764 548 917 645 ductus
972 546 1182 646 Octavius
1231 543 1337 648 urbe
1385 547 1602 654 discessit.

162 701 336 793 Harum
373 727 520 790 rerum
555 689 714 792 certior
746 684 880 788 factus
913 688 1084 790 Paulus
1135 688 1435 793 molestissime
1486 694 1609 816 tulit,

164 835 288 975 quod
323 842 563 972 nepotesa
599 874 672 936 sua
708 832 935 931 voluntate
971 865 1014 930 et
1048 832 1232 933 consilio
1268 871 1431 973 suaque
1466 836 1613 977 digni

165 1012 254 1077 tate
289 972 520 1078 abhorrere
557 975 834 1075 viderentur.
882 986 1034 1113 Itaque
1079 976 1214 1075 missis
1263 975 1416 1076 litteris
1459 979 1610 1118 gravi

164 1114 408 1257 busque
366 1118 499 1237 viris,
539 1119 618 1259 qui
654 1119 892 1218 Octauium
928 1157 979 1215 ex
1014 1117 1117 1217 vico
1154 1118 1385 1217 Parmensi
1388 1159 1528 1259 ‚quo
1565 1163 1608 1223 se

161 1296 406 1399 receperat,
428 1297 680 1361 revocarent
695 1262 835 1399 ,ipse
853 1260 901 1359 in
937 1260 1148 1362 morbum
1185 1260 1480 1402 incidit,quo
1516 1302 1609 1363 non

161 1402 304 1500 multo
341 1437 440 1542 post
474 1400 696 1502 absumtus
732 1439 822 1523 est,
854 1440 973 1502 anno
1006 1399 1172 1504 Christi
1207 1402 1439 1504 millesimo
1476 1406 1608 1568 quin-

160 1543 403 1682 gentesimo
439 1545 775 1685 quadragesimo
810 1584 931 1645 nono
966 1584 1111 1646 mense
1147 1541 1441 1666 Novembri,
1483 1584 1528 1649 et
1561 1549 1608 1653 in

160 1694 250 1814 ejus
286 1687 509 1784 demortui
544 1686 693 1786 locum
729 1688 871 1821 Julius
906 1685 1076 1787 Tertius
1113 1684 1340 1788 suffectus
1552 1712 1554 1716 ’

230 1836 400 1925 LXII·
433 1840 551 1927 Cum
586 1834 642 1928 ad
677 1828 875 1990 Belgium
903 1828 1273 1990 Germaniamque
1308 1830 1532 1930 Carolus
1516 1846 1607 1966 Jar'n

158 1968 235 2067 diu
271 2005 613 2069 commoraretur
629 1971 870 2131 ,Hispania
904 2004 1051 2068 tamen
1086 1972 1228 2070 omnis
1256 1973 1495 2119 tranquilla
1531 2016 1607 2136 pa-

156 2148 207 2209 ce
215 2105 519 2231 fruebatur,
563 2112 736 2212 nemine
788 2151 868 2211 nec
904 2147 1207 2231 externorum,
1248 2151 1329 2213 nec
1366 2114 1605 2255 Hispaniae

154 2289 418 2394 procerum,
454 2291 505 2356 ut
541 2250 833 2419 superioribus
869 2255 1137 2395 temporibus
1173 2256 1418 2375 acciderat,
1453 2255 1605 2419 publi-

154 2436 252 2496 cam
288 2400 482 2539 quietem
518 2437 561 2500 et
597 2399 741 2500 otium
777 2399 1061 2519 solicitante,
1100 2438 1192 2498 non
1240 2400 1381 2500 solum
1426 2435 1602 2540 propter
1692 2490 1695 2496 ,

152 2549 311 2672 justam
352 2540 544 2683 Philippi
581 2542 813 2683 primum,
850 2542 1008 2644 deinde
1042 2475 1335 2641 ldaximiliani
1366 2577 1412 2646 et
1457 2542 1602 2643 uxoris

152 2682 322 2782 Mariae
358 2686 752 2822 procurationem,
790 2686 864 2786 sed
900 2683 1033 2783 etiam
1075 2718 1251 2825 propter
1288 2684 1524 2784 maximam
1560 2685 1604 2784 i

154 2825 271 2986 psius
313 2827 461 2927 Caroli
502 2827 744 2967 potentiam
788 2825 1209 2943 etauctoritatem,
1252 2865 1340 2965 qua
1390 2826 1604 2967 principes

1627 1483 1698 1558 Αιι.
1710 1506 1879 1562 ιιιιιιιι

153 2966 473 3108 optimatesque
509 3009 610 3070 cum
652 2967 985 3110 popularibus
974 3005 1021 3064 ιιι
1064 2966 1168 3097 juris
1203 2966 1512 3131 aequabilitate
1561 3002 1605 3071 et
1669 3062 1672 3067 .
1736 3061 1743 3076 .

153 3102 306 3208 officio
342 3109 706 3273 continebapturr
751 3150 834 3211 nrsr
885 3109 1009 3251 quod
1045 3146 1120 3208 ora
1156 3110 1380 3210 maritima
1422 3108 1605 3211 subinde

149 3256 394 3352 Turcarum
429 3252 615 3394 piraticis
651 3250 960 3371 infestabatur,
1002 3250 1246 3407 praesertim
1283 3253 1487 3394 Dragutis
1518 3253 1606 3355 Ibe·

150 3390 326 3519 ticum,
361 3394 678 3531 Tyrrhenum,
732 3396 1011 3533 Siculumque
1053 3433 1174 3494 mare
1222 3431 1324 3494 cum
1369 3396 1603 3535 longarum

148 3536 333 3638 navium
365 3537 491 3637 classe
525 3532 680 3638 infesta
719 3535 1021 3776 pervagantis
1074 3546 1218 3663 Hujus
1254 3531 1508 3676 perlugium
1557 3570 1602 3639 ιι

5 3674 14 3690 “
148 3678 469 3819 receptaculum
513 3694 602 3779 'erat
645 3686 718 3817 Ap
753 3679 971 3777 rodisium
1004 3715 1052 3775 ιιι
1087 3670 1260 3776 Africae
1296 3716 1372 3777 ora
1421 3676 1598 3779 mariti-

148 3855 258 3940 ma,
292 3861 386 3924 non
420 3822 554 3962 longe
589 3861 615 3920 a
651 3821 829 3935 Sicilia,
860 3817 962 3918 urbs
999 3817 1093 3960 agri
1130 3814 1278 3920 fertilis
1314 3855 1358 3918 et
1393 3818 1596 3938 amoeni,

149 4000 277 4100 opere
313 4001 356 4062 et
399 4001 551 4065 natura
586 3964 674 4065 loci
716 3964 1005 4106 permunitar
1053 3961 1234 4104 quippe
1256 3962 1303 4062 in
1348 3986 1469 4063 saxea
1519 3962 1600 4066 lin

146 4103 319 4244 gula
288 4140 367 4204 sita
403 4145 535 4228 erat,
572 4148 622 4207 ac
673 4105 1033 4211 ducentorum
996 4125 1166 4206 circiter
1213 4144 1412 4246 passuum
1457 4105 1600 4248 spatio
1666 4171 1672 4183 ·

145 4287 174 4347 a
206 4280 318 4346 terra
354 4250 535 4374 relicto,
574 4292 716 4392 eoque
751 4255 923 4394 duplice
959 4269 1089 4351 muro
1122 4253 1336 4371 munito,
1372 4287 1510 4350 cetera
1541 4248 1599 4350 ab

48 4418 51 4427 ’
146 4386 294 4489 luente
331 4394 472 4512 mari,
509 4394 729 4553 peninsula
766 4393 927 4539 fiebat.

221 4540 370 4632 LXIII.
444 4543 566 4634 Haec
602 4534 791 4653 civitas,
829 4562 931 4636 curn
969 4573 1074 4638 esset
1110 4536 1236 4641 sub
1224 4535 1407 4680 imperio
1444 4575 1486 4640 et
1523 4533 1595 4638 di

146 4666 402 4920 tioqpss
307 4685 488 4816 Regum
521 4611 868 4803 Tunetensirim,
902 4679 959 4782 ab
994 4691 1181 4785 Hazeno
1210 4683 1380 4813 crudeli
1418 4719 1461 4783 et
1496 4720 1597 4781 ava-

260 4826 391 4918 omn
1058 4835 1149 4925 Ccc
1545 4858 1597 4920 ro
