4124 5880
1516 429 1596 515 ος,

232 624 354 771 10.
417 619 802 810 (aeuus-11
862 614 1509 763 sapunvnoart

449 887 573 998 or
628 887 908 1000 araus
957 886 1283 1035 Garris

240 1082 842 1290 oan'ort
931 1129 1490 1323 Qururr

298 1428 727 1512 IMPERATORIS
762 1431 842 1510 ET
870 1436 1046 1511 REGIS
1080 1435 1426 1518 HISPANIAE

336 1733 551 1838 LIBER
587 1716 932 1840 DECIMUS
976 1732 1371 1843 SEPTIMUS.

157 2025 191 2115 1.
236 1944 504 2117 EODEM
536 2053 656 2114 anno
683 2010 925 2115 Florentius
957 2016 1249 2156 Egmundus‚
1272 2007 1468 2116 Burensis
1500 2024 1623 2119 Co!

91 2190 250 2275 ntes,
286 2158 335 2258 in
372 2158 514 2260 Gallia
548 2159 757 2301 Belgica,
793 2197 908 2299 quae
944 2160 1095 2259 Caroli
1131 2160 1307 2260 ditionis
1345 2195 1438 2279 est,
1471 2201 1591 2261 exer-

87 2300 220 2401 citu
255 2303 397 2442 gentis
434 2312 526 2433 ejus
563 2313 971 2442 Germanorumque
1005 2339 1198 2422 coact0,
1233 2299 1350 2411 hunc
1386 2303 1584 2405 volunta-

86 2478 167 2544 te
207 2455 415 2586 jussuque
451 2444 602 2548 Caroli
636 2447 682 2547 in
718 2444 824 2548 fines
859 2448 1003 2588 regios
1045 2447 1257 2565 inducit,
1292 2461 1592 2588 sanctumque

71 2589 314 2689 I'aulum
350 2590 553 2731 (oppido
604 2589 653 2689 id
704 2630 869 2691 nomen
905 2596 1000 2727 est)
1025 2593 1159 2730 quod
1208 2591 1426 2730 praesidio
1479 2629 1618 2731 qua„

69 2767 230 2832 tuor
267 2733 462 2835 millium
498 2770 884 2876 propugnatorum
921 2732 1182 2853 tenebatur,
1219 2771 1472 2875 oppugnare
1507 2774 1590 2876 ag-

75 2914 332 3021 gressus,
368 2913 575 3019 parteque
611 2917 727 2978 murt
758 2879 996 2979 ‘tormentis
1032 2911 1276 3019 prostrata,
1312 2914 1462 3017 copias
1497 2914 1591 2980 tm·

70 3019 273 3127 mittit
303 3059 316 3129 3
350 3018 548 3123 hostibus
584 3059 735 3124 autem
769 3062 932 3167 magna
966 3021 1014 3123 vi
1048 3017 1378 3141 resistentibus,
1414 3060 1590 3164 pugna«
1696 3117 1702 3122 .

86 3201 227 3268 tum
264 3199 328 3263 est
363 3166 519 3268 acriter
554 3167 764 3308 utrinque
798 3245 813 3287 ,
858 3169 1002 3267 donec
1043 3163 1202 3267 cohors
1238 3178 1590 3285 Germanorum,

90 3306 228 3445 qul,
246 3343 344 3408 ante
380 3311 602 3451 oppidum
636 3311 684 3411 in
719 3311 812 3410 acie
847 3308 1161 3428 substiterant,
1204 3308 1469 3412 Caesarianis
1504 3347 1590 3408 au·-

14 3471 22 3478 ’
88 3446 233 3556 xdio
271 3452 421 3554 venit.
461 3461 586 3556 Tum
629 3492 736 3556 vero
772 3453 915 3555 hostes
950 3450 1085 3572 fusi,
1129 3489 1172 3553 er
1207 3449 1296 3553 fere
1340 3491 1494 3552 omnes
1530 3451 1589 3552 ad

96 3592 476 3699 internecionem
518 3596 673 3721 caesi,
711 3598 758 3705 in
794 3597 953 3739 quibus
993 3596 1181 3698 sexcenti
1219 3595 1415 3736 amplius·
1443 3594 1589 3696 hone·

95 3764 197 3834 sto
234 3740 336 3840 loco
371 3741 467 3841 nati
509 3741 595 3843 viri
620 3734 894 3859 desiderati,
930 3741 1060 3881 pauci
1093 3780 1181 3840 sese
1214 3739 1264 3839 in
1299 3776 1440 3842 arcem
1475 3777 1590 3839 rece-

88 3906 329 4002 perunt3
374 3885 456 4024 qui
505 3921 653 3986 tamen
694 3894 787 4018 ejus
819 3882 1077 3999 infirmitati
1117 3877 1366 3984 diffidentes
1403 3961 1419 4002 ‚
1455 3916 1589 4020 atque

86 4018 260 4168 rebus
305 4027 531 4167 desperatis
573 4106 588 4150 ,
642 4026 975 4171 oppugnatione
1009 4067 1101 4129 non
1150 4062 1429 4169 exspectata,
1465 4024 1589 4124 dedi-

80 4179 183 4313 τις)
192 4205 301 4275 nem
337 4163 505 4291 fecere,
540 4213 671 4313 seque
707 4173 1013 4277 invictorum
1055 4206 1315 4315 potestatem
1352 4169 1443 4271 sine
1476 4207 1589 4269 con-

70 4293 303 4411 datione
340 4315 661 4454 permiserunts
696 4317 915 4456 oppidum
952 4353 1100 4419 autem
1121 4318 1373 4455 direptum,
1401 4351 1444 4414 et
1479 4351 1588 4413 con-

67 4456 332 4590 sequenti
373 4495 503 4559 nocte
539 4460 811 4579 incensum,
848 4460 864 4557 i
898 4460 978 4577 ni,
1011 4459 1227 4558 incertum
1263 4498 1289 4558 a
1325 4457 1592 4600 quibusdam

65 4589 305 4698 Gallicis
340 4600 556 4703 militibus
589 4684 605 4725 ‚
649 4603 729 4744 qui
764 4603 821 4704 ad
855 4499 986 4704 Musas
1023 4599 1285 4743 diffugerant
1319 4681 1332 4723 ,
1371 4602 1480 4703 dum
1516 4603 1592 4702 in-

73 4740 285 4840 cendio
321 4748 546 4888 occupatis
576 4746 776 4849 hostibus
815 4741 977 4850 facilius
1013 4786 1099 4849 sese
1127 4743 1315 4888 effugere
1353 4787 1478 4887 posse
1513 4784 1595 4886 pu-

148 4943 160 4963 ·
200 4883 319 4988 Tum.
341 4899 399 4987 tr.
658 4946 662 4954 =
1198 4905 1243 4991 D
1497 4923 1601 4983 fta·
