4102 5864
501 456 831 542 CAROLIV.
874 458 993 536 LIB.
1038 460 1233 539 XXVII.
1452 465 1534 566 409

109 610 217 715 siam
273 562 562 715 universalem
612 615 785 776 optima
836 613 1063 715 voluntate
1114 652 1157 715 et
1208 611 1406 733 studio,
1455 618 1566 720 nibil

109 798 197 857 esse
234 837 249 877 ,
286 760 410 899 quod
445 757 692 900 gravissimi
728 765 889 857 Patres
907 756 1202 876 dubitarent,
1242 760 1320 899 qui
1355 756 1565 864 officiaa

108 902 273 1004 Galliae
305 899 503 1042 Regibus
538 899 780 1034 majoribus
815 901 899 1001 suis
935 903 1079 1005 eidem
1113 904 1326 1023 Ecclesiae
1360 909 1563 1042 praestita

104 1083 201 1145 non
252 1045 548 1186 ignorarent,
591 1049 707 1146 unde
756 1084 1037 1186 cognomen
1057 1046 1114 1146 eis
1165 1053 1561 1152 Christianirsimorum

104 1133 329 1292 inditum:
362 1224 509 1328 petere
543 1190 682 1330 igitur
721 1223 765 1288 et
798 1189 1041 1309 obtestari,
1084 1223 1133 1288 ut
1167 1188 1348 1328 incepto
1372 1191 1560 1294 desiste-

106 1366 204 1430 rent
238 1369 429 1474 ,atque
465 1334 512 1432 id
549 1328 751 1433 officium
799 1332 1012 1432 Ecclesiae
1046 1332 1333 1435 necessarium
1367 1333 1416 1434 in
1446 1372 1559 1441 tran

105 1474 311 1615 quilliora
346 1510 545 1617 tempora
581 1477 832 1608 rejicerent.

176 1627 232 1719 V.
306 1626 456 1760 Atque
506 1617 611 1718 haec
647 1619 831 1758 quidem
868 1659 923 1719 eo
959 1618 1060 1721 loco
1113 1622 1229 1762 apud
1266 1620 1556 1726 sanctissimos

105 1765 299 1883 Patres,
337 1762 496 1901 quibus
531 1801 595 1861 res
648 1800 755 1862 nota
808 1797 899 1863 erat
951 1801 995 1862 et
1029 1765 1163 1903 Regis
1201 1764 1371 1863 animus
1408 1769 1557 1868 multis

103 1900 377 2004 documentis
414 1942 702 2044 perspector,
739 1945 813 2046 per
848 1905 1043 2065 legatum
1080 1906 1181 2007 ficta
1218 1908 1416 2007 oratione
1458 1950 1557 2010 me·

102 2049 349 2148 moravit.
376 2057 500 2146 Nam
536 2043 785 2148 Pontifex
774 2058 952 2176 rujurras
989 2126 1003 2168 ,
1046 2088 1158 2188 quae
1194 2050 1278 2152 sibi
1327 2087 1371 2150 et
1403 2053 1556 2152 Eccle-

101 2187 189 2287 siae
226 2204 350 2332 Rege
387 2193 484 2333 ipso
521 2231 697 2293 auctore
745 2187 1139 2311 inferebantur,
1124 2233 1217 2325 Jure
1266 2193 1449 2293 naturali
1485 2235 1556 2297 re-

100 2330 320 2469 pellebat,
347 2370 389 2434 et
423 2336 607 2437 Carolus
643 2348 799 2435 Caesar
815 2332 946 2434 nihil
984 2338 1121 2473 magis
1158 2337 1389 2477 cupiebat,
1417 2379 1554 2500 quam

101 2510 150 2572 ut
186 2478 383 2617 undique
419 2473 759 2620 frequentissimi
795 2479 1002 2619 Episcopi
1037 2481 1302 2581 Tridentum
1343 2483 1554 2583 conveni

99 2655 224 2720 rent.
269 2622 343 2736 Ad
379 2662 600 2722 summam
636 2662 696 2722 src
732 2661 824 2764 egit
860 2661 933 2785 per
968 2624 1160 2763 legatum
1197 2623 1469 2743 Henricus,
1505 2660 1555 2726 ut

99 2759 169 2862 in
185 2803 229 2863 re
266 2804 358 2865 non
382 2768 522 2868 modo
559 2766 700 2882 seria,
720 2767 795 2865 sed
831 2767 965 2867 etiam
1000 2802 1269 2867 sacrosancta
1305 2767 1440 2904 impie
1481 2769 1552 2866 lu

101 2906 250 3023 dere,
286 2947 331 3010 et
365 2911 674 3028 Concilium,
711 2911 835 3049 quod
885 2910 1020 3010 totius
1071 2910 1282 3011 Ecclesiae
1320 2949 1554 3071 personam

95 3049 327 3171 sustinet,
364 3053 556 3154 ludibrio
606 2987 764 3152 habere
813 3051 1058 3154 videretur.
1115 3052 1332 3188 Henricus
1383 3053 1551 3194 igitur,

98 3196 280 3294 Octavii
314 3198 561 3335 patrocinio
596 3232 831 3338 suscepto,
866 3195 1076 3355 rebusque
1112 3196 1393 3313 constitutis,
1428 3230 1552 3294 octo

97 3336 219 3475 ginta
268 3379 502 3440 aureorum
555 3375 865 3441 coronatorum
914 3339 1052 3439 millia
1107 3340 1149 3438 ei
1203 3377 1278 3479 per
1314 3339 1554 3438 Horatium

98 3481 340 3583 Farnesium
388 3478 567 3585 fratrem
616 3483 758 3586 Castri
799 3496 973 3584 Ducem
1022 3483 1243 3622 stipendio
1290 3479 1478 3579 mittite
1514 3491 1551 3578 Is

100 3623 267 3745 enim,
305 3665 356 3726 ut
392 3666 518 3769 supra
552 3663 847 3729 memoratum
883 3662 985 3745 est,
1039 3625 1258 3725 amicitiae
1307 3623 1421 3722 inter
1474 3663 1549 3723 eos

97 3802 142 3865 et
178 3703 397 3869 clieirtelae
433 3771 778 3870 conciliandae
767 3807 975 3909 interpres
1010 3805 1054 3868 ct
1089 3805 1251 3890 auctor
1275 3760 1445 3883 fuerat,
1477 3765 1550 3866 cui

99 3908 278 4010 vivente
314 3955 399 4015 avo
435 3913 571 4014 Paulo
598 3911 808 4014 Pontifice
843 3924 940 4015 Rex
979 3912 1100 4013 idem
1135 3908 1353 4014 amicitiae
1389 3906 1553 4007 conlit-

95 4053 284 4155 mandae
318 4058 457 4195 gratia
493 4055 630 4155 filiam
665 4054 851 4157 notham
887 4092 1053 4157 novem
1095 4093 1313 4156 annorum
1365 4050 1552 4189 puellam

97 4182 419 4335 desponderat.
469 4200 683 4302 Horatius
721 4235 948 4339 ,accepta
983 4200 1208 4362 pecunia,
1246 4196 1395 4296 navim
1439 4231 1550 4292 con

87 4339 307 4440 vstendit·
298 4409 310 4451 ,
346 4377 389 4441 et
426 4381 502 4441 ora
536 4342 790 4484 Ligustica,
824 4383 878 4441 ne
915 4342 964 4442 in
999 4342 1277 4441 Caesarianos
1313 4337 1550 4454 incideret,

103 4480 268 4602 vitata,
303 4485 351 4586 in
387 4484 491 4587 fines
525 4486 793 4586 Florentinos
829 4485 992 4585 delatus
1028 4521 1090 4583 est
1107 4482 1296 4623 ,ibique
1331 4488 1434 4580 cum
1472 4519 1552 4620 pe-

102 4625 232 4723 cunia
285 4626 653 4769 comprehensus.
705 4642 913 4731 Ceterum
964 4640 1151 4730 Cosmus
1206 4624 1555 4727 Florentinorum
1682 4757 1690 4767 ,

93 4779 254 5014 Dmg,
240 4811 565 4913 ,quamquam
600 4807 690 4875 crat
725 4771 877 4873 Caroli
911 4771 1082 4894 cliens,
1067 4769 1258 5014 ,nolgit
1293 4805 1441 4873 tamen
1476 4804 1557 4864 suo

218 4952 289 5013 um
309 4925 363 5014 Π.
1153 4927 1181 5016 Ρ
1517 4945 1565 5007 m
