4110 5888
610 391 1112 466 SUMMARIUM·
1498 409 1594 477 XIII.

150 521 224 606 bet.
259 523 318 603 Ex
333 524 449 637 portu
462 519 631 603 Exclusa
644 521 860 606 Zelandiam
917 514 1017 602 fama
1064 550 1130 635 pet
1162 523 1384 637 Hispaniam-
1427 528 1621 643 dissipata,

151 663 187 722 et
214 638 462 724 Hollandiam
500 639 673 755 navigat.
724 644 860 753 Hagae
917 668 1061 754 magno
1107 640 1245 763 timore·
1286 664 1418 728 omnes
1457 645 1622 735 afficiun-

149 757 346 861 Comitum
362 756 586 841 Hollandiae
602 782 640 842 ct
660 757 860 842 Zelandiae
917 782 1014 858 tur,
1048 757 1258 872 gravissima
1288 760 1416 845 animo
1462 769 1622 880 pericula

150 875 305 958 concilia
329 874 490 960 celebrat
513 903 525 975 3
551 876 861 990 Gandavumque
917 876 1209 987 perpendentes.
1258 879 1445 964 Maximus
1496 884 1624 1001 itaque

146 1023 315 1078 reversus
370 991 610 1076 Valentianas
670 996 860 1109 progredi·
919 992 1089 1104 peditum
1121 995 1367 1109 equitumque
1400 1028 1623 1090 numerusa

152 1135 210 1195 tur
239 1173 251 1216 ,
284 1111 353 1196 iter
394 1110 705 1196 inGermaniam
744 1109 860 1198 Iactu-
919 1110 1199 1225 Magistratibus
1230 1114 1471 1226 imperatur,
1508 1120 1625 1207 idem·

150 1258 225 1313 rus.
918 1255 994 1341 que
1026 1234 1199 1314 Proceres
1237 1229 1377 1317 faciunt
1404 1233 1453 1320 ad
1479 1237 1624 1352 Calpen

220 1349 325 1430 XVI.
401 1351 503 1431 Inter
548 1347 640 1432 haec
681 1351 862 1466 Azenaga
918 1345 1188 1458 recipiendam.

154 1466 343 1550 eunuchus
374 1525 386 1568 ,
418 1464 529 1548 classe
561 1495 752 1583 manuque
775 1497 863 1552 coa·
978 1466 1101 1548 XXII.
1161 1467 1411 1553 bernardinus
1427 1472 1624 1562 Mendoza

153 1607 211 1666 cta
243 1651 254 1683 ,
282 1583 337 1667 his
369 1583 631 1667 Alihamatum
678 1611 718 1670 et
749 1591 862 1670 Cara·
918 1580 1142 1696 Hispanicae
1169 1584 1286 1668 classis
1303 1583 1510 1697 praefectus
1528 1622 1626 1706 prae·

151 1702 359 1784 maminum
384 1699 574 1813 praeficit,
593 1728 632 1786 et
662 1705 863 1816 Hispaniae
919 1699 969 1782 lio
982 1729 1069 1785 cum
1086 1703 1217 1786 Turcis
1242 1704 1439 1789 decernere
1461 1712 1627 1821 cupiens,

152 1849 255 1902 oram
287 1819 445 1933 piraticis
476 1817 743 1905 incursionibus
776 1820 862 1905 infe-
919 1819 1093 1904 Otanum
1123 1821 1252 1923 venit,
1270 1822 1405 1906 deinde
1422 1826 1629 1935 Melillam,

153 1960 247 2021 stare
272 1936 403 2047 jubet,
433 1937 647 2021 Ahibaxum
678 1937 862 2046 imitatos,
918 1965 1109 2050 postremo
1140 1939 1376 2023 Arboranam
1400 1970 1559 2053 parvam,
1573 1947 1628 2029 in·
1756 1980 1761 1986 ·

152 2055 215 2168 qui
248 2056 361 2140 tertio
377 2106 382 2112 ·
400 2080 488 2139 ante
533 2084 637 2140 anno
669 2056 864 2145 Valentiae
919 2053 1037 2137 sulam
1091 2057 1277 2168 procedit.
1333 2057 1492 2141 Paulum
1539 2062 1628 2149 inde

154 2174 299 2257 Gratim
332 2172 552 2287 diripuerat.
918 2200 1161 2287 progressus,
1190 2198 1386 2286 prospecta
1417 2181 1629 2266 Turcarum

195 2295 318 2377 XVII.
364 2291 598 2376 Alihamarus
613 2291 756 2409 itaque,
776 2324 878 2380 cum¹
918 2289 1029 2374 classe
1060 2353 1072 2396 ,
1099 2292 1194 2376 citra
1219 2290 1375 2375 insulam
1402 2322 1484 2379 suas
1513 2326 1628 2385 naves

154 2404 246 2494 falso
288 2410 523 2495 nuntiaretur
568 2435 660 2496 octo
691 2414 864 2527 Hispani·
918 2408 1054 2495 teverti
1090 2409 1213 2519 jubet.

155 2555 210 2611 cas
244 2528 411 2612 triremes
454 2527 492 2610 in
532 2527 668 2641 Calpes
710 2556 866 2643 portum
977 2528 1113 2611 XXIII.
1175 2528 1239 2612 Ad
1273 2527 1429 2614 insulam
1462 2560 1629 2622 reversus

152 2673 226 2731 csse
253 2645 493 2759 compulsas,
511 2670 665 2758 portum
688 2650 864 2733 eumdem
918 2674 1004 2729 suos
1018 2646 1068 2731 ad
1095 2674 1262 2762 pugnam
1278 2648 1514 2754 cohortatur,
1534 2682 1633 2767 prae·

152 2765 271 2849 multa
299 2764 374 2877 jam
407 2788 519 2848 nocte
553 2763 651 2848 subit
678 2825 690 2868 ,
714 2791 753 2850 et
786 2767 863 2850 nul·
918 2762 1065 2848 donum
1080 2763 1214 2877 injuriis
1229 2826 1241 2869 ,
1258 2765 1632 2885 Cltristianorumque

56 2911 60 2916 ’
153 2880 289 2966 lisfere
311 2881 468 2966 navibus
489 2881 663 2995 repertis,
682 2883 865 2996 oppidum
918 2879 1036 2993 gloria
1063 2907 1102 2965 et
1132 2882 1270 2968 virtute
1298 2885 1513 2996 propositis.
1566 2930 1569 2934 ·

156 3000 311 3114 diripere
342 3000 551 3086 constituit.
919 3053 921 3057 .
978 3000 1123 3082 XXIV.
1185 3003 1331 3082 Turcae
1346 3061 1358 3104 ,
1372 3028 1465 3084 num
1487 3004 1539 3088 ad
1563 3037 1628 3119 pu·

214 3120 359 3203 xvul:
413 3118 549 3230 Calpes
581 3118 745 3225 montis,
762 3123 864 3235 oppi·
919 3145 1032 3232 gnam
1059 3115 1124 3200 sibi
1157 3117 1202 3201 sit
1214 3116 1497 3230 procedendum
1514 3182 1526 3227 ,
1541 3123 1630 3208 deli-

157 3235 217 3340 di,
235 3263 274 3322 et
302 3235 392 3320 arcis
421 3234 618 3348 descriptio
636 3237 766 3350 ,cujus
782 3270 861 3324 mu·
919 3234 1089 3321 berantes
1106 3296 1118 3339 ,
1134 3236 1293 3319 sortibus
1316 3265 1385 3318 suo
1409 3265 1514 3322 more
1537 3269 1624 3324 con·

158 3381 216 3438 tus
248 3353 436 3441 nonnullis
470 3355 509 3439 in
542 3353 631 3439 locis
677 3356 866 3473 neglectus
919 3352 1047 3437 sulunt
1077 3414 1090 3458 ,
1118 3377 1158 3436 et
1186 3355 1236 3438 ad
1264 3352 1492 3461 Christianos
1523 3387 1624 3471 prae·

160 3499 368 3560 corruerat.
918 3469 969 3555 lio
1002 3470 1231 3558 lacessendos
1260 3470 1339 3555 acie
1375 3471 1551 3559 instructa
1581 3472 1629 3560 fe·

212 3594 319 3677 XIX.
382 3595 440 3676 Ea
469 3613 573 3706 parte
600 3618 716 3678 naves
745 3594 864 3708 appel·
920 3613 1073 3675 runtur.
1497 3628 1498 3631 Ν

159 3706 265 3816 lunt,
294 3735 409 3825 atque
457 3709 730 3795 excubitoribus
774 3712 866 3797 dolo
980 3709 1108 3792 XXV.
1170 3707 1418 3792 bernardinus
1460 3736 1506 3795 ex
1536 3710 1630 3796 insu·

161 3826 318 3942 deceptis
357 3891 370 3931 ,
406 3829 566 3913 sexcenti
597 3827 728 3914 milites
770 3830 866 3915 duce
919 3821 956 3908 la
979 3856 1062 3909 suas
1092 3852 1206 3909 naves
1235 3826 1388 3930 educit,
1424 3850 1463 3910 et
1494 3855 1632 3941 magna

159 3947 423 4031 Caramamino
450 3975 515 4059 per
546 3946 750 4059 interrupta
785 3977 866 4032 mu·
920 3943 1107 4028 celeritate
1163 3967 1278 4057 atque
1321 3943 1463 4056 impetu
1528 3946 1632 4031 inve-

157 4090 286 4150 torum
313 4063 459 4148 immissi
485 4060 678 4148 feruntur.
920 4085 1028 4165 ctus,
1055 4060 1192 4145 eodem
1224 4057 1300 4145 fere
1349 4059 1525 4171 temporis
1569 4091 1634 4147 ve-

213 4185 307 4266 XX.
365 4181 558 4296 Oppidani
588 4178 783 4266 fortissime
813 4182 868 4267 di·
921 4179 1030 4296 stigio
1062 4175 1355 4292 frequentissima
1388 4176 1466 4279 ¹tela
1501 4174 1636 4289 jacula·

158 4299 315 4384 micant.
366 4303 542 4404 Hostes,
576 4304 702 4383 Turca
746 4301 865 4385 conci·
920 4321 1009 4383 tur.
1043 4300 1081 4383 A
1113 4296 1259 4380 duabus
1286 4292 1514 4397 triremibus,
1532 4326 1633 4409 prae-

56 4430 58 4434 ’
156 4418 272 4502 dente
297 4479 309 4520 ,
338 4417 403 4531 qui
434 4416 580 4533 signum
612 4414 867 4530 praeferebat,
921 4416 1045 4516 toria,
1078 4438 1118 4498 et
1160 4410 1410 4495 Caramamini
1439 4441 1636 4530 oppugna-

158 4534 348 4620 conterriti
378 4536 427 4619 ad
466 4564 580 4622 naves
610 4562 698 4619 cum
729 4535 868 4648 praeda
921 4556 982 4616 tus
1003 4532 1106 4644 ipse,
1134 4527 1306 4612 solertem
1329 4529 1512 4613 rationem
1542 4531 1629 4639 init,

162 4678 200 4737 ct
229 4653 381 4766 captivis
407 4654 656 4743 reducuntur.
921 4680 999 4765 qua
1026 4676 1114 4731 cum
1147 4676 1224 4731 una
1254 4646 1504 4730 Catamamini
1535 4679 1628 4762 qua-

232 4773 335 4859 XXI.
411 4771 536 4887 Hujus
582 4772 868 4889 expugnationis
922 4766 1084 4859 driremis
1117 4795 1183 4853 sua
1212 4763 1410 4881 confligat.
1458 4767 1638 4853 Hostium

1557 4909 1631 4968 tna-
