4102 5864
425 434 512 544 382
791 442 873 523 us
914 440 1129 523 nanus
1176 437 1402 524 cssrts

373 564 643 763 indulgens,
678 591 830 739 iraque
867 597 1049 738 flagrans
1085 676 1100 719 ,
1138 593 1421 737 quomodo
1409 634 1457 697 m
1507 632 1704 703 auctores
1758 628 1852 706 no*

372 745 469 846 xiae
501 740 799 861 vindicaret,
833 742 987 841 animo
1023 739 1254 882 agitabat
1246 808 1279 848 ‚
1293 741 1367 839 sed
1403 739 1599 879 primum
1633 747 1851 853 omnium

372 886 636 990 Placentiam
672 884 754 987 sibi
784 819 1132 1027 iecuperandam
1170 925 1255 984 esse
1292 882 1533 986 statuebat.
1583 896 1683 985 Hac
1719 892 1848 993 enim
1960 932 1966 939 ·’

371 1067 584 1169 recepta,
627 1065 931 1169 praeterquam
969 1029 1143 1169 quod
1131 1062 1291 1156 jactura
1327 1067 1379 1126 ex
1431 1064 1552 1166 parte
1589 1031 1848 1154 sarciretur,

373 1208 517 1272 cetera
553 1171 601 1271 in
637 1172 825 1309 proclivi
861 1167 957 1271 fore
1009 1167 1296 1270 confidebat.
1353 1180 1490 1301 Cujus
1526 1170 1588 1270 rei
1622 1212 1746 1273 causa
1782 1180 1848 1277 ad

375 1315 586 1416 Carolum
630 1325 861 1414 Caesarem
895 1312 1152 1445 hujusmodi
1183 1312 1450 1452 legationem
1487 1314 1650 1414 misit:
1687 1324 1851 1435 „Non

371 1533 406 1580 „
425 1497 469 1557 se
506 1457 741 1575 dubitare,
775 1458 886 1597 quin
923 1457 1110 1556 Carolus
1146 1468 1303 1557 Caesar
1340 1493 1420 1593 pro
1457 1493 1531 1555 sua
1566 1455 1849 1561 humanitate

376 1674 408 1721 „
425 1635 469 1698 et
514 1599 678 1730 justitia
724 1598 1013 1699 miserabilem
1050 1599 1165 1697 Petri
1202 1597 1361 1699 Aloisii
1416 1598 1728 1701 sceleratorum
1778 1604 1849 1705 ci·-

376 1742 549 1864 „vium
589 1741 754 1841 insidiis
790 1741 1084 1842 crudelissime
1119 1740 1174 1840 ad
1210 1740 1473 1840 Placentiam
1510 1744 1652 1843 necati
1688 1784 1846 1849 casum

377 1961 409 2006 „
425 1887 576 1988 acerbe
627 1885 896 2047 molesteque
947 1884 1143 2001 tulerit,
1180 1922 1317 2024 quem
1357 1883 1447 2024 ipse
1498 1887 1654 1985 Paulus
1692 1963 1709 2004 ,
1747 1927 1843 2028 quo

374 2028 665 2169 „posteritati
700 2028 926 2175 utriusque
961 2026 1193 2128 communi
1229 2028 1517 2147 consuleret,
1562 2037 1746 2129 Parmae
1795 2066 1841 2131 et

371 2170 665 2291 „Placentiae
701 2164 1016 2271 Ecclesiasticae
1062 2168 1238 2271 ditionis
1275 2166 1456 2270 urbium
1491 2209 1571 2269 suo
1606 2181 1703 2304 jure
1740 2183 1842 2272 Du

327 2436 331 2440 ι
372 2351 516 2434 „cem
549 2314 874 2422 constituisseta
926 2310 1113 2454 proinde
1164 2349 1362 2453 rogare,
1400 2349 1444 2413 et
1480 2350 1562 2454 pro
1613 2313 1837 2414 amicitiae

376 2457 882 2616 „necessitudinisque
868 2494 958 2587 Jurc
995 2455 1248 2596 postulare,
1279 2494 1335 2552 ne
1370 2491 1624 2596 gravaretur
1661 2457 1836 2559 Placen

372 2597 559 2719 „tiam,
597 2639 623 2698 a
659 2595 878 2739 praefecto
913 2599 1138 2698 Pernando
1166 2608 1378 2768 Gonzaga
1414 2599 1721 2739 militibusque
1755 2601 1835 2700 suis

372 2815 404 2862 „
419 2777 712 2882 occupatam,
749 2741 834 2842 sibi
869 2777 913 2842 et
948 2741 1194 2860 Ecclesiae,
1228 2776 1278 2839 ut
1312 2751 1378 2871 jus
1414 2776 1458 2841 et
1494 2736 1556 2841 fas
1593 2777 1735 2860 esset,
1767 2780 1836 2843 re

372 2885 618 3004 „stituere
636 2903 666 2947 “
702 2886 783 2985 Sed
819 2925 869 2985 ea
903 2884 1069 3045 legatiq
1103 2921 1255 3054 patum
1292 2881 1483 3045 benigne
1519 2883 1668 2984 audita
1708 2921 1771 2984 est
1805 2925 1830 2983 a

375 3027 573 3146 Carolo,
610 3027 877 3127 Placentiam
913 3026 1245 3127 Ecclesiastici
1231 3027 1335 3159 Juris
1372 3066 1458 3126 esse
1493 3063 1712 3167 negante

447 3177 608 3270 LVII
656 3170 873 3269 Paulus
862 3169 1044 3311 agitur,
1080 3168 1244 3270 doloris
1296 3209 1345 3269 ac
1397 3170 1646 3269 iracundiae
1699 3168 1834 3269 causis

374 3309 732 3453 augescentibus,
757 3314 1010 3414 conandum
1046 3310 1131 3411 sibi
1167 3310 1342 3430 stantit,
1367 3346 1419 3410 ut
1454 3312 1708 3414 Concilium
1743 3313 1837 3412 Tri·

376 3454 610 3556 deminum
646 3453 977 3576 dimittetetur,
1007 3455 1132 3594 quod
1167 3453 1392 3559 levissimis
1429 3453 1582 3552 illatis
1579 3454 1776 3572 causis,
1800 3489 1845 3554 et
1988 3490 1989 3494 ‘

375 3598 526 3697 multis
561 3599 787 3738 Episcopis
825 3596 1237 3716 reclamantibus,
1225 3607 1343 3736 tpso
1368 3633 1443 3737 per
1479 3606 1666 3736 Legatos
1706 3635 1842 3717 suos,

375 3740 455 3876 qui
492 3742 698 3841 Concilio
736 3738 1093 3880 praesidebant,
1130 3739 1340 3838 moliente
1382 3738 1634 3838 translatum
1694 3731 1845 3840 fuerat

373 3883 669 4004 Bononiam,
715 3882 1034 3982 Ecclesiasticae
1085 3881 1267 3981 ditionis
1314 3878 1515 3998 urbem,
1556 3920 1649 4020 quo
1705 3922 1850 3983 essent

377 4028 527 4126 omnia
578 4026 626 4124 in
677 4025 812 4164 ipsius
866 4058 1127 4164 potestate
1118 4090 1131 4130 ‚
1185 4061 1282 4123 tum
1331 4059 1381 4123 ut
1431 3957 1598 4122 Caiolo
1634 4026 1850 4143 Caesari,
1997 4117 1999 4127 ἦ

378 4209 514 4310 quem
561 4210 586 4268 a
640 4167 823 4267 consilio
859 4167 974 4265 Petri
1012 4163 1173 4266 Aloisii
1225 4164 1449 4283 necandi,
1491 4202 1549 4264 et
1572 4165 1853 4266 Placentiam
1998 4202 2000 4221 ⁵

379 4311 661 4474 occupandi
660 4349 753 4411 non
765 4308 1061 4411 abhorruisse
1098 4306 1182 4407 sibi
1216 4341 1519 4448 persuaserat,
1554 4346 1648 4407 rem
1685 4305 1853 4408 faceret

377 4453 764 4592 ingratissimam,
801 4489 899 4554 tum
950 4489 999 4551 ut
1034 4450 1230 4554 Concilii
1265 4451 1583 4551 restituendi
1571 4450 1856 4552 invitamen-

379 4632 430 4695 to
470 4597 534 4694 ad
572 4599 919 4736 extorquendam
969 4596 1011 4694 ei
1046 4594 1308 4694 Placentiam
1347 4575 1629 4694 abuteretur.
1648 4580 1854 4756 ‘Itaque
1998 4701 1999 4704 w

326 4851 330 4857 ,
379 4736 629 4846 Bononiam
664 4743 721 4851 ad
760 4781 858 4841 suos
893 4749 1083 4880 Legatos
1120 4736 1315 4838 Concilii
1338 4738 1561 4881 praesides
1597 4737 1772 4859 mittit,
1808 4778 1854 4840 et

1734 4883 1852 5027 quid
1997 4903 1998 4908 '
