4110 5888
462 371 587 447 LXVI.
906 374 1409 451 SUMMARIUM.

438 532 484 592 te
512 505 690 621 speranti
720 506 914 596 avaritiam
946 506 1115 595 cohibet
1204 505 1260 594 bis
1287 534 1353 623 per
1388 530 1531 593 novem
1554 527 1699 592 menses
1732 497 1824 592 nulli
1853 527 1928 591 nec

504 626 689 712 XXXIV
750 627 956 715 Historiam
999 627 1153 713 scriberr.
1209 624 1334 713 libello
1363 653 1432 711 nec
1466 622 1660 760 diplomati
1702 616 1981 759 subscribit,

444 739 486 829 di
515 745 675 831 muneris
718 746 894 833 honestas
924 744 1157 862 utilitasque·
1209 773 1292 832 non
1318 745 1396 831 sine
1420 742 1628 859 suspicione
1649 741 1783 830 mentis
1805 741 1928 831 immi-

358 901 360 905 ’
511 866 676 950 XXXV.
739 867 922 950 Ceterum
951 895 1159 950 annuma·
1211 889 1344 951 nusae.
1389 866 1540 999 Integra
1580 859 1796 952 valentdine
1833 891 1931 980 gau-

449 1012 545 1103 gens
577 1017 664 1066 asor⁸
694 1013 851 1070 ιιιιοιιιιι
868 984 1028 1071 Carolus
1058 983 1162 1072 ducit
1212 982 1326 1070 dens
1333 981 1439 1069 omni
1463 982 1583 1100 Regia
1608 979 1782 1096 civilique
1810 992 1929 1069 virtu-

428 1101 667 1206 isabellam,
685 1126 724 1186 et
753 1103 804 1190 ah
831 1132 880 1188 eo
895 1127 1067 1221 tempore
1097 1133 1162 1190 co·
1213 1127 1253 1190 te
1273 1124 1473 1240 praestat.
1492 1101 1574 1186 ln
1565 1130 1643 1218 rpsa
1672 1099 1938 1210 invaletudine

455 1220 582 1306 miriali
614 1221 752 1306 morbo
774 1221 970 1308 liberatur.
999 1229 1060 1309 Ex
1087 1223 1164 1310 hoc
1214 1222 1345 1309 insitae
1364 1220 1520 1337 justitiae
1540 1222 1819 1307 documennun
1838 1221 1933 1329 dat,

457 1340 699 1430 ntaninonio
720 1339 971 1457 Philippum,
1000 1344 1164 1427 Mariam
1217 1342 1312 1429 dum
1345 1370 1412 1427 sua
1432 1363 1568 1457 sponte
1595 1363 1672 1427 sese
1704 1338 1870 1474 Imperiis
1890 1370 1934 1428 0-

320 1535 322 1538 ,
457 1485 576 1596 atque
605 1464 802 1594 joannam
841 1487 1033 1574 procreat.
1075 1460 1167 1574 Ejus
1217 1461 1368 1548 mnibus
1390 1459 1557 1548 abdicat.

460 1577 503 1666 in
535 1576 692 1666 filiarum
713 1576 910 1694 pudicitiae
946 1579 1168 1698 prospicien·
1285 1583 1384 1667 XL
1444 1585 1488 1666 ln
1533 1580 1754 1717 Hispaniam
1803 1581 1935 1698 itaque

464 1695 519 1783 do
552 1696 770 1788 solicintdo.
1220 1700 1440 1819 perveniens
1484 1701 1524 1786 in
1570 1699 1800 1787 coenobium
1821 1697 1937 1816 Jasti

525 1817 710 1905 XXXVI
770 1823 815 1904 In
843 1821 983 1907 cunctis
1011 1815 1088 1908 iere
1123 1847 1172 1908 re
1223 1820 1389 1926 secedit,
1421 1818 1532 1955 quod
1555 1819 1750 1906 conn'lium
1780 1819 1937 1906 isabella

355 1962 356 1965 ‘
466 1937 538 2024 bus
548 1965 765 2054 suspiciosus
780 1933 1175 2056 habenu,praesertim
1224 1940 1339 2027 etiam
1361 1968 1480 2027 uxore
1491 1962 1645 2027 vivente
1660 1938 1810 2024 inierat.
1839 1942 1937 2026 Non

462 2055 508 2143 in
540 2076 753 2146 senectute.
787 2057 982 2145 Delatores
998 2083 1176 2196 ‘quanto-
1227 2058 1351 2146 multo
1375 2085 1463 2176 post
1502 2056 1558 2171 jus
1602 2055 1751 2174 Imperii
1770 2057 1939 2145 Romani

465 2204 560 2292 ,pere
592 2174 856 2293 improbaret,
881 2178 1027 2297 magnis
1063 2178 1177 2266 docu
1227 2178 1268 2265 in
1291 2176 1443 2265 fratrem
1472 2176 1710 2264 Fernandum
1741 2173 1939 2262 transfert.

471 2295 607 2382 mentis
637 2295 818 2385 declarat
843 2298 1065 2392 Quemdam
1080 2359 1093 2404 ,
1111 2295 1179 2413 qui
1289 2301 1392 2384 XLI
1449 2292 1578 2383 Paucis
1602 2321 1691 2383 ante
1733 2294 1822 2408 ejus
1857 2295 1941 2380 obi-

324 2467 328 2474 ·
470 2417 711 2503 fernandum
731 2416 896 2504 Avalum
919 2445 965 2502 ex
987 2414 1179 2534 Portugal·
1229 2443 1315 2503 tum
1342 2416 1529 2504 mensibus
1560 2415 1831 2525 Inquisitores,
1862 2412 1943 2502 sive

472 2531 522 2620 lia
554 2534 757 2641 reducem,
777 2559 817 2622 et
845 2535 884 2620 in
914 2562 998 2622 arce
1013 2537 1180 2651 quadam
1231 2535 1333 2635 Fidei
1363 2534 1582 2622 Catholicae
1612 2533 1803 2639 vindices,
1824 2561 1945 2648 quos-

474 2650 734 2740 delitescere
709 2653 790 2770 rpsi
832 2651 967 2740 referte
994 2677 1181 2761 maturat,
1233 2654 1323 2740 dam
1347 2652 1566 2741 Monachos
1598 2651 1867 2742 Dominicanos
1894 2650 1948 2737 de

363 2764 369 2778 ’
471 2772 590 2891 gravi
614 2801 794 2888 responso
817 2778 987 2859 coe'rcet.
1233 2771 1430 2860 inficienda
1455 2770 1637 2886 Hispania
1667 2767 1948 2883 conspiranter,

467 2893 734 2977 XXXV.II
758 2891 1074 3028 Hieronymum
1104 2890 1184 2977 Lei·
1236 2920 1468 3013 eorumque·
1490 2888 1641 2978 asseclas
1690 2886 1949 3004 comprehen

469 3039 568 3098 vam
625 3008 884 3097 centurionem
930 3008 1032 3098 falso
1079 3010 1186 3096 Vasti
1237 3011 1354 3100 dunt.

476 3127 785 3215 Marchionem
776 3153 1044 3236 mcusantem,
1076 3157 1187 3215 causa
1296 3133 1412 3218 XLII.
1471 3133 1621 3217 Harum
1660 3153 1798 3214 retum
1825 3128 1950 3214 Caro-

476 3273 525 3332 co
553 3247 630 3333 nita
646 3247 795 3364 ,capite
820 3247 947 3363 punit.
1236 3245 1343 3335 lusa
1374 3248 1535 3366 filiapet
1567 3249 1704 3335 litteras
1730 3241 1949 3334 certiotfa·

694 3371 752 3452 ill
808 3372 875 3483 Ep
875 3365 1023 3453 istolam
1050 3395 1074 3450 a
1100 3370 1186 3454 Fer·
1236 3392 1348 3474 ctus,
1375 3367 1387 3454 i
1388 3397 1493 3485 psam
1515 3392 1556 3455 et
1580 3367 1850 3476 inquisitores,
1874 3369 1951 3451 Lu

472 3486 608 3572 nando
629 3491 820 3603 Gonzaga
837 3484 1098 3601 subscriptam,
1121 3486 1188 3573 sed
1232 3486 1380 3576 dovico
1388 3400 1581 3623 pQuixada
1609 3486 1749 3593 misso,
1788 3507 1950 3593 monet,

470 3605 527 3690 ab
550 3604 677 3720 aliquo
692 3604 961 3693 calumniatore
985 3603 1186 3691 confictam
1239 3629 1284 3692 ut
1302 3606 1341 3701 in
1368 3634 1419 3693 eo
1444 3605 1595 3693 crimine
1626 3592 1883 3742 perquirendo
1906 3630 1954 3690 et

473 3719 514 3806 in
555 3752 632 3835 ejus
668 3723 893 3839 perniciem,
933 3723 1186 3859 comperiem,
1237 3723 1467 3814 vindicando
1501 3753 1686 3812 summam
1718 3721 1952 3842 diligentiam

472 3840 664 3955 Joannem
681 3848 857 3948 Lunam,
873 3841 1184 3928 franciscumTa·
1237 3843 1469 3948 adhibeant,
1486 3869 1525 3930 et
1543 3866 1701 3959 urgente
1723 3844 1862 3928 morbo
1894 3841 1951 3929 ad

471 3986 661 4066 -vetnam,
687 3983 727 4047 et
756 3960 966 4046 Ibartam
955 3988 996 4046 tn
1028 3960 1187 4047 criminis
1237 3986 1503 4049 testamentum
1528 3957 1671 4046 factum
1702 3959 1914 4047 codicillos
1905 3988 1950 4047 ιιι

331 4084 339 4101 ⁹
473 4076 721 4193 suspicionem
759 4076 950 4165 venientes
982 4076 1185 4194 praefectur
1234 4077 1338 4169 idem
1365 4103 1633 4216 argumentum
1654 4070 1796 4200 adjicit.

471 4194 522 4293 ais
550 4219 590 4281 et
619 4195 896 4313 magistratibus
921 4196 1094 4333 privat.
1308 4201 1443 4286 XLIII.
1501 4194 1772 4285 Codicillorum
1818 4226 1949 4286 exem·

471 4313 721 4408 XXXIX
777 4313 1034 4408 Prementibus
1082 4345 1185 4408 mor·
1232 4315 1345 4437 plat,
1369 4344 1409 4410 et
1441 4317 1569 4409 Caroli
1601 4317 1767 4474 Caesaris
1794 4318 1946 4407 obitus.
