4124 5880
531 389 586 474 ax
895 322 979 466 uit
1026 321 1508 500 xnssus'onsxxs
1556 497 1557 500 Ὺ

370 608 372 611 ·
494 583 683 689 specto,
719 542 767 654 in
804 543 992 644 diversas
1029 540 1324 686 cogitationes
1361 539 1693 653 distrahuntut3
1730 559 1884 649 omnes
1917 588 1959 648 e·

495 693 591 795 nim
630 692 792 796 Carolo
829 728 1002 791 morem
1046 728 1193 832 gerere
1229 686 1502 830 cupiebant,
1539 730 1629 791 non
1664 690 1808 794 solum
1854 695 1960 835 quia

496 876 681 981 propter,
712 835 900 971 justitiae
937 876 986 936 ac
1023 833 1198 936 virtutis
1237 833 1500 978 opinionem
1531 875 1650 937 catus
1687 875 1776 939 erat
1812 840 1960 940 omni-

496 983 577 1086 bus
605 982 834 1085 ordinibus
868 1060 882 1102 ,
918 983 992 1081 sed
1030 982 1136 1122 quia
1178 979 1546 1088 committendum
1597 1020 1692 1081 non
1728 982 1958 1124 putabant,

380 1260 383 1265 ἵ
496 1169 594 1252 ne,
626 1129 661 1228 si
698 1129 809 1270 quid
846 1125 918 1265 ille
953 1121 1109 1229 frustra
1143 1167 1168 1225 a
1204 1126 1290 1225 suis
1327 1163 1596 1268 magnopere
1634 1128 1959 1251 contendisset,

496 1275 729 1375 auctoritas
763 1271 950 1414 Regia,
984 1311 1119 1413 quam
1157 1309 1292 1371 nemo
1328 1309 1421 1369 non
1457 1272 1674 1413 integram
1714 1309 1846 1415 atque
1890 1309 1962 1374 et·

496 1418 586 1519 iam
624 1456 793 1521 auctam
831 1418 996 1538 vellet,
1037 1414 1277 1516 imminuta
1314 1415 1745 1518 videretur.Rursus
1782 1421 1955 1562 legem,

499 1603 636 1704 quam
672 1566 726 1664 de
761 1557 931 1665 tributo
966 1561 1043 1661 illo
1079 1562 1264 1664 Carolus
1297 1553 1409 1659 ferre
1445 1558 1661 1662 nitebatur
1680 1641 1695 1683 ,
1714 1566 1866 1664 ceteris
1904 1605 1961 1665 o-

499 1710 677 1810 diosam
707 1743 750 1808 et
787 1707 1102 1849 gravissimam
1127 1700 1222 1806 fore
1259 1701 1588 1848 intelligebant,
1624 1705 1848 1808 nobilitati
1884 1747 1960 1808 ve-

498 1891 548 1953 ro
585 1846 720 1954 etiam
757 1850 1104 1971 intolerabilem,
1144 1850 1312 1950 cunctis
1348 1850 1670 1971 metuentibus,
1707 1893 1762 1952 ne
1797 1853 1843 1952 id
1881 1854 1959 1953 tri-

499 1997 836 2138 butum,·quod
872 1999 926 2097 ad
964 2033 1135 2138 tempus
1171 1994 1426 2137 petebatur,
1455 1997 1586 2096 semel
1623 1998 1891 2117 admissum,
1911 1997 1962 2097 in

446 2275 448 2278 .
498 2177 791 2283 perpetuum,
826 2178 877 2243 ut
913 2144 1132 2283 quaedam
1168 2141 1280 2262 alia,
1308 2181 1421 2280 quae
1457 2139 1591 2240 simili
1625 2141 1793 2241 tatione
1828 2140 1960 2242 indu-

500 2320 569 2385 cta
604 2283 817 2406 fuissent,
842 2288 1105 2428 exigeretur.
1142 2295 1261 2428 Ergo
1296 2324 1399 2386 cum
1435 2324 1561 2426 saepe
1596 2324 1647 2384 ac
1682 2288 1875 2387 multum
1912 2286 1962 2387 in

499 2464 731 2570 utramque
752 2467 922 2572 partem
954 2429 1001 2531 in
1022 2430 1230 2532 Concilio
1263 2430 1534 2570 disputatum
1554 2423 1732 2550 firisset,
1763 2430 1962 2571 placuit,

500 2610 550 2675 ut
570 2575 711 2715 pridie
753 2575 904 2677 natalis
926 2571 1094 2675 Christi
1128 2614 1192 2676 res
1227 2568 1446 2716 suffragiis
1482 2573 1827 2718 permitteretur,
1846 2614 1961 2714 quae

498 2716 547 2817 in
569 2721 762 2820 maxima
799 2719 1005 2823 omnium
1029 2756 1118 2820 erat
1153 2720 1494 2863 exspectatione.
1532 2726 1654 2819 Nam
1676 2719 1777 2819 licet
1807 2758 1962 2818 omnes

498 2858 588 2964 fere
623 2903 822 3005 proceres
859 2865 979 2966 idem
1015 2866 1255 2986 sentirent,
1291 2904 1426 2966 nemo
1460 2898 1606 2964 tamen
1649 2863 1792 3005 palam
1828 2898 1874 2963 et
1910 2904 1962 2962 a-

498 3043 620 3146 perte
665 3004 875 3149 refragari
910 3012 1115 3131 Car010,
1163 3046 1239 3109 aut
1275 3008 1497 3139 ejusmodi
1532 3009 1765 3110 sententiae
1806 3045 1961 3108 auctor

499 3143 629 3251 fuisse
669 3153 808 3254 videri
848 3150 1066 3253 volebat.
1104 3155 1245 3273 Quod
1288 3152 1635 3254 animadvertens
1675 3163 1824 3254 Petrus
1866 3163 1963 3253 Ve-

497 3292 634 3395 lascus
658 3296 1005 3419 Comestabilis,
1041 3297 1109 3400 vir
1143 3297 1313 3440 Regiae
1348 3299 1581 3429 majestatis
1614 3305 1735 3428 juxta
1770 3332 1812 3399 et
1849 3292 1964 3397 boni

498 3436 667 3580 publici
703 3442 948 3562 studiosus,
978 3433 1231 3542 faciendum
1268 3440 1352 3541 sibi
1388 3442 1562 3562 statuit,
1582 3478 1632 3541 ut
1668 3443 1759 3584 ipse
1795 3441 1964 3579 primus

500 3584 709 3688 omnium
746 3585 1007 3688 sententiam
1044 3585 1208 3688 diceret
1245 3627 1299 3686 eo
1336 3586 1436 3704 die,
1472 3584 1519 3686 in
1555 3595 1674 3718 cujus
1710 3584 1966 3686 discrimine

500 3765 719 3832 summam
755 3772 906 3833 causae
942 3769 1209 3875 magnopere
1246 3730 1360 3830 verti
1396 3728 1705 3872 intelligebam
1744 3731 1824 3870 qui
1859 3769 1966 3830 coa-

499 3908 573 3972 cto
612 3914 664 3972 ex
698 3911 822 3976 more
858 3875 1067 3975 Concilio
1083 3954 1099 3997 ,
1139 3875 1398 4009 hujusmodi
1434 3876 1684 3975 orationem
1722 3872 1912 3974 habuit.

568 4027 684 4118 XIII.
758 4019 1037 4162 „Cogitanti
1082 4018 1240 4141 mihi,
1291 4019 1376 4120 viri
1423 4018 1680 4159 principes,
1717 4054 1966 4160 cunctaque

497 4162 696 4281 „animo
733 4164 1042 4284 collustranti‚
1080 4169 1188 4267 dum
1225 4164 1357 4304 cupio
1404 4163 1485 4294 (id
1523 4164 1647 4303 quod
1693 4204 1772 4263 vos
1808 4201 1966 4266 omnes

493 4381 524 4425 „
545 4308 717 4409 studere
753 4310 1082 4446 animadverti)
1119 4311 1186 4410 uti
1223 4348 1273 4408 ea
1309 4303 1423 4409 mihi
1459 4305 1507 4407 in
1544 4344 1742 4408 mentem
1778 4307 1968 4410 veniant

494 4449 588 4568 „in
624 4448 705 4550 hac
735 4452 905 4592 publica
942 4452 1280 4574 deliberatione,
1303 4494 1419 4594 quae
1456 4453 1646 4552 maxime
1678 4450 1762 4548 sint
1789 4489 1839 4548 ex
1877 4450 1966 4551 bo-

491 4632 600 4712 „no
636 4593 817 4735 publico
861 4636 904 4698 et
939 4599 1087 4699 Caroli
1133 4597 1326 4700 Caesaris
1362 4597 1496 4737 Regis
1533 4595 1672 4697 nostri
1707 4595 1965 4697 commodis

487 4811 518 4856 ‚‚
537 4778 586 4838 ac
622 4740 862 4883 dignitate,
897 4740 1008 4843 nihil
1042 4738 1136 4843 fote
1173 4741 1319 4843 visum
1355 4776 1419 4840 est
1448 4741 1517 4842 vel
1556 4742 1612 4840 ad
1645 4739 1794 4881 Regni
1829 4741 1964 4879 quie·

1816 4959 1849 5004 „
1866 4921 1961 4986 tem
