3998 5850
471 413 557 503 450
867 400 950 482 DE
984 399 1188 482 REBUS
1229 397 1458 486 GESTIS

430 562 689 701 senensibus
740 559 880 662 redire
915 560 1107 729 pergit,
1143 561 1356 663 donec
1321 603 1362 665 et
1400 559 1659 684 Marcbio,
1694 560 1789 705 qui
1817 567 1909 699 jam

296 779 300 786 ·
432 719 608 812 Arnum
644 705 793 849 copias
844 714 1114 836 trajecerat,
1148 700 1286 809 factus
1341 742 1404 808 est
1438 706 1651 809 obviant.
1707 719 1746 809 Is
1785 711 1904 815 enim

431 854 614 999 cognito
651 850 769 954 Perti
805 851 948 968 Srtozi
998 848 1226 974 consilio,
1261 852 1471 954 relicta
1458 889 1507 954 ιιι
1561 850 1801 954 obsidione
1847 857 1903 959 ad

432 942 602 1100 munita
638 997 735 1098 loca
771 993 1002 1157 copiarum
1040 1030 1194 1136 parte,
1225 1033 1343 1135 quae
1380 995 1473 1096 vias
1509 992 1767 1117 obsideret,
1804 1036 1903 1104 ctam

432 1142 584 1244 ceteris
621 1144 774 1242 eadem
812 1178 917 1260 vra,
956 1173 1006 1239 ut
1058 1137 1294 1241 hostilibus
1347 1136 1580 1241 conatibus
1632 1178 1901 1265 occurreret,

376 1321 381 1328 ·
433 1283 759 1450 proficiscitur·
751 1349 763 1391 ι
796 1291 1067 1424 trajectoque
1106 1290 1281 1406 Arno,
1316 1281 1462 1384 castris
1499 1281 1772 1386 venientium
1818 1283 1902 1387 bo-

314 1478 317 1485 ·
433 1469 568 1531 strum
606 1465 744 1530 castra
779 1466 874 1526 non
926 1427 1061 1569 longe
1100 1469 1125 1528 a
1160 1363 1302 1530 Piscia
1356 1427 1528 1569 oppido
1581 1427 1827 1551 contulit,
1857 1465 1903 1531 ut

412 1574 517 1675 iter
568 1609 721 1674 eorum
773 1607 1112 1691 remoraretur,
1149 1572 1260 1672 dum
1296 1572 1486 1691 milites,
1523 1571 1605 1712 qui
1656 1571 1818 1672 nostris
1857 1574 1902 1675 in

436 1718 789 1859 supplementum
827 1649 1146 1834 mittebantui,
1182 1715 1499 1878 pervenirent,
1535 1749 1612 1815 aut
1665 1713 1899 1856 impeditos

436 1861 485 1963 in
537 1860 716 1964 transitu
753 1857 864 1959 Arni
911 1856 1210 1958 adoriretur.
1237 1859 1374 2001 Igitur
1409 1859 1458 1959 in
1493 1893 1614 1958 tanta
1666 1894 1898 1962 castrorum

437 2002 770 2164 propinquitate
806 2000 1065 2142 quotidiana
1101 1995 1189 2101 fere
1224 2000 1538 2104 consuetudine
1574 1997 1748 2105 levibus
1780 2042 1894 2146 prae·-

437 2148 506 2249 liis
542 2185 663 2248 varta
697 2140 873 2246 fortuna
907 2140 1226 2245 dimicabatur

509 2299 633 2391 XlV.
709 2287 858 2388 Paucis
894 2287 1094 2388 diebus
1083 2286 1366 2420 mterjectis,
1414 2291 1606 2424 Joannes
1641 2278 1767 2390 Luna
1800 2296 1896 2390 Me-

439 2432 700 2534 diolanensis
752 2430 860 2530 arcis
911 2427 1148 2571 praefectus
1185 2471 1237 2532 ex
1272 2428 1524 2534 Insubribus
1568 2431 1800 2533 aXuario
1833 2431 1897 2532 Fi·

439 2614 607 2717 gueroa
659 2584 751 2706 ejus
787 2573 1046 2675 Provinciae
1091 2606 1203 2675 tunc
1252 2575 1463 2717 temporis
1519 2574 1713 2717 praeside
1745 2574 1891 2675 nostris

440 2717 637 2821 subsidio
693 2717 845 2818 missus
899 2716 1132 2818 adventare
1176 2718 1459 2839 nuntiatur,
1494 2755 1539 2819 et
1589 2758 1696 2820 cum
1729 2715 1895 2819 Italico·

439 2899 539 2962 tum
591 2861 789 3002 peditum
827 2860 1030 3002 quinque
1084 2858 1275 2962 millibus
1330 2896 1375 2961 et
1410 2859 1633 3004 equitibus
1679 2858 1896 3002 cataphra-

447 3004 528 3103 ctis
581 3005 779 3104 ducentis
836 3004 1136 3166 trecentisque
1158 3005 1334 3107 levioris
1369 3043 1611 3108 armaturae
1647 3005 1762 3106 Pisas
1808 3042 1894 3166 per

438 3145 605 3266 venit,
644 3184 738 3284 quo
774 3145 884 3248 item
920 3147 1040 3247 mille
1075 3147 1266 3289 Hispani
1302 3191 1353 3250 ex
1390 3149 1482 3270 iis,
1528 3149 1609 3312 qui
1664 3151 1721 3248 ad
1757 3146 1894 3248 Corsi·

441 3326 539 3386 cam
573 3223 760 3392 iirsulam
820 3329 925 3390 cum
960 3291 1092 3393 Gallis
1128 3328 1171 3392 tt
1207 3293 1409 3413 Turcis‚
1465 3333 1546 3434 qur
1598 3288 1769 3393 bonam
1816 3300 1894 3425 ejus

342 3521 352 3537 .
440 3429 605 3532 insulae
641 3468 820 3572 partem
846 3469 1212 3572 occupaverant,
1248 3369 1414 3539 belluni
1450 3471 1710 3579 gesserant,
1750 3433 1897 3577 peri·
1928 3518 1949 3538 ..

423 3573 546 3674 dem
582 3610 754 3716 tempus
790 3576 1099 3717 appulerunt,
1136 3614 1178 3681 et
1214 3617 1316 3680 cum
1369 3578 1442 3679 illa
1476 3618 1611 3680 manu
1660 3619 1750 3679 sese
1796 3618 1898 3680 con·

356 3785 357 3789 ι
441 3723 704 3846 junxerunt.
756 3726 907 3848 Petrus
957 3733 1129 3823 Strozus
1184 3760 1288 3824 cum
1341 3718 1456 3822 binis
1510 3720 1708 3824 hostium
1758 3721 1899 3822 castris

441 3854 686 3960 hincinde
722 3902 812 3963 sese
847 3859 1071 3965 obsessum
1107 3903 1193 3964 esse
1246 3866 1659 3982 animadverteret,
1695 3866 1898 3967 omnibus

442 4001 631 4106 consiliis
667 3999 991 4174 praeferendum
1026 4007 1215 4169 statpit,
1265 4045 1316 4110 ut
1353 4015 1527 4153 Arnum
1563 4010 1693 4111 omni
1728 4007 1901 4111 adhibi-

445 4176 491 4243 ta
542 4146 756 4249 celeritate
808 4148 1073 4278 trajiceret
1064 4217 1076 4259 ,
1112 4149 1263 4312 itaque
1312 4187 1473 4254 octavo
1510 4153 1725 4257 Kalendas
1763 4151 1896 4288 Julirr

440 4324 569 4388 mane
606 4328 828 4409 movens,
865 4297 1072 4414 Arnum,
1093 4293 1271 4397 nemine
1307 4296 1389 4402 iter
1424 4333 1672 4401 remorante
1708 4332 1782 4396 aut
1814 4294 1899 4394 im-

441 4429 681 4596 pediente,
702 4367 1014 4576 progieditur,
1047 4473 1088 4538 et
1124 4477 1214 4579 qua
1248 4476 1373 4581 parte
1403 4430 1580 4605 nuper,
1606 4442 1764 4542 eadem
1796 4471 1904 4538 tunc

441 4609 537 4670 suas
573 4576 719 4715 copias
755 4578 998 4681 incolumes
1041 4583 1199 4684 nostris
1236 4582 1347 4684 nihil
1400 4581 1744 4730 impedientibus
1781 4590 1904 4713 traje-

439 4746 549 4812 tlt
539 4780 552 4826 ι
592 4755 729 4858 quam
766 4721 946 4864 culpam
979 4759 1022 4827 et
1058 4726 1376 4870 negligentiam
1413 4726 1620 4832 Marchio
1674 4763 1722 4828 et
1777 4723 1905 4873 pleri

1815 4908 1900 5012 que
