4170 5866
627 437 868 518 canott
909 435 961 514 v.
999 439 1117 516 tta.
1161 380 1306 522 ιιιιι.
1563 462 1641 523 201

221 627 264 695 et
317 591 650 697 interfectorum
703 593 970 735 sepulturam
1024 591 1164 695 biduo
1230 632 1471 720 moratus,
1519 602 1678 702 Frisio-
1822 695 1827 702 ,

208 777 314 840 rum
351 741 471 841 mille
520 739 721 880 praesidii
757 778 882 839 causa
934 735 1218 881 relinquens,
1256 741 1381 844 tertio
1435 745 1506 845 die
1542 786 1676 849 castra

200 920 415 1008 movet,
454 919 497 983 et
544 886 592 984 in
628 881 877 985 Sicambros
916 960 931 1002 ‚
969 924 1048 1025 qut
1089 924 1206 987 nunc
1243 892 1469 986 Geldtenses
1520 894 1674 992 nomi-

199 1067 408 1148 nantur,
445 1028 698 1135 contendits
727 1029 802 1129 sed
838 1069 890 1127 ex
925 1028 1080 1128 iunere
1117 1070 1220 1130 cum
1258 1030 1559 1170 Hispanorum
1596 1077 1672 1136 co-

210 1169 344 1271 horte
380 1173 609 1307 Juliacum
652 1171 863 1292 divertit,
900 1169 1207 1314 urbemque
1194 1213 1437 1314 ingressus,
1476 1199 1541 1277 et
1572 1187 1673 1280 mu-

212 1315 465 1417 nitionibus
511 1316 839 1434 consideratis,
875 1315 1083 1418 mulieres
1126 1320 1180 1417 de
1244 1355 1438 1426 virorum
1490 1323 1671 1423 consilio

216 1495 261 1559 et
309 1455 443 1604 fugae
503 1501 628 1562 causa
679 1392 1048 1601 percurictando,
1092 1463 1147 1560 de
1208 1500 1466 1564 commento
1517 1466 1673 1565 didicit

215 1549 390 1704 ιιιοιΙο
393 1647 418 1704 a
454 1601 584 1704 nobis
621 1639 904 1719 memorat03
941 1645 1034 1743 quo
1070 1603 1118 1703 in
1165 1608 1309 1706 castris
1357 1606 1540 1726 audito,
1579 1649 1672 1711 non

215 1747 531 1850 mediocris
498 1787 605 1848 risus
655 1785 716 1847 est
765 1783 1049 1848 consecutus
1101 1748 1353 1889 Dispositis
1389 1790 1465 1890 per
1501 1754 1701 1893 recepta

214 1892 383 2054 oppida
419 1929 463 1993 et
499 1892 669 1992 castella
706 1890 961 2032 praesidiis,
997 1893 1180 1993 Carolus
1216 1897 1546 1995 Ruremondam
1590 1919 1672 1997 co-

215 2075 307 2177 pras
344 2037 586 2155 admovit,
623 2036 866 2178 principem
903 2031 1106 2135 urbem
1094 2076 1142 2136 m
1178 2045 1333 2137 Mosae
1387 2039 1481 2179 ripa
1517 2040 1666 2159 sitam,

216 2221 266 2279 ex
310 2219 533 2320 quatuor,
570 2220 684 2321 quae
734 2219 782 2279 ιιι
818 2192 992 2280 Ducatu
1028 2179 1255 2279 Geldrensi
1291 2186 1503 2302 (ancones,
1548 2183 1673 2323 quasi

214 2324 356 2466 capita
392 2363 435 2426 et
472 2324 702 2465 primariae
740 2321 1059 2442 nominantur,
1093 2362 1243 2426 omnes
1280 2362 1433 2428 natura
1479 2363 1522 2427 et
1565 2366 1673 2466 ope·
1711 2445 1713 2448 .

214 2507 260 2568 re
297 2465 553 2572 firmissimis
588 2468 759 2587 muris,
795 2501 839 2567 et
878 2465 974 2565 latis
1010 2400 1299 2631 piaealtisque
1351 2466 1475 2570 fossis
1523 2470 1674 2570 muni

214 2612 442 2734 tissimae,
476 2613 524 2713 in
560 2654 666 2756 quas
718 2608 848 2712 fossas
897 2649 1059 2750 magna
1113 2612 1283 2714 occasio
1337 2650 1399 2714 est
1449 2654 1584 2753 aquas
1621 2655 1674 2712 ex

215 2694 511 2920 fluminibit5‚
538 2799 649 2899 quae
686 2756 822 2857 multa
857 2788 900 2853 et
935 2795 1095 2896 magna
1130 2793 1418 2896 campestrem
1453 2758 1575 2857 illam
1611 2795 1673 2856 re
1699 2751 1728 2850 ².

217 2901 400 3042 gionem
452 2903 764 3024 interfluunt,
802 2899 1016 2999 derivatas
1074 2900 1339 3000 inducendi
1391 2902 1473 3000 Sed
1509 2939 1673 3064 appto.

214 3046 453 3187 pinquanti
489 3047 706 3187 principes
755 3041 941 3144 civitatis
991 3039 1174 3143 obviam
1208 3078 1546 3205 processerunt,
1593 3044 1675 3206 qui

216 3190 272 3287 de
299 3191 416 3331 pacis
448 3185 776 3291 conditionibus
806 3186 1044 3329 agitarent.
1085 3200 1375 3329 Quamquam
1404 3227 1523 3287 emm
1557 3192 1674 3326 prius

215 3342 403 3482 Legatos
441 3336 495 3435 de
532 3374 637 3477 pace
674 3333 924 3448 miserant,
960 3330 1143 3431 Carolus
1181 3370 1329 3434 tamen
1359 3330 1671 3448 conditiones,

220 3517 325 3619 quas
343 3466 600 3622 petebant,
637 3479 760 3619 quod
797 3498 951 3615 parum
988 3474 1215 3616 aequitatis
1266 3473 1426 3576 habere
1465 3474 1670 3572 videren

218 3658 328 3742 tur,
365 3619 692 3766 aspernabatur
756 3617 1164 3719 Conditionibus
1153 3620 1288 3762 agitur
1342 3659 1394 3718 ex
1443 3616 1673 3717 voluntate

217 3765 371 3867 Caroli
406 3767 517 3869 datis
564 3766 872 3909 acceptisque,
908 3804 996 3864 sese
1050 3762 1099 3916 in
1150 3795 1415 3905 potestatem
1466 3761 1693 3903 permisc¹

220 3947 348 4011 runt.

306 4060 414 4154 XV.
505 4057 577 4157 Ad
633 4051 968 4156 Ruremondam
1015 4050 1252 4155 Frisiorum
1303 4049 1516 4196 praesidio
1573 4042 1675 4149 teli

220 4234 329 4318 cto,
364 4198 547 4299 Carolus
583 4199 916 4361 Vagqelonem
941 4235 1129 4319 movet,
1164 4198 1253 4298 loci
1299 4233 1452 4298 natura
1496 4191 1674 4354 perinde
1712 4276 1715 4280 Α
1784 4271 1791 4281 .

223 4340 571 4445 munitissimum
607 4342 854 4485 oppidum.
904 4350 1029 4441 Nam
1064 4340 1232 4442 bonam
1267 4376 1433 4481 partem
1485 4375 1675 4437 ctrcum

225 4484 383 4585 fluente
420 4494 583 4608 Mosa,
620 4523 786 4587 ceterae
802 4522 1002 4644 propter
1038 4485 1155 4591 muri
1191 4521 1251 4585 et
1273 4484 1536 4646 reliquarum
1572 4519 1674 4581 mu-

225 4626 447 4731 nitionum
481 4567 820 4735 firmitudinem
841 4628 896 4729 ab
933 4629 1061 4730 omni
1095 4627 1394 4731 violentiae
1384 4663 1560 4766 tmpetu
1603 4660 1678 4725 tu-

224 4805 292 4870 tae
327 4767 423 4874 fore
458 4774 755 4917 videbantur,
794 4812 887 4916 quo
923 4769 1089 4882 factum
1125 4812 1224 4899 est,
1258 4810 1309 4875 ut
1342 4806 1562 4877 tormenta
1607 4769 1681 4867 in-

295 4916 409 5017 Tom.
430 4925 487 5021 lI
587 4982 590 4988 ,
1243 4930 1308 5020 Cc
1595 4946 1687 5010 ter·
