4102 5864
528 409 616 503 39²
862 454 870 469 .
917 401 1010 482 ot
1050 401 1259 482 ‘nunus
1306 400 1575 483 cussis-

557 569 753 664 LXXIII.
827 554 1089 658 Obsidionis
1132 558 1283 697 igitur
1306 569 1350 659 et
1394 559 1661 659 tuendorum
1703 568 1955 663 castrorum

486 745 583 806 cura
619 704 796 806 Garciae
829 705 993 802 Toleto
1031 701 1290 831 demandata
1311 778 1326 821 ,
1346 703 1349 708 ’
1366 695 1470 802 cum
1505 702 1788 842 septingentis
1826 704 1956 805 mili·-

487 847 604 948 tibus
636 890 656 966 ,‘
677 888 682 893 ·
706 848 787 985 qui
832 847 924 946 tria>
969 844 1093 988 signa
1127 843 1472 985 sequebantur,
1521 838 1633 944 facta
1672 882 1719 944 re
1763 845 1916 947 divina
1931 926 1953 968 ,

481 989 809 1129 proficiscitur.
862 987 1056 1129 Jamque
1094 998 1229 1130 prope
1272 988 1489 1088 olivetum
1531 1023 1748 1108 venerat,
1779 1029 1884 1089 cum
1922 1031 1954 1089 a

489 1133 720 1271 praemisso
771 1131 1035 1271 speculatore
1085 1126 1204 1231 Afro
1246 1169 1428 1273 magna·
1455 1128 1651 1230 hostium
1702 1132 1953 1234 multitudo

485 1276 749 1396 adventare,
782 1314 862 1372 nec
897 1275 1029 1415 longe
1065 1272 1134 1372 ab⁴
1153 1273 1321 1373 oliveto
1356 1272 1771 1375 abesse'nuntiatur.
1818 1286 1949 1375 Cum

484 1457 537 1515 eo
573 1423 752 1518 ventum
793 1451 942 1535 esset,
979 1418 1095 1517 unde
1131 1454 1213 1515 nec
1248 1413 1426 1516 honeste
1458 1457 1489 1533 ,·
1514 1454 1595 1515 nec
1641 1416 1733 1516 sine
1776 1417 1951 1555 praelio

484 1560 645 1701 pedem
679 1556 832 1658 refe'rre
867 1555 1069 1676 licebat,
1103 1553 1434 1656 dehortantibus
1459 1555 1775 1697 quibusdam,
1818 1568 1951 1699 Vega

485 1704 652 1802 tame'n'·
672 1702 795 1831 jussis
831 1699 1113 1840 lignatoribus
1153 1699 1319 1799 vallum
1362 1698 1545 1798 caedere
1574 1700 1600 1820 ,'
1628 1734 1670 1797 et
1712 1700 1759 1799 in
1807 1739 1948 1800 castra

483 1838 667 1959 referre,
705 1839 901 1942 hostium
936 1842 1167 1981 equitatu,
1199 1839 1504 1981 peditibusque
1541 1841 1765 1940 nonnullis
1808 1881 1849 1941 se
1883 1842 1946 1942 si-

486 1985 593 2086 mul
615 1982 975 2103 ostendentibus,
1010 1983 1159 2122 copias
1193 1984 1284 2124 ipse
1319 1984 1431 2081 ultra
1467 1983 1678 2083 olivetum
1716 1984 1948 2122 perducit,

485 2164 540 2225 ne
558 2172 559 2176 ¹
575 2125 748 2225 timoris
786 2124 1105 2266 significatione
1139 2125 1222 2224 suis
1247 2125 1493 2246 minueret,
1517 2124 1718 2226 hostibus
1746 2126 1944 2227 animum

484 2266 734 2396 adjiceret
772 2278 876 2366 Hoc
925 2267 1262 2386 animadversO,
1299 2265 1503 2388 hostes,
1532 2269 1612 2409 qui
1647 2303 1749 2408 post
1786 2268 1941 2368 collem

485 2408 676 2507 molliter
711 2409 925 2508 declivem
961 2409 1276 2527 latitaverant,
1307 2450 1364 2508 ex.
1395 2409 1562 2510 insidiis
1610 2410 1824 2509 advolant
1860 2448 1939 2507 nu·
1985 2485 1991 2499 .

483 2555 610 2651 mero'
651 2550 791 2651 millia
830 2550 999 2650 'circiter
1023 2550 1164 2669 tria,
1203 2589 1367 2692 magna
1404 2590 1457 2650 ex
1499 2588 1619 2691 parte
1659 2552 1940 2683 jaculatores,

483 2689 665 2791 arcubus
722 2727 765 2791 et
807 2691 1039 2833 scloppet'is
1075 2693 1266 2792 armati.
1306 2703 1434 2833 Vega
1468 2734 1603 2817 suos,
1636 2730 1686 2793 ut
1723 2731 1936 2793 memores

482 2835 787 2971 Hispanorum
830 2833 1032 2973 pristinae
1065 2835 1269 2975 gloriae,
1305 2835 1389 2975 'qui
1425 2837 1556 2976 pauci
1597 2874 1723 2975 saepe
1779 2835 1932 2934 multos

484 2975 765 3093 devicissent,
799 2974 995 3074 hostium
1031 2977 1360 3077 multitudinem
1396 3016 1482 3117 ope
1513 2976 1668 3077 divina
1697 2972 1804 3077 freti
1834 3016 1932 3075 con·

435 3190 436 3195 a
484 3124 767 3233 temnerent,
806 3114 1004 3216 hortatur
1033 3194 1047 3236 ,
1081 3119 1317 3216 necenim
1351 3117 1577 3223 Christum
1619 3155 1774 3218 contra
1807 3116 1931 3217 chri-

485 3257 614 3356 stiani
649 3258 840 3356 nominis
877 3255 1020 3357 hostes
1064 3257 1362 3379 Christianis,
1394 3301 1473 3360 nec
1515 3261 1670 3362 divum
1712 3257 1931 3397 Jacoburn

466 3396 712 3500 clientibus
748 3397 1049 3519 Christianis,
1093 3440 1173 3539 pro
1210 3399 1371 3540 quibus
1407 3441 1541 3542 saepe*
1568 3437 1802 3544 pugnasset
1834 3478 1850 3519 ‚
1885 3440 1932 3499 eo

485 3580 565 3639 suo
602 3542 673 3639 die
710 3536 990 3664 defuturum,
1025 3542 1242 3681 simulque
1278 3544 1400 3683 signa
1434 3545 1482 3646 in
1519 3543 1659 3644 hostes
1696 3540 1854 3643 inferre
1881 3551 1931 3672 ju·

486 3683 561 3782 bet
588 3758 602 3800 ,
628 3682 729 3821 squi·
749 3693 838 3813 jam
874 3684 922 3782 in
959 3685 1138 3822 planum
1180 3685 1394 3826 progressi
1430 3681 1660 3828 glandibus
1696 3724 1742 3787 et
1778 3685 1935 3827 sagittis

489 3824 660 3924 eminus
697 3859 864 3925 nostros
901 3826 1186 3927 lacessebant.
1318 3835 1338 3877 ·’
1378 3833 1382 3842 ’

466 4014 470 4021 ·
556 3941 758 4068 LlleV.
835 3967 1002 4067 Praelio
1046 3976 1247 4066 conserto
1296 3964 1463 4069 acriter
1494 3969 1706 4112 utrinque
1750 3968 1936 4070 dimica-

363 4188 365 4192 .
484 4103 637 4214 baturs
677 4111 751 4208 sed
774 4109 922 4248 primo
958 4109 1128 4249 impetu
1161 4109 1305 4211 hostes
1341 4153 1415 4212 sua
1446 4114 1733 4214 multitudine
1769 4150 1940 4213 nostros

484 4250 778 4388 premebant,
819 4258 998 4391 jamque
1043 4252 1282 4352 Palomares
1319 4253 1536 4396 signifer,
1573 4267 1629 4355 et'
1656 4294 1824 4398 septem
1867 4255 1945 4356 alii

486 4394 570 4490 viri
603 4389 841 4493 fortissimi*
865 4394 912 4495 in
949 4394 1091 4532 prima
1126 4396 1218 4494 acie
1254 4398 1511 4498 dimicantes
1546 4400 1821 4523 ceciderant,
1840 4438 1946 4501 curn

485 4539 612 4672 Vega
658 4531 809 4634 factus
848 4536 1007 4636 certior
1044 4615 1058 4657 ,
1111 4538 1159 4637 in
1214 4579 1310 4638 eam
1358 4551 1526 4681 partem
1563 4617 1578 4660 ,
1615 4582 1706 4683 qua
1751 4543 1946 4644 maxime

370 4698 376 4708 ’
482 4673 790 4800 laborabatur,
826 4680 1120 4820 praetorianos
1155 4682 1358 4809 milites,
1392 4684 1472 4827 qui
1508 4685 1634 4789 vacui
1672 4722 1793 4788 erant
1821 4767 1838 4808 ,
1871 4729 1947 4788 ex-

558 4863 562 4876 ²
1868 4856 1977 4928 tra-¹
