3998 5850
493 456 580 566 476
813 517 818 531 ·
886 471 969 551 DE
1015 469 1217 550 REBUS
1264 466 1494 549 GESTIS

451 668 632 773 quenter
680 623 1079 728 Nortbumberlani
1121 627 1303 727 consilia
1350 618 1669 766 perferebantur
1702 699 1719 743 ‚
1765 661 1821 722 ac
1855 616 1911 723 de

452 774 612 877 morbo
648 773 783 913 Regis
819 771 1103 872 invalescente
1139 771 1296 870 certior
1334 768 1491 870 fiebat.
1638 832 1639 841 r

457 990 459 994 ψ
533 930 609 1020 IV.
696 915 841 1016 Obiit*
864 949 1010 1014 autem
1057 915 1280 1015 Eduardus
1316 913 1458 1053 pridie
1494 919 1735 1011 Nonarum
1772 908 1906 1047 julii,

453 1101 556 1163 cum
592 1094 809 1202 regnasset
842 1099 980 1158 annos
1016 1097 1212 1200 septem,
1247 1095 1481 1199 ageretque
1518 1055 1667 1154 aetatis
1705 1095 1808 1156 suae
1836 1095 1909 1154 an·

453 1246 573 1307 num.
600 1204 821 1303 decimum
858 1237 1051 1303 sextum.
1095 1200 1190 1319 Qui
1226 1201 1301 1300 vix
1347 1202 1454 1299 dum
1496 1199 1690 1300 animam
1733 1193 1908 1298 efflave-

454 1384 520 1449 rat
552 1426 566 1469 ,
602 1387 705 1447 cum
747 1353 910 1445 Poeaus
954 1346 1074 1444 idem
1126 1343 1439 1444 Varoicensem
1490 1342 1719 1440 Comitem
1769 1339 1910 1443 filium

454 1528 558 1593 natu
609 1489 852 1592 maximum
904 1527 1006 1589 cum
1056 1486 1277 1626 equitibus
1330 1484 1584 1626 quingentis
1633 1486 1910 1587 Eduvardem

455 1632 701 1776 proficisci,
738 1669 782 1731 et
818 1633 1008 1730 Mariam
1046 1629 1232 1728 Consilii
1267 1630 1450 1728 nomine
1486 1627 1686 1727 accersite
1701 1705 1716 1747 ‚
1745 1663 1790 1727 ct
1831 1669 1909 1729 vo-

458 1778 623 1877 lentem
669 1813 744 1874 aut
785 1775 969 1874 invitam
1020 1773 1278 1873 Londinum
1315 1773 1527 1871 deducere
1562 1771 1714 1902 jubet.
1755 1773 1907 1890 Maria,

458 1921 597 2060 Regis
632 1917 761 2018 obitu
797 1956 840 2017 et
877 1917 1094 2057 equitatus
1129 1918 1322 2018 adventu
1357 1915 1594 2033 nuntiato,
1630 1908 1833 2014 furorem
1862 1956 1905 2014 ac

461 2063 554 2162 vim
591 2060 981 2161 Northumberlani
1015 2096 1213 2160 metuens
1245 2139 1260 2180 ,
1295 2059 1412 2159 nulla
1453 2058 1714 2197 interposita
1759 2098 1905 2178 mora,

462 2205 626 2344 raptim
662 2243 764 2303 cum
802 2242 979 2303 suorum
1016 2203 1239 2345 perpaucis
1274 2201 1515 2302 conscensis
1568 2202 1695 2342 equis
1733 2201 1907 2344 'profici-

464 2349 623 2464 scitur,
661 2387 709 2445 ac
747 2346 900 2449 itinere
938 2347 1008 2448 die
1044 2383 1267 2486 noctuque
1301 2345 1588 2462 continuate,
1628 2345 1677 2444 in
1727 2341 1908 2444 Norfol-

463 2487 610 2589 chiam
647 2488 916 2589 maritimam
951 2490 1214 2630 regionem,
1250 2525 1299 2588 ut
1338 2490 1652 2606 constituerat,
1691 2489 1884 2629 pervenit
1893 2565 1910 2608 ,

465 2632 614 2731 locum
651 2632 860 2732 tutiorem
895 2665 936 2732 et
972 2634 1028 2731 ad
1064 2629 1378 2734 contrahendas
1414 2632 1562 2772 copias
1619 2668 1666 2730 er
1712 2670 1909 2731 accersen-

464 2777 522 2874 da
559 2776 718 2874 auxilia
755 2775 1071 2894 transmarina,
1096 2777 1132 2875 si
1167 2816 1278 2918 opus
1314 2811 1444 2896 essct,
1479 2810 1808 2915 opportunums
1841 2772 1909 2875 ubi

383 3031 384 3034 w
465 2958 491 3015 a
536 2915 817 3057 popularibus
868 2960 948 3060 pro
998 2918 1171 3059 Regina
1216 2917 1398 3020 libenter
1438 2954 1609 3058 recepta
1651 2955 1697 3019 et
1743 2920 1910 3018 salutata

374 3172 385 3193 s
467 3096 570 3159 cum
606 3097 740 3176 esset,
776 3064 924 3202 coepit
959 3062 1121 3161 nuntiis
1176 3061 1411 3203 litterisque
1463 3063 1607 3202 Regio
1644 3062 1831 3161 nomine
1855 3062 1909 3160 di-

465 3199 606 3299 missis
650 3201 847 3301 civitates
892 3239 935 3304 et
978 3244 1173 3346 proceres
1215 3244 1410 3347 rogare,
1455 3240 1497 3303 et
1538 3243 1622 3345 pro
1666 3207 1908 3306 auctoritate

467 3343 697 3484 principali
738 3344 931 3475 jubere,
973 3386 1024 3448 ut
1059 3388 1129 3468 se,
1169 3351 1225 3448 ad
1261 3388 1398 3490 quam
1432 3357 1642 3488 Regnum
1677 3348 1910 3451 Britanniae

467 3485 731 3589 hereditario
769 3525 1033 3630 paternoque
1057 3501 1151 3622 jure
1186 3492 1479 3630 pervenisset,
1497 3491 1720 3634 Reginam
1750 3533 1804 3591 ex
1827 3530 1911 3591 ruo

468 3666 516 3729 re
552 3629 736 3769 publicis
773 3634 1015 3771 praeconiis
1051 3634 1339 3751 declararent,
1373 3670 1416 3733 et
1453 3674 1581 3734 suum
1618 3630 1824 3737 officium
1837 3711 1853 3755 ,
1882 3630 1911 3730 si

468 3809 567 3872 usus
590 3808 726 3892 esset,
751 3778 807 3875 ad
843 3777 1104 3918 repellendas
1130 3775 1397 3915 perfidorum
1433 3776 1606 3907 injurias
1646 3811 1910 3916 praestarent

396 4027 397 4031 g
466 3924 618 4055 ltaque
654 3915 777 4017 brevi
809 3920 983 4019 adeam
1021 3917 1203 4020 subsidii
1237 3919 1528 4063 praesidiique
1563 3922 1703 4062 gratia
1739 3916 1915 4023 armatae

465 4093 621 4160 manus
658 4099 892 4161 conventre
929 4099 1193 4200 coeperunt.

537 4213 595 4302 V.
668 4214 833 4303 Interea
875 4202 1346 4320 Northumberlanus,
1388 4206 1468 4348 qui
1510 4206 1645 4348 Regis
1699 4244 1913 4324 mortem,

341 4426 347 4443 .
468 4382 563 4482 quo
596 4347 873 4449 commodius
908 4347 1097 4488 cogitata
1134 4346 1382 4488 perficeret,
1420 4349 1556 4450 biduo
1593 4351 1775 4470 celavit,
1812 4389 1920 4490 pro-

469 4486 647 4624 pinquis
685 4523 731 4589 et
763 4490 913 4590 amicis
949 4490 1171 4629 appellatis
1207 4527 1249 4590 et
1283 4494 1564 4609 convocatis,
1588 4500 1818 4626 joannam
1852 4533 1919 4593 nu·

469 4664 568 4728 rum
612 4669 775 4771 magno
810 4632 1044 4772 Regioque
1080 4634 1289 4735 comitatu
1318 4677 1370 4736 ex
1406 4636 1628 4777 praetorio
1665 4680 1782 4757 suo,
1805 4636 1923 4780 quod

324 4840 331 4858 ·
470 4772 528 4874 ad
561 4772 704 4913 ripam
738 4777 934 4880 Tamesis
968 4775 1088 4880 abest
1122 4819 1148 4880 a
1182 4778 1391 4882 Londino
1427 4819 1639 4921 passuum
1671 4782 1815 4886 millia
1850 4782 1923 4883 cir·

610 4980 613 4988 ·
1862 4961 1923 5027 ct-
