4124 5880
535 401 600 516 :36
874 477 880 491 .
932 413 1013 493 nn
1059 405 1255 488 ursus
1302 403 1548 485 uusrrs

493 572 704 673 ‘maxima
740 569 1046 686 confluxerat,
1083 604 1330 686 secessere,
1367 599 1411 663 et
1448 557 1726 704 colloquium
1763 562 1811 667 in'
1843 564 1971 671 horas

510 717 677 818 circiter
723 750 911 857 quatuor
964 713 1295 854 produxerunt.
1343 710 1537 848 Itaque,
1582 709 1811 811 occidente
1848 717 1970 838 sole,

508 861 689 965 Carolus
732 860 789 960 ad
835 897 963 957 naves
1000 857 1205 955 revertit.
1247 863 1364 954 1Post
1395 854 1520 953 diem
1557 854 1737 955 tertium
1779 857 1828 957 in
1863 857 1971 959 hor-

509 1043 611 1124 tos,
647 1003 727 1145 qui
764 1037 864 1102 sunt
898 1003 1012 1115 inter
1048 1000 1262 1101 Nicaeam
1298 1031 1341 1096 et
1376 992 1765 1118 Villamfrancam,
1786 1000 1834 1100 in
1871 1041 1968 1109 me·.

509 1150 587 1248 dio
621 1143 757 1249 ferme
793 1144 973 1285 spati0‚
1008 1143 1167 1244 itidem
1201 1141 1414 1283 colloquii
1430 1231 1436 1243 ,
1452 1141 1590 1282 gratia
1623 1181 1764 1245 rursus
1802 1186 1967 1250 conve-

509 1328 706 1412 nerunt,
741 1287 955 1390 militibus
990 1287 1244 1431 Hispania,
1280 1324 1474 1427 quorum
1517 1284 1573 1384 ad
1610 1289 1710 1389 duo.
1739 1289 1877 1391 millia
1915 1336 1968 1397 cx

508 1434 760 1539 Insubribus
795 1434 1018 1534 custodiae
1060 1473 1158 1533 suae
1201 1471 1327 1531 causa
1362 1429 1544 1531 Carolus
1587 1469 1882 1557 evocaverat,
1918 1439 1968 1540 in

511 1581 696 1701 statione
744 1615 787 1678 et
836 1588 1085 1719 conspectu·
1119 1577 1320 1718 ipsorum
1367 1574 1733 1720 consistentibus.
1780 1581 1968 1684 Nullam

512 1725 633 1825 enim
660 1734 889 1825 'armatam
931 1761 1116 1824 manum
1162 1761 1214 1822 ex
1255 1719 1470 1860 Hispania
1510 1756 1676 1861 praeter
1719 1724 1968 1828 admodum

511 1907 675 2007 paucos
701 1867 996 2009 praetorianos
1023 1866 1182 1967 milites
1209 1863 1391 1965 Carolus
1410 1867 1669 1964 advexerat.
1698 1875 1820 1968 Nam
1846 1877 1967 1970 Pon-

511 2008 615 2113 tifex
650 2050 870 2112 summam
910 2010 1181 2111 securitatem
1204 2003 1505 2150 ‚praeferens-¹,
1551 2048 1688 2149 paene
1723 2010 1967 2116 incomita-

512 2190 581 2255 tus
616 2196 783 2299 semper
819 2155 873 2255 ad
909 2155 1185 2297 colloquium
1220 2153 1372 2254 Caroli
1408 2151 1635 2255 veniebat.

582 2309 704 2401 XIV.
777 2311 874 2401 Rex
910 2299 1058 2398 Gallus
1093 2300 1173 2399 diu
1207 2334 1445 2418 moratus,
1480 2335 1523 2398 et
1558 2298 1701 2439 parvis
1736 2297 1965 2407 itineribus

513 2481 758 2585 progressus
798 2444 948 2582 (quod
986 2442 1145 2543 occulti
1182 2442 1320 2542 animi
1352 2442 1534 2584 dolique
1566 2443 1860 2583 suspicionem
1886 2489 1966 2549 au-

511 2584 672 2728 gebat)
705 2588 880 2687 tandem
910 2586 1049 2727 pridie
1076 2580 1368 2688 Kalendarum
1395 2588 1526 2724 Junii
1549 2588 1800 2729 Antipolim
1834 2593 1967 2694 mari-

511 2730 674 2830 timum
697 2731 944 2872 oppidum,
965 2735 1086 2873 quod
1123 2729 1243 2832 abest
1274 2771 1300 2830 a
1328 2732 1733 2874 Nicaeapassuum
1770 2734 1968 2837 millibus

512 2874 684 2977 circiter
717 2913 883 2977 novem
900 2953 914 2996 ,
934 2917 1036 2979 cum
1071 2916 1207 2977 uxore
1242 2912 1374 3018 atque
1410 2875 1554 2977 liberis
1591 2878 1833 3017 pervenit,
1871 2919 1968 2980 ma-

512 3057 603 3159 gno
639 3018 854 3121 comitatu
891 3056 1248 3163 armatorumque
1283 3021 1499 3161 praesidio
1533 3022 1738 3162 stipatus.
1793 3025 1969 3128 Eodem

512 3162 585 3261 die
619 3163 782 3305 legatus
801 3163 1001 3305 quidam
1037 3167 1093 3267 ad
1131 3164 1344 3268 Carolum
1387 3207 1439 3267 cx
1474 3166 1629 3268 Russia
1670 3166 1822 3266 missus
1862 3208 1970 3308 pcr-

511 3306 632 3407 venit
645 3384 659 3427 ,
679 3309 759 3448 qui
790 3348 893 3409 cum
920 3311 1164 3412 naviculam
1191 3325 1383 3411 Savonae
1412 3309 1669 3452 compendii
1693 3312 1834 3452 gratia
1856 3351 1969 3413 con-

511 3451 766 3579 scendisset,
788 3448 854 3553 his
890 3457 1037 3594 paucis
1076 3452 1228 3556 diebus
1265 3491 1365 3556 ante
1390 3454 1649 3596 Arbengam
1686 3456 1904 3595 oppidum
1940 3498 1967 3558 a

510 3593 662 3694 Turcis
708 3595 1002 3736 praedonibus
1045 3637 1195 3739 captus
1238 3594 1378 3700 firerat
1408 3676 1424 3719 ,
1454 3599 1798 3740 Massiliamque
1834 3599 1968 3702 inve-

508 3769 630 3855 ctus,
657 3740 735 3841 ubi
769 3744 940 3843 laudus
978 3744 1181 3844 Sedantus
1216 3743 1470 3884 provinciae
1503 3742 1803 3850 Narbonensis
1838 3754 1968 3848 Mas-

508 3879 715 4022 siliaeque
756 3880 993 4022 praefectus
1035 3897 1150 4018 jussu
1185 3888 1322 4031 Regis
1342 3894 1347 3902 ’
1367 3885 1568 4029 precibus
1618 3925 1717 3987 eum
1755 3889 1824 3989 vel
1859 3928 1967 4030 par·-

507 4059 567 4123 νο
613 4025 753 4165 pretio
797 4025 853 4127 ab
897 4030 1060 4131 eisdem
1108 4030 1401 4172 praedonibus
1441 4110 1456 4152 ‚
1498 4065 1547 4129 ut
1587 4031 1750 4132 Carolo
1787 4071 1967 4140 morem

506 4205 700 4306 gereret,
728 4171 998 4276 redemerat.
1038 4175 1243 4277 Kalendis
1280 4174 1412 4313 Junii
1447 4186 1543 4276 Rex
1578 4173 1698 4277 idem
1735 4185 1967 4314 Joannem

406 4311 411 4321 ’
504 4318 715 4414 Lorenam
751 4318 1027 4420 Cardinalem
1063 4357 1106 4420 et
1142 4326 1320 4419 Annam
1348 4320 1823 4423 Montimorensiacum
1859 4325 1967 4420 Gal-

502 4451 585 4553 liae
621 4459 965 4563 Comestabilem
1001 4466 1057 4564 ad
1093 4463 1330 4584 Carolum,
1371 4461 1445 4564 bic
1482 4464 1672 4566 vicissim
1709 4462 1962 4571 Beltranum

501 4610 696 4699 Cuevam
750 4601 1091 4748 Alburquerquii
1126 4620 1302 4707 Ducem
1336 4684 1351 4724 ,
1382 4644 1426 4707 et
1461 4608 1733 4709 Frarrciscum
1775 4619 1962 4712 Covum

500 4742 829 4887 Nicolaumque
871 4750 1133 4853 Granuclam
1175 4749 1230 4850 ad
1270 4760 1441 4893 Regem
1486 4787 1528 4852 et
1567 4748 1792 4892 Reginam
1838 4752 1959 4852 salu-

1843 4932 1946 4994 tan-
