4124 5880
527 422 802 504 'ernost
843 421 894 501 ν.
935 421 1054 503 cra.
1089 425 1241 505 xvn.
1534 439 1592 533 27

148 617 202 683 tu
249 577 406 724 paucis
448 576 531 684 illis
577 580 733 682 diebus
782 575 1034 700 confect0,
1080 620 1312 724 properate
1356 582 1479 714 jubet
1518 662 1530 699 ,
1586 624 1629 688 et

140 725 268 869 quid
304 727 400 831 fieti
437 728 575 849 velit,
612 726 831 827 ostendit.
873 724 1119 847 Henticus,
1158 727 1297 869 copiis
1334 729 1561 851 inductis,
1599 774 1625 834 a

138 879 387 978 Terovena
428 910 633 1011 passuum
675 870 839 1017 viginti
870 869 1069 1013 quinque
1104 872 1271 976 circiter
1308 874 1499 980 millibus
1535 875 1624 979 hoc

136 1018 342 1118 consilio
378 1017 605 1141 consedit,
627 1056 721 1118 non
759 1053 810 1117 ut
844 1016 1007 1155 praelio
1044 1055 1145 1117 cum
1183 1019 1483 1138 Caesarianis,
1521 1025 1621 1163 qui-

137 1160 232 1262 bus
258 1200 449 1263 numero
485 1198 528 1262 et
564 1202 724 1305 genere
751 1161 946 1264 militum
982 1155 1162 1261 inferior
1199 1196 1288 1261 erat
1302 1239 1317 1282 ‚
1355 1163 1619 1290 dimicaret,

136 1309 230 1407 sed
266 1344 317 1407 ut
353 1348 426 1409 eos
472 1303 528 1407 ab
565 1308 725 1439 injuria
761 1342 804 1406 et
844 1303 1062 1405 maleficio
1100 1302 1355 1447 prohiberet
1388 1385 1403 1428 ,
1443 1350 1526 1412 nec
1561 1311 1620 1410 li-

137 1449 263 1552 bere
298 1452 478 1594 vagati,
516 1493 597 1552 nec
633 1490 773 1575 rursus
810 1486 924 1550 arcte
961 1449 1183 1590 oppidum
1219 1448 1419 1553 obsidete
1457 1490 1619 1592 patere·

140 1631 253 1695 tur.
298 1599 380 1698 Sed
416 1635 521 1697 cum
556 1597 734 1737 utrique
771 1635 812 1695 se
848 1595 896 1695 in
931 1593 1130 1697 hostium
1167 1596 1333 1696 malum
1369 1597 1496 1696 omni
1532 1621 1633 1741 ope

137 1777 502 1880 compararent,
538 1737 688 1842 Abbas
724 1739 944 1880 quidam,
980 1739 1047 1840 vir
1082 1737 1245 1878 probus
1283 1775 1325 1840 et
1359 1739 1615 1881 religiosus,

136 1884 307 1985 dolens
341 1884 615 1987 Christianos
651 1884 813 1984 mutuis
858 1884 971 1985 inter
1006 1925 1049 1984 se
1086 1882 1336 1985 vulneribus
1381 1923 1431 1983 ac
1467 1886 1614 1986 caedi·
1671 1965 1676 1973 .

132 2026 230 2128 bus
270 2029 485 2145 concidi,
517 2030 577 2127 ad
610 2063 821 2169 utrosque
856 2028 1146 2147 ventitand0,
1179 2024 1468 2169 prudentibus
1505 2029 1611 2169 piis-

131 2213 239 2314 que
267 2174 412 2276 vetbis
449 2174 505 2275 ad
528 2173 814 2273 concordiam
838 2208 932 2272 tam
959 2173 1189 2314 prudenter
1225 2209 1288 2273 est
1319 2170 1613 2287 adhortatus,

133 2353 200 2415 ut
238 2316 325 2417 hoc
361 2354 540 2420 auctore
581 2355 714 2459 arque
760 2352 964 2459 agente,
1013 2355 1057 2417 et
1092 2316 1185 2415 aliis
1230 2314 1437 2459 gravibus
1474 2318 1610 2417 causis

125 2473 386 2564 Burensem
421 2460 649 2563 Comitem
685 2459 1049 2581 adhortantibus,
1084 2500 1251 2563 novem
1287 2459 1508 2561 mensium
1542 2461 1613 2563 in·

121 2605 304 2705 <luciae
340 2604 527 2725 fierent,
563 2646 613 2706 ac
647 2602 813 2708 bellum
850 2605 1179 2707 dissolveretur.

221 2759 293 2850 111.
369 2762 545 2851 Harum
581 2788 725 2851 terum
760 2749 808 2849 in
842 2748 984 2851 Gallia
1017 2748 1192 2892 Belgica
1227 2780 1447 2892 gestarum
1487 2745 1610 2848 ordi·
1704 2877 1709 2885 Ι

111 2932 260 2992 mern
295 2930 425 3036 atque
475 2893 689 2996 rationem
731 2931 781 2995 ut
817 2894 997 2995 Carolus
1033 2928 1317 3037 cognosceret
1347 2970 1362 3012 ,
1395 2931 1446 2992 ac
1481 2891 1611 2992 indu-

112 3034 239 3133 <ias
290 3072 334 3136 et
385 3038 664 3140 conditiones
711 3036 1026 3158 confirmaret,
1062 3041 1119 3139 ad
1170 3039 1316 3180 ipsum
1351 3035 1611 3137 Montisone

106 3185 408 3281 Conventus
460 3179 698 3283 habentem
748 3185 900 3285 missus
954 3217 1017 3283 est
1050 3183 1283 3285 Cornelius
1318 3195 1523 3321 Sceperus
1560 3219 1613 3280 ex

119 3324 302 3424 Caroli
337 3325 612 3428 Consiliariis
646 3328 695 3428 in
730 3329 917 3470 Belgio,
955 3328 1035 3469 qui
1071 3365 1147 3469 pet
1182 3326 1370 3428 Galliam
1407 3326 1486 3424 iter
1531 3318 1611 3420 ha-

114 3459 294 3588 bens,
331 3470 388 3570 ad
424 3481 597 3612 Regem
631 3473 903 3573 Franciscum
945 3510 988 3573 et
1029 3472 1253 3614 Reginam
1295 3467 1443 3572 Caroli
1485 3502 1611 3565 soro·
1650 3470 1652 3476 ’

125 3643 243 3712 sem
281 3613 499 3714 salutandi
534 3615 673 3756 gratia
709 3616 911 3727 deflexits
944 3653 988 3717 et
1024 3651 1128 3717 cum
1165 3614 1231 3715 his
1267 3613 1323 3711 de
1359 3612 1614 3712 incommo-

114 3749 216 3853 dis
254 3754 464 3901 utrinque
499 3756 617 3860 bello
654 3761 839 3902 acceptis
886 3760 1161 3877 collocutus,
1196 3755 1333 3898 Regis
1382 3756 1612 3871 animum,

116 3928 293 4029 quem
325 3902 499 4047 Regina
535 3902 709 4005 mollire
745 3941 789 4004 et
825 3905 881 4005 ad
922 3904 1209 4004 concordiam
1255 3899 1476 4003 adhortari
1519 3934 1613 3996 non

106 4030 426 4166 desistebat,
466 4049 523 4147 ad
559 4086 713 4189 pacem
749 4088 837 4150 esse
885 4049 1128 4192 proclivem
1178 4045 1408 4190 cognoscit
1440 4083 1452 4151 3
1494 4079 1614 4139 acce-

98 4187 332 4328 ptisque
368 4188 514 4292 abeo
550 4194 802 4314 mandam,
837 4226 886 4296 ut
921 4194 1132 4298 Carolum
1184 4196 1238 4293 de
1275 4229 1350 4290 sua
1385 4184 1615 4288 voluntate

96 4350 164 4416 ⁶1³
248 4333 404 4437 animo
457 4337 686 4439 certiorem
734 4334 929 4457 faceret,
966 4343 1027 4441 ire
1079 4338 1250 4482 pergit.
1301 4343 1509 4474 Cumque
1558 4331 1616 4430 ad
1695 4326 1699 4331 ⁵

85 4465 363 4581 Carolum
418 4484 715 4620 pervenisset,
751 4476 810 4581 et
829 4484 1040 4581 mandata
1089 4477 1388 4621 exposuisset,
1428 4476 1618 4577 redeun-

86 4631 165 4766 te·
176 4657 247 4719 ln
282 4625 470 4723 Carolus
506 4628 623 4769 Regi
660 4625 906 4728 renuntiare
942 4617 1107 4756 jubet,
1145 4622 1226 4725 sibi
1262 4661 1369 4722 vcro
1404 4661 1512 4761 pace
1547 4621 1620 4722 ni·

86 4739 219 4859 llll
254 4765 482 4907 antiquius
520 4809 639 4892 esse,
679 4770 791 4872 nihil
826 4770 1055 4912 optatius,
1093 4810 1170 4873 nec
1208 4809 1251 4868 se
1294 4800 1622 4881 recusaturum,

1135 4928 1224 5016 Da
1362 4936 1365 4939 ‘
1520 4906 1631 5047 quin
