4102 5864
537 448 785 542 ennom
834 459 1050 559 urm.
1091 459 1231 538 xxv.
1498 473 1583 565 339

160 608 278 713 tibus
314 602 567 743 contributa
604 649 647 715 et
683 646 829 714 exacta
861 606 1066 713 fuerunt.
1330 662 1331 665 Ν
1604 664 1605 667 ¹

232 764 485 859 XXXVIII.
543 761 730 859 vEodem
765 794 882 857 anno
918 756 1097 859 Carolus
1134 758 1210 897 per
1245 760 1485 859 Gerardum
1509 762 1614 863 Vel·
1706 858 1708 862 ,

158 894 359 1000 tuichum
394 900 588 1040 legatum
624 899 818 1001 inducias
856 900 1056 1041 quinque
1092 938 1309 999 annorum
1344 941 1445 1001 cum
1500 904 1612 1041 Soly-

155 1077 294 1141 mano
329 1041 526 1182 Principe
560 1049 805 1146 Turcarum
839 1036 972 1144 fecit.
1014 1040 1239 1181 Philippus
1275 1045 1455 1143 Hessiae
1476 1055 1608 1146 Lant-

157 1183 366 1322 gravius,
386 1222 490 1284 cum
526 1184 573 1285 in
608 1186 806 1285 custodia
842 1186 898 1284 ad
934 1183 1220 1284 Mechliniam
1256 1220 1501 1305 teneretur,
1521 1188 1608 1287 im,

155 1322 324 1462 patiens
359 1364 538 1445 morae,
575 1326 791 1468 rebusque
826 1326 908 1426 suis
945 1321 1149 1447 diffisus,
1186 1321 1339 1467 fugam
1374 1366 1605 1467 compara-

42 1519 46 1527 ·
155 1463 260 1567 bats
299 1475 494 1607 Jamque
530 1475 758 1571 Conradus
792 1469 1069 1592 Bredestenus
1106 1505 1149 1568 et
1191 1476 1388 1604 Joannes
1431 1482 1603 1577 Rome-

155 1606 236 1706 lius
272 1619 360 1742 ejus
394 1604 666 1734 familiares,
702 1650 805 1712 cum
840 1608 1000 1750 quibus
1033 1610 1267 1710 consilium
1302 1613 1604 1712 communica-

156 1786 277 1850 verat
309 1828 325 1871 ,
359 1790 496 1891 equos
547 1753 840 1854 velocissimos
874 1749 931 1851 ab
982 1752 1163 1852 Hessiae
1198 1750 1358 1855 finibus
1407 1755 1601 1854 Mechli-

155 1891 276 1991 niam
312 1933 448 2034 usque
483 1893 826 2034 disposuerant,
872 1931 915 1994 et
951 1894 1042 1994 dies
1078 1928 1252 1994 venerat
1291 1891 1421 2035 fugae
1467 1899 1601 1997 desti·

153 2069 280 2133 natus
311 2113 326 2155 ,
361 2047 476 2135 cum'
500 2031 656 2138 famuli
689 2038 915 2170 cujusdam
950 2037 1239 2156 temeritate,
1274 2038 1354 2176 qui
1389 2037 1600 2178 particeps

64 2281 69 2286 ,
152 2178 326 2278 consilii
361 2213 405 2278 et
440 2179 692 2283 administer
727 2215 843 2299 erar,
885 2217 951 2278 res
986 2179 1235 2283 emanavit.
1273 2190 1310 2278 Is
1347 2181 1464 2281 enim
1500 2188 1602 2280 Me-

153 2315 338 2420 cbliniae
356 2389 385 2459 ’,Α
419 2360 523 2425 cum
572 2319 834 2424 familiariter
870 2321 926 2421 de
974 2321 1246 2463 Lantgravio
1296 2361 1401 2422 cum
1452 2322 1598 2421 amico

152 2461 518 2604 colloqueretur,
551 2465 695 2567 nescio
731 2504 821 2604 qua
857 2464 1013 2564 mentis
1051 2465 1256 2565 caecitate
1291 2464 1360 2563 vel
1405 2466 1598 2564 amentia

151 2601 393 2743 impulsus,
428 2602 525 2707 fore
560 2608 700 2726 dixit,
736 2644 785 2707 ut
820 2606 1106 2748 Lantgravius
1139 2606 1256 2704 iutra
1292 2643 1447 2744 paucas
1473 2605 1598 2705 horas

150 2743 434 2848 liberaretur.
472 2761 578 2849 Hoc
613 2787 717 2850 cum
751 2748 823 2848 ille
859 2748 964 2848 alter
999 2750 1055 2847 ad
1090 2746 1309 2847 custodiae
1332 2740 1599 2884 praefectum

150 2885 330 3029 inipso
367 2894 691 3031 propemodum
728 2886 937 3030 temporis
974 2889 1194 3008 articulo,
1223 2927 1316 3028 quo
1351 2884 1458 3028 fuga
1492 2926 1599 2988 con·
1666 2962 1668 2966 .

151 3032 305 3130 sceusis
342 3034 461 3173 equis
500 3069 588 3133 erat
623 3035 911 3175 capessenda,
947 3032 1199 3148 detulisset,
1226 3024 1459 3168 praefectus
1495 3070 1599 3133 curu

150 3172 404 3286 custodibus
440 3173 652 3276 militibus
687 3174 916 3293 occurrit,
953 3185 1133 3313 ejusque
1168 3174 1415 3271 interventu
1456 3211 1597 3310 nego-

80 3327 85 3332 ’
150 3314 265 3412 tium
300 3316 624 3457 supprimitur,
661 3316 921 3458 duobusque
957 3357 1010 3414 ex
1044 3313 1305 3414 administris
1343 3314 1489 3411 statim
1525 3315 1597 3411 in-⁴

150 3451 332 3558 terfecris
364 3536 379 3579 ,
417 3461 568 3560 cereris
605 3458 968 3601 comprehensis,
1010 3457 1089 3597 qui
1125 3489 1274 3595 postea
1308 3454 1448 3593 capite
1485 3455 1597 3551 mul-

19 3673 23 3678 ·
149 3599 232 3697 tati
266 3634 391 3721 sunt,
437 3601 753 3743 Lanrgrauius,
786 3601 866 3742 qui
901 3599 1042 3700 adbuc
1077 3596 1250 3699 liberius
1286 3591 1595 3715 asservabatur,

149 3740 199 3840 in
234 3745 465 3844 arctiorem
501 3744 743 3843 custodiam
780 3744 1058 3843 detruditur.

221 3895 432 3989 XXXIX.
508 3898 627 3987 Cum
661 3926 716 3985 eo
753 3886 1024 4026 querelarum
1060 3917 1104 3981 et
1140 3878 1236 3982 odii
1272 3917 1453 3982 ventum
1490 3913 1596 3978 esset

147 4026 385 4166 utrinque,
404 4063 452 4127 ut
487 4028 744 4169 Lantgravii
779 4025 979 4128 liberatio
1010 4023 1195 4125 minime
1232 4058 1361 4143 tuta,
1388 4024 1461 4123 sed
1484 4021 1595 4119 mul·
1628 4091 1630 4093 ·

148 4202 295 4270 tarum
332 4169 599 4272 seditionum
649 4210 774 4271 causa
813 4165 908 4268 fore
956 4168 1173 4268 videretur
1206 4208 1218 4274 3
1254 4167 1328 4265 illa
1380 4162 1596 4304 plerisque
1705 4300 1707 4302 q

148 4311 257 4409 ratio
295 4311 417 4412 malis
452 4312 708 4413 occurrendi
744 4309 1057 4450 expeditissima
1093 4345 1137 4408 et
1172 4308 1384 4409 tutissima
1419 4304 1598 4405 videba-

55 4449 61 4457 ’
150 4487 223 4550 tur
251 4457 349 4569 ,si'
372 4456 660 4596 Lantgravius
696 4455 742 4553 in
778 4451 975 4551 custodia
1020 4451 1200 4549 lentiore
1237 4486 1453 4565 veneno,
1503 4476 1597 4584 quo

148 4631 216 4691 res
257 4596 468 4696 occultius
505 4595 676 4714 fieret,
723 4629 993 4710 necaretur,
1039 4591 1292 4728 invidiaque
1336 4588 1597 4688 demedio

150 4734 368 4839 tolleretur
386 4815 396 4839 .
417 4809 420 4814 ,
444 4752 515 4839 De
552 4777 645 4879 quo
681 4737 862 4865 Carolus
899 4770 1022 4873 saepe
1057 4773 1082 4830 a
1123 4730 1385 4872 quibusdam
1421 4766 1602 4830 suorum

889 4924 891 4927 ·
1010 4884 1197 4978 Vvs
1447 4951 1450 4959 ·
1524 4869 1602 4965 ad-
