4124 5880
531 404 590 490 ςο
910 390 1000 470 on
1047 385 1253 466 nunus
1301 382 1520 467 onsrrs

492 551 734 674 tenderet,
770 582 815 648 et
851 541 1058 645 eumdem
1095 536 1152 640 ab
1188 540 1378 644 amicitia
1414 584 1490 645 sua
1526 541 1696 689 penitus
1732 580 1964 674 averteret,

493 694 739 802 renovatis
754 727 884 834 atque
921 687 1054 789 etiam
1090 686 1227 788 auctis
1257 689 1456 832 pristinis
1491 688 1816 812 simultatibus,
1850 735 1967 837 quae

495 880 543 946 ut
578 837 862 956 fuissent,
833 876 891 938 src
923 834 1101 937 iterum
1143 872 1232 935 esse
1275 874 1448 979 possent
1490 837 1770 981 publicorum
1818 841 1967 944 malo-
2008 967 2010 970 Α

493 1027 594 1092 rum
631 1022 809 1093 causae3
855 981 985 1082 simul
1022 1017 1237 1124 sperans,
1270 1017 1321 1084 ut
1357 1019 1432 1125 per
1476 983 1754 1147 colloquium
1797 982 1966 1088 firmius

493 1135 607 1236 inter
643 1133 761 1274 ipsos
799 1126 1073 1230 reconciliata
1109 1127 1271 1269 gratia,
1295 1165 1340 1230 tt
1376 1128 1560 1229 sanctius
1597 1127 1787 1231 stabilita
1823 1173 1933 1274 pace
1946 1212 1966 1255 ‚

493 1274 694 1422 publicae
731 1271 1088 1375 Christianorum
1125 1271 1264 1412 quieti
1309 1311 1352 1373 et
1396 1273 1524 1374 saluti
1566 1274 1811 1415 plurimum
1855 1316 1968 1380 con-

493 1425 732 1525 suleretur.
779 1426 930 1562 Atque
966 1415 1034 1518 his
1071 1415 1254 1558 quidem
1289 1417 1532 1522 rationibus
1573 1420 1783 1522 adductus
1819 1431 1968 1522 Caro-

493 1567 557 1667 lus
586 1601 754 1708 praeter
790 1601 1077 1666 communem
1112 1601 1292 1664 suorum
1322 1562 1583 1665 sententiam
1617 1565 1673 1666 ad
1699 1579 1876 1710 Regem
1917 1566 1968 1668 in

495 1710 715 1812 castellum
751 1710 900 1810 venite
938 1706 1157 1810 decrevit.
1303 1818 1304 1822 a

564 1864 771 1956 XXVIII.
845 1853 1062 1955 Postridie
1098 1888 1227 1953 mane
1262 1863 1361 1954 Rex
1395 1893 1421 1953 a
1456 1854 1618 1955 Carolo
1654 1855 1712 1957 de
1759 1893 1841 1955 suo
1888 1852 1967 1954 in-

494 1992 650 2102 stituto
688 1997 848 2101 certior
883 1993 1059 2116 factus,
1095 2034 1335 2137 utrumque
1385 1996 1525 2099 filium
1575 2038 1678 2100 cum
1729 2037 1966 2140 procerum

493 2142 745 2261 comitatu,
781 2142 879 2305 qui
896 2182 969 2243 sex
1005 2139 1173 2283 scaphis
1198 2139 1516 2264 archebantur
1545 2145 1601 2245 ad
1637 2143 1851 2246 Carolum
1885 2145 1964 2244 de

493 2289 747 2390 ducendum
783 2284 932 2387 misit.
972 2285 1204 2386 Carolus
1192 2324 1240 2384 m
1240 2284 1507 2428 scapham,
1528 2327 1640 2429 quae
1676 2322 1836 2389 ornatu
1863 2287 1966 2428 pla·

492 2471 549 2533 ne
578 2432 712 2572 regio
747 2431 908 2530 decora
943 2430 1072 2532 simul
1107 2470 1132 2529 a
1168 2429 1296 2530 Gallo
1333 2432 1456 2533 missa
1491 2426 1663 2553 fixerat,
1703 2433 1967 2552 descendit,

491 2574 763 2719 principibus
798 2573 1010 2715 Hispanis
1046 2613 1151 2675 cum
1186 2577 1336 2716 paucis
1371 2573 1595 2679 nobilibus
1632 2577 1838 2718 sesequi
1873 2583 1964 2708 jus-

492 2721 582 2828 siss
620 2761 725 2821 nam
759 2752 923 2820 ceteros
960 2760 1114 2822 omnes
1152 2719 1391 2821 constituta
1427 2759 1572 2861 poena
1606 2719 1785 2862 capitali
1821 2762 1847 2820 a
1881 2760 1964 2820 na

491 2863 621 2966 vibus
658 2864 876 2966 discedere
911 2864 1100 2984 vetuit,
1136 2900 1187 2964 ut
1222 2897 1349 2963 tanto
1400 2865 1545 2966 minus
1591 2868 1646 2966 de
1698 2864 1787 2967 fide
1822 2864 1962 3005 Regis

423 3105 426 3107 Α
492 3006 695 3109 dubitare
732 3007 1051 3130 videretur,
1021 3047 1057 3108 ιι
1083 2942 1256 3109 irulla
1243 3045 1391 3148 ipsum
1435 3048 1589 3112 manus
1631 3047 1707 3112 aut
1755 3007 1965 3110 multitu-

493 3153 555 3251 do
591 3193 804 3274 suorum,
840 3163 961 3288 cujus
979 3152 1239 3293 praesidio
1272 3151 1408 3254 fidere
1457 3192 1641 3295 posset,
1679 3187 1960 3295 sequeretur.

491 3305 612 3397 Cum
648 3299 706 3399 ad
740 3231 961 3400 caitellum
997 3333 1183 3397 ventum
1219 3335 1323 3419 est,
1358 3299 1597 3441 egredienti
1632 3298 1832 3398 navicula
1867 3310 1965 3399 Ca-

490 3441 624 3602 rol0‚
661 3479 703 3544 et
739 3443 936 3613 ligneum
972 3441 1300 3581 ponticulum
1288 3481 1336 3542 ιιι
1372 3443 1519 3544 littore
1554 3438 1719 3545 factum
1765 3439 1964 3544 subeun-

490 3583 528 3684 ti
561 3596 691 3706 Rex,
732 3624 811 3729 qur
860 3596 950 3720 jam
997 3587 1051 3686 de
1094 3587 1290 3687 adventu
1335 3597 1425 3719 ejus
1468 3624 1882 3730 praecognoverat,
1917 3619 1964 3686 et

490 3725 579 3829 huc
616 3769 721 3829 cum
757 3730 934 3871 Regina
972 3767 1269 3872 processerat,
1305 3770 1489 3832 manum
1526 3733 1762 3872 porrexit,
1797 3769 1841 3834 et
1877 3732 1964 3831 ad-

491 3873 676 3972 ductum
711 3910 827 3972 arcte
865 3874 1118 4016 complexus
1155 3911 1219 3975 est
1256 3912 1300 3977 et
1337 3877 1651 3977 exosculatus:
1696 3876 1819 3976 idem
1854 3912 1965 3976 mox

490 4017 666 4178 Regina
701 4009 834 4139 fecit,
857 4054 900 4118 et
936 4057 1048 4159 quae
1085 4019 1288 4159 proxime
1323 4023 1535 4141 aderant,
1563 4016 1804 4122 Catherina
1830 4029 1962 4119 Hen-

489 4160 573 4260 rrci
608 4199 748 4281 uxor,
779 4199 824 4262 et
859 4162 1015 4263 itidem
1041 4163 1286 4307 Margarita
1309 4163 1447 4305 Regis
1483 4098 1601 4265 filia
1640 4166 1812 4269 Deinde
1844 4162 1962 4265 Galli

490 4342 689 4447 proceres
724 4315 840 4438 jussu
878 4307 1013 4450 Regis
1062 4308 1259 4407 dextram
1294 4309 1446 4410 Caroli
1488 4310 1735 4411 osculatum
1780 4346 1962 4472 proces-

491 4487 687 4571 serunt,
724 4486 767 4551 et
804 4451 995 4593 Hispani
1031 4452 1221 4554 vicissim
1256 4453 1443 4594 Regis,
1469 4490 1520 4554 ut
1553 4493 1649 4554 mos
1685 4488 1747 4552 est
1790 4452 1962 4591 punci-

490 4627 566 4734 pes
602 4595 746 4737 primo
783 4596 937 4717 aditu,
957 4633 1030 4697 aut
1065 4597 1143 4695 lon
1178 4636 1206 4694 o
1244 4632 1344 4735 post
1379 4633 1580 4740 ternpore
1614 4595 1864 4700 salutandis
1905 4637 1960 4696 ιι

489 4774 655 4886 troque
692 4777 840 4844 tamen
883 4743 1138 4886 supplexo
1108 4635 1312 4844 odicium
1356 4741 1682 4887 perhumaniter
1723 4739 1960 4884 repudian

1872 4921 1947 4991 te.
