4124 5880
551 444 628 503 102
782 408 784 415 i
938 413 1023 494 DE
1064 410 1269 490 REBUS
1310 406 1538 490 GESTIS
1599 403 1603 415 ,

502 579 722 723 oppidum
761 566 958 713 Adagiae
996 599 1226 705 exceptus,
1258 603 1425 662 nomen
1461 557 1652 679 amittit,
1681 598 1730 663 ut
1764 599 1859 662 non
1896 566 1963 665 'te⁴¹

497 762 615 825 mete
653 720 858 861 suspicari
895 713 1127 813 videantur
1156 785 1170 827 ,
1212 706 1293 847 qui
1328 743 1515 846 parvum
1551 706 1717 805 flumen
1753 745 1777 804 a
1814 717 1963 840 majo⁴

495 907 584 987 re,
629 905 722 1006 quo
758 857 1021 999 excipitur,
1058 890 1102 954 et
1138 851 1429 990 interceptum
1465 850 1686 992 oppidum
1728 846 1785 948 ab
1834 887 1963 954 utto-t

497 1052 586 1154 que
625 1046 796 1108 nomen
832 1002 1041 1144 accepisse
1079 1034 1254 1140 putant.

494 1149 497 1156 “
571 1163 654 1255 VI.
728 1162 792 1250 Ex
831 1147 1020 1248 Arevalo
1071 1141 1255 1265 Carolus
1292 1138 1500 1242 Torsillas
1542 1177 1830 1281 progressus,
1866 1153 1966 1245 Re-

500 1296 607 1440 gina
643 1329 819 1411 matre,
855 1302 905 1390 ut
940 1286 1080 1389 facere
1115 1330 1166 1387 ex
1201 1285 1417 1424 Hispania
1460 1283 1713 1385 discessurus
1763 1281 1964 1408 solebat,

496 1441 715 1557 salutata,
752 1433 1029 1539 Valdolitum
1066 1430 1283 1572 perrexit3
1318 1463 1360 1528 et
1409 1424 1550 1528 biduo
1594 1425 1659 1527 ibi
1711 1468 1964 1530 commora-

499 1622 592 1703 tus,
623 1626 665 1683 se
703 1582 750 1680 in
786 1579 907 1679 viam
944 1615 1020 1718 per
1056 1614 1200 1715 equos,
1228 1570 1461 1711 dispositos
1497 1609 1601 1672 cum
1637 1573 1877 1673 duodecim
1914 1617 1969 1676 o-

377 1770 380 1778 ·
505 1728 665 1827 mnino
702 1722 940 1825 comitibus
975 1719 1129 1838 dedit,
1160 1755 1355 1858 quorum
1390 1716 1580 1858 Hispani
1615 1710 1790 1818 fuerunt
1826 1719 1966 1859 quin-

501 1910 589 2011 que
607 1867 904 1991 ,«.Fernandus
931 1862 1116 1964 Toletus
1151 1876 1254 1962 Dux
1290 1858 1515 1983 Albanus,
1546 1870 1696 1961 Petrus
1732 1873 1888 1964 Cueva
1921 1904 1958 1963 e-

501 2015 681 2154 quitum
718 2013 972 2112 Alcantarae
1008 2002 1249 2108 Praefectus
1282 2082 1297 2123 ,
1337 2003 1557 2105 Henticus
1591 2006 1777 2105 Toletus
1826 2006 1965 2147 ipsius

497 2157 801 2260 Cubiculatius
832 2233 848 2274 ,
880 2146 1087 2255 Alfonsus
1120 2151 1320 2290 Idiaques
1363 2191 1389 2247 a
1425 2146 1726 2249 secretioribus
1776 2146 1963 2272 libellis,

499 2303 699 2399 Zavallus
735 2298 975 2418 Medicus,
1011 2295 1147 2397 ceteri
1182 2293 1376 2436 Belgae,
1410 2331 1564 2395 omnes
1600 2291 1834 2397 domestici
1870 2305 1966 2395 Ca-

498 2443 608 2544 roli.
652 2457 771 2545 Cum
806 2442 855 2541 in
893 2451 1164 2576 Pyrenaeum
1202 2438 1358 2539 saltum
1393 2478 1443 2538 ac
1477 2437 1785 2541 Fonterabiam
1818 2474 1968 2540 extre*

498 2624 626 2685 mum
662 2587 708 2687 in
743 2584 829 2685 suis
868 2584 1027 2688 finibus
1064 2581 1282 2724 oppidum
1317 2591 1438 2713 juxta
1468 2587 1713 2685 Aeasonem
1746 2619 1963 2727 promon-'¹

497 2728 661 2830 torium
716 2729 1020 2870 pervenisset,
1057 2726 1217 2828 obvios
1267 2723 1423 2829 habuit
1459 2728 1683 2862 Carolum
1716 2729 1853 2871 Regis
1904 2728 1963 2828 fi-

498 2873 650 2993 lium,
681 2907 725 2973 et
762 2879 941 2973 Annam
978 2869 1352 2975 Comestabilem.
1405 2870 1620 2971 Postridie
1657 2873 1802 3014 regios
1855 2868 1997 2972 fines

496 3015 691 3157 ingresso
735 3018 953 3119 Henticus
989 3019 1095 3117 alter
1140 3014 1277 3157 Regis
1312 3013 1425 3114 filius
1461 3025 1605 3146 major
1642 3051 1749 3117 natu
1785 3056 1839 3114 ex
1872 3029 1962 3116 Ba-

496 3168 603 3293 jona
637 3199 742 3261 curn
777 3170 944 3292 majore
980 3159 1195 3261 comitatu
1230 3156 1417 3258 obviam
1451 3158 1607 3279 venit,
1642 3195 1775 3300 atque
1825 3159 1964 3300 oppi-

500 3305 611 3404 dum
658 3304 836 3405 intranti
879 3306 1135 3446 Burdigalus
1171 3300 1590 3444 Archiepiscopus,
1638 3305 1717 3444 qui
1771 3339 1967 3444 praeerat

503 3448 544 3547 ei
581 3447 786 3589 regioni,
823 3484 1049 3589 portarum
1101 3447 1239 3548 claves
1271 3526 1285 3568 ,
1321 3447 1447 3588 quasi
1497 3445 1749 3587 permittens
1803 3447 1965 3547 omnia

502 3593 551 3692 in
586 3590 719 3731 ipsius
754 3627 1047 3733 potestatem,
1083 3591 1289 3694 tradidit:
1318 3592 1444 3731 quod
1479 3588 1528 3689 in
1563 3589 1773 3693 omnibus
1809 3591 1964 3691 castel-

503 3735 552 3834 lis
589 3735 853 3878 oppidisque
879 3737 1076 3854 Galliae,
1103 3773 1381 3876 quacumque
1410 3733 1596 3833 Carolus
1632 3749 1789 3836 Caesar
1826 3768 1963 3836 trans

501 3877 625 3998 iret,
661 3888 778 4009 jussu
821 3881 957 4021 Regis
1008 3877 1176 3981 factum
1227 3917 1336 3999 est,
1382 3877 1590 3980 omnibus
1643 3917 1748 3980 cum
1799 3918 1973 4022 magna

500 4021 818 4164 gratulatione,
841 4059 884 4123 et
919 4063 1002 4164 pro
1038 4059 1168 4163 captu
1204 4032 1417 4164 cujusque
1453 4018 1611 4162 populi
1646 4021 1840 4124 maxima
1877 4026 1971 4126 ob-

501 4167 622 4268 viam
659 4167 974 4309 prodeuntium
1012 4163 1258 4308 frequentia
1294 4201 1337 4266 et
1371 4203 1517 4265 rerum
1567 4166 1776 4272 omnium
1825 4204 1973 4308 appa-

502 4346 599 4411 ratu
633 4310 818 4413 libenter
853 4311 1190 4453 excipientibus.

575 4464 674 4555 VII.
749 4467 882 4558 Erant
932 4457 1159 4598 utriusque
1195 4454 1404 4598 Principis
1452 4454 1642 4596 insignia
1692 4470 1771 4593 p'er
1799 4463 1974 4558 'cuncta

505 4634 599 4696 non
635 4597 779 4698 solum
823 4610 993 4732 majora
1029 4601 1228 4739 oppida,
1264 4602 1338 4697 sed
1374 4597 1509 4699 etiam
1545 4596 1713 4698 castella
1748 4598 1796 4697 in
1831 4595 1974 4701 tabel-

508 4740 560 4840 lis
599 4740 870 4884 proposita,
902 4782 1034 4887 atque
1072 4745 1130 4843 ita
1167 4744 1428 4885 descripta,
1468 4778 1519 4843 ut
1554 4751 1765 4844 Caesarea
1816 4742 1972 4843 dexte-

1876 4925 1973 4990 ram
