4102 5864
387 366 473 484 ado
577 469 581 476 ⁴
775 383 863 467 DE
891 382 1113 467 REBUS
1135 384 1367 471 GESTIS
1388 384 1404 451 ἶ)

342 585 390 650 et
437 541 628 655 versibus
677 539 943 665 decoratos,
996 532 1284 686 procedebat.
1338 543 1419 648 Sed
1453 535 1808 685 pulcherrimum
1953 562 1955 570 ‘

343 693 579 792 multatum
615 724 755 791 terum
791 687 1112 828 spectaculum
1140 728 1234 788 non
1268 727 1424 830 parurn
1460 689 1650 828 augebat
1695 689 1806 828 pul

345 834 517 934 critudo
560 868 604 931 et
639 864 814 929 ornatus
853 823 1172 948 foeminarum,
1208 866 1320 992 quae
1355 831 1629 969 exspectandi
1673 868 1814 932 causa-

348 976 399 1076 ex
433 971 625 1074 fenestris
662 966 939 1073 eminebant.
980 983 1189 1072 Constat
1203 972 1325 1115 enirn
1359 982 1604 1072 Genuenses
1642 973 1805 1073 mulie-

244 1195 246 1198 >
347 1155 411 1218 tes
445 1111 588 1216 forma
634 1150 677 1213 et
721 1113 915 1252 corporis
952 1105 1245 1276 proceritate
1255 1109 1376 1213 sine
1413 1152 1499 1254 qua
1544 1115 1805 1252 proceritate

347 1258 596 1420 pulcritudo
632 1294 724 1355 non
753 1253 975 1371 consistit,
991 1255 1140 1353 ceteris
1173 1255 1382 1356 omnibus
1400 1255 1556 1353 Italicis
1591 1249 1804 1355 foeminis

349 1399 539 1500 anteire.
584 1398 655 1498 Ad
692 1397 845 1494 aedem
885 1395 1107 1494 Laurentii
1149 1394 1227 1498 ubi
1271 1433 1454 1496 ventum
1490 1431 1592 1515 est,
1628 1395 1807 1536 Philip-

349 1578 429 1684 pus
482 1576 578 1640 tum
626 1533 684 1659 ab
715 1536 888 1637 Andrea
923 1536 1066 1637 Dotia
1096 1574 1201 1638 cum
1234 1550 1358 1638 Duce
1394 1537 1665 1699 summisque
1703 1577 1806 1636 ma-

350 1680 623 1824 gistratibus,
658 1677 742 1821 qui
776 1715 1001 1819 personam
1036 1677 1245 1780 sustinent
1279 1678 1413 1778 totius
1449 1679 1666 1797 civitatis,
1704 1715 1809 1780 tum

349 1865 377 1923 a
411 1823 542 1924 Cleto
578 1819 764 1920 solemni
802 1858 966 1960 pompa
1000 1852 1043 1918 et
1080 1820 1343 1920 caerimonia
1380 1856 1581 1958 exceptus
1616 1855 1724 1938 est,
1762 1855 1809 1919 et

293 2017 297 2023 ·
349 2003 412 2065 res
447 1963 599 2063 divina
639 1958 951 2061 Pontificio
919 1996 1006 2060 rrtu
1053 1996 1269 2098 patrata,
1312 1957 1505 2101 Philippi
1546 1896 1809 2062 cantoribus

349 2104 597 2254 suavissime
632 2140 734 2203 cum
771 2101 923 2243 populi
953 2102 1249 2208 admiratione
1284 2100 1644 2209 concinentibus,
1690 2100 1811 2203 nihil

286 2320 287 2323 κ
349 2281 496 2347 tamen
517 2243 677 2382 aeque
699 2240 1049 2361 demirabantut‚
1087 2283 1137 2342 ac
1173 2243 1363 2346 Antonii
1399 2246 1514 2343 caeci
1548 2243 1641 2342 nati
1668 2282 1810 2384 orga-

350 2387 417 2539 rtis
452 2386 634 2485 canendi
669 2384 925 2484 suavitatem
960 2418 1002 2486 et
1035 2382 1297 2486 artificium
1406 2456 1409 2463 .

375 2528 558 2629 ΧΧΙΙ.
630 2537 700 2628 Re
732 2523 888 2624 divina
928 2559 1135 2664 patrata,
1172 2522 1453 2665 Philippus
1439 2563 1486 2628 ιιι
1531 2472 1812 2665 praetorium

345 2667 625 2808 ‘aulamque5
642 2705 768 2807 qua
794 2702 958 2806 pompa
999 2699 1206 2784 venerat,
1254 2666 1462 2774 revertit3
1507 2667 1808 2829 proximoque

342 2805 529 2929 bidu0‚
562 2809 694 2907 dum
720 2803 948 2969 profectio
979 2841 1291 2968 compa-ratur3
1329 2817 1548 2908 Peretram
1590 2808 1808 2948 Principis

347 2950 509 3050 Duriae
544 2987 757 3080 uxorem,
795 2949 901 3065 item
922 2950 1072 3053 Marci
1103 2949 1412 3049 Centurionis
1425 2987 1639 3110 uxorem,
1668 2954 1807 3083 Joan

346 3091 568 3250 netinique
603 3073 766 3190 Doriae
802 3090 980 3189 viduam
1016 3054 1196 3189 honoris
1231 3098 1369 3205 causa
1390 3090 1575 3213 invisit,
1608 3126 1653 3188 et
1680 3117 1807 3230 gem·

343 3231 453 3330 mis
469 3231 637 3368 magni
658 3229 788 3370 pretii
812 3231 1030 3381 donavit3
1061 3231 1134 3329 sed
1171 3233 1361 3330 maxime
1355 3232 1623 3330 'Perettam
1655 3232 1805 3345 Quin

342 3373 505 3472 decim
524 3373 629 3470 dies
651 3373 712 3469 ad
732 3380 941 3481 Genuam
977 3372 1198 3471 moratus
1205 3386 1275 3472 e'st
1310 3371 1571 3527 Philippus,
1583 3405 1648 3473 et
1684 3373 1806 3511 apud

346 3513 587 3615 ¹Andream
602 3511 789 3612 Dotiam
820 3512 1107 3630 diversatus
1105 3547 1324 3653 totoque
1366 3554 1434 3613 co
1463 3549 1665 3664 tempore
1707 3522 1807 3615 An·

287 3699 291 3705 ·
345 3657 482 3754 dreas
504 3653 631 3754 idem
655 3642 924 3815 Philippum
936 3670 1186 3812 totamque
1183 3650 1408 3754 familiam
1441 3690 1487 3755 et
1515 3654 1689 3754 Ducem
1718 3656 1808 3756 Al-

346 3793 556 3913 banum
569 3794 672 3954 qui
713 3794 897 3892 simul
870 3833 936 3894 ιιι
963 3792 1099 3893 idem
1133 3795 1443 3934 praetorium,
1484 3798 1605 3936 quod
1651 3831 1808 3897 totum

341 3973 437 4047 erat
478 3934 677 4075 regaliter
720 3934 1029 4054 adornatum,
1063 3934 1242 4035 divertit
1271 3936 1455 4076 ,regio
1498 3973 1712 4097 apparatu
1761 3972 1809 4039 et

343 4077 715 4236 splendidissime
729 4074 869 4191 aluit,
906 4073 1035 4175 nihil
1054 4077 1264 4176 omnino
1276 4076 1558 4238 cibariorum
1577 4079 1809 4184 extrinse«

343 4258 424 4319 cus
456 4217 515 4318 ab
551 4213 844 4377 hospitibus
831 4216 1083 4356 importari
1095 4255 1271 4357 passus.

344 4371 580 4462 .·.XX111
653 4357 906 4459 Discedenti
946 4356 1151 4499 Philippo
1192 4371 1296 4461 Dux
1339 4362 1575 4463 Genuensis
1618 4360 1812 4464 summi-

351 4539 439 4639 que
474 4500 749 4640 magistratus
775 4538 914 4600 rursus
950 4496 1090 4600 officii
1115 4503 1267 4664 gratia·
1288 4540 1456 4643 praesto
1482 4500 1688 4623 filerunt,
1708 4545 1811 4606 rur-

234 4770 236 4774 *
336 4679 552 4846 ,susque
534 4641 722 4745 civitatis
749 4640 1027 4771 voluntatem
1068 4675 1111 4747 et
1145 4644 1297 4749 omnia
1332 4639 1480 4750 officia
1509 4646 1811 4750 liberalissime

1702 4791 1809 4852 Μι.
