4124 5880
527 409 589 502 44
662 461 664 468 a
901 360 987 482 nse
1035 393 1242 480 nunus
1290 395 1520 483 unsrrs

493 576 598 664 men
635 596 729 664 tota
772 597 901 662 nocte
954 597 1059 658 cum
1110 594 1273 699 magna
1323 551 1531 657 omnium
1583 547 1860 659 solicitudine
1890 574 1958 661 *et

494 705 734 850 multiplici
769 703 963 846 periculo
1000 700 1258 845 navigatum
1295 736 1386 821 est,
1413 697 1538 801 vario
1575 698 1738 802 timore
1773 741 1958 810 cuncto-

494 892 593 955 rum
629 851 801 952 animos
848 849 1141 993 exagitante,
1175 887 1233 948 ne
1274 884 1405 946 caeco
1448 879 1698 987 mutuoque
1741 886 1958 954 concursu

496 1036 626 1098 naves
664 996 983 1118 alliderentur,
1019 1032 1130 1094 neve
1164 1028 1327 1125 temere
1363 991 1551 1133 scopulis
1588 991 1805 1133 impactae
1839 991 1959 1099 fran-

496 1176 731 1283 gerentur,
762 1140 954 1282 denique
990 1176 1046 1237 ne
1080 1137 1127 1240 in
1163 1135 1314 1236 brevia
1348 1171 1395 1237 et
1431 1137 1592 1237 vadosa
1626 1136 1725 1237 loca
1745 1143 1961 1282 compul-

497 1326 559 1386 sas
597 1323 641 1386 et
677 1283 899 1385 haerentes
936 1282 1091 1384 fluetus
1142 1280 1442 1422 dirumperent
1484 1316 1617 1421 atque
1660 1285 1959 1426 complerent:

497 1428 659 1572 quibus
694 1428 817 1530 malis
853 1426 1056 1570 proxima
1106 1423 1333 1551 omnium
1362 1417 1448 1528 fuit
1498 1428 1814 1566 Imperatoriar
1852 1470 1961 1535 nam

497 1574 621 1676 vadis
657 1573 853 1675 carinam
888 1569 1023 1691 lixit,
1060 1606 1103 1670 et
1139 1571 1187 1670 in
1222 1570 1422 1672 eamdem
1458 1567 1834 1674 adhaerescentem
1877 1575 1960 1677 tri-

498 1716 664 1835 remis,
699 1757 787 1858 qua
822 1715 1035 1818 Modicae
1071 1725 1236 1818 Comes
1273 1710 1546 1834 vehebatur,
1566 1753 1707 1817 rostro
1743 1718 1960 1860 impacta,

498 1859 619 1963 bona
655 1897 776 2000 parte
812 1861 971 2003 puppis
1008 1861 1186 1979 avulsa,
1214 1859 1356 2001 ipsam
1391 1857 1674 1962 vehementer
1708 1863 1956 1974 concussitr

421 2118 423 2121 .
499 2008 555 2105 ad
592 2045 729 2148 quam
767 2007 1031 2125 eruendam,
1068 2004 1197 2105 remis
1232 2002 1474 2125 detractis,
1509 2041 1569 2120 et,
1589 2005 1636 2103 in
1682 2045 1802 2108 mare
1835 2010 1960 2141 deje-

499 2149 612 2269 ctis,
649 2150 822 2252 sedita
873 2183 922 2252 ut
972 2148 1168 2291 colligati
1218 2147 1436 2289 pendente
1487 2141 1594 2250 fune
1643 2150 1927 2255 retinerentur
1943 2193 1960 2265 ;·

500 2291 852 2435 impedimenta,
888 2334 1001 2437 quae
1035 2332 1197 2393 navem
1232 2290 1510 2435 gravabant,
1544 2292 1708 2436 scaphis
1741 2296 1787 2397 in
1822 2297 1959 2418 duas,

501 2478 613 2578 quae
650 2441 830 2540 aderant
850 2517 864 2560 ,
887 2440 1079 2540 triremes
1115 2437 1376 2577 transposita
1411 2431 1589 2540 fuerunt
1612 2476 1624 2546 3
1648 2475 1864 2546 tormenta
1899 2441 1959 2544 ab

500 2579 702 2682 haerente
738 2622 866 2724 prora
901 2583 950 2684 in
987 2582 1177 2726 puppim
1213 2616 1433 2682 natantem
1470 2582 1628 2691 relatas
1655 2585 1960 2729 remigesque,

502 2761 553 2827 ut
589 2723 780 2828 humeris
815 2727 1117 2830 incumbentes
1154 2767 1313 2831 navem
1349 2726 1684 2869 compellerent,
1712 2730 1760 2830 in
1795 2770 1963 2870 aquam

502 2873 762 2973 descendere
797 2873 929 3005 jussi.
984 2875 1057 2976 Ad
1107 2869 1224 2974 hunc
1274 2874 1463 2973 modum
1512 2912 1643 2974 onere
1690 2870 1962 2977 sublevatam

503 3016 826 3156 quadriremem
863 3020 973 3117 duae
1011 3019 1208 3119 triremes
1257 3016 1481 3160 puppibus
1524 3018 1788 3160 religatam,
1822 3020 1961 3121 arenis

504 3158 697 3260 avulsam
732 3238 746 3283 ‚
786 3161 981 3263 remulco
1027 3162 1075 3264 in
1130 3162 1270 3295 altum
1317 3160 1641 3263 abstraxerunt.
1696 3173 1801 3272 Nec
1852 3203 1964 3266 vero

504 3298 610 3403 haec
646 3306 735 3405 sola
769 3378 786 3430 ,
821 3307 897 3408 sed
949 3308 1169 3448 quaedam
1216 3306 1324 3408 aliae
1375 3307 1553 3408 diversis
1589 3307 1712 3409 vadis
1762 3304 1965 3412 inhaese-

504 3483 633 3568 rant,
660 3489 849 3590 quarum
885 3452 1133 3595 periculum
1169 3484 1213 3551 et
1248 3486 1479 3554 vectorum
1514 3451 1678 3552 clamor
1713 3451 1804 3554 aliis
1841 3493 1966 3568 non-⁴

504 3591 629 3692 nullis
667 3595 891 3717 navibus,
928 3638 1041 3738 quae
1076 3634 1206 3698 caeco
1243 3636 1370 3700 cursu
1405 3597 1451 3698 in
1487 3598 1662 3706 easdem
1696 3636 1840 3700 arenas
1891 3593 1967 3699 fe«

506 3732 753 3859 rebantur,
791 3740 919 3842 saluti
954 3737 1067 3843 fuit.
1126 3752 1250 3844 Nam
1286 3743 1366 3883 qui
1402 3744 1602 3886 proxime
1638 3740 1966 3886 sequebantur,

506 3875 689 3982 vocibus
724 3920 857 4026 atque
909 3883 1073 3986 ululatu
1125 3884 1420 3989 laborantium
1470 3889 1686 3990 admoniti
1719 3965 1734 4007 ‚
1765 3888 1966 3990 incitatas

504 4062 598 4124 suas
635 4062 765 4126 naves
805 4025 1052 4132 inhibentes
1087 4104 1105 4155 ,
1140 4031 1375 4134 discrimen
1411 4031 1664 4133 vitaverunt
1700 4108 1716 4153 ,
1750 4033 1966 4134 vicissim-

504 4207 592 4308 que
634 4169 979 4310 periclitantibus
1021 4172 1346 4277 subvenerunt.
1400 4177 1482 4277 Sed
1527 4211 1571 4277 et
1613 4175 1685 4279 illa
1726 4177 1965 4278 solicitudo

503 4312 673 4416 animos
709 4321 1044 4456 quommdam,
1081 4318 1242 4462 quibus
1277 4318 1400 4428 Galli,
1443 4317 1548 4422 fides
1597 4355 1689 4422 erat
1736 4355 1967 4458 suspecta,

502 4492 596 4556 non
630 4461 906 4565 mediocriter
955 4462 1187 4608 augebat,
1219 4507 1308 4586 ne,
1347 4467 1499 4566 nostris
1550 4462 1731 4564 navibus
1785 4462 1968 4603 dissipa-

502 4601 591 4719 tis,
625 4603 681 4702 -in
719 4640 841 4707 tanto
879 4647 1018 4709 errore
1068 4643 1112 4708 et
1157 4609 1360 4708 caecitate
1398 4610 1513 4710 Galli
1554 4647 1708 4708 eorum
1759 4606 1965 4711 locorum

496 4745 744 4883 peritissimi
790 4752 838 4856 in
876 4754 1086 4858 Carolurn
1123 4789 1166 4856 et
1202 4754 1534 4894 Imperatoriam
1584 4752 1737 4856 navim
1789 4751 1962 4893 aliquid

1870 4935 1950 5036 pes
