4042 5864
758 428 852 502 oso
896 442 898 444 ,

448 529 608 608 Oretani.
629 531 660 601 1.
673 550 732 622 71.

450 630 631 708 Oretania.
656 633 685 699 1.
706 652 739 697 2.
761 647 795 699 et
810 631 845 699 6.

449 731 590 830 orgazii
611 733 735 800 Comes
751 729 922 815 (Alvarus
935 731 1051 799 Petrus
1067 725 1164 799 Guz-

1262 528 1363 602 censis
1379 423 1684 599 &mandisdiroli
1711 519 1830 596 fratris
1847 547 1941 622 prae·

1264 648 1381 726 ceptor
1398 628 1441 699 ab
1459 650 1501 699 eo
1524 626 1696 701 discedere
1725 623 1847 698 Caroli
1864 648 1937 696 ter·

1266 727 1316 800 bis
1337 728 1496 817 jubetur.
1520 732 1550 797 1.
1566 748 1627 822 45.

499 831 636 911 manus)
663 829 790 900 Carolo
819 827 951 899 Caesari
975 825 1018 898 ad
1038 827 1163 897 bellum
1216 826 1359 900 Osorius
1372 828 1580 915 (Alvatus).
1597 839 1631 901 V.
1648 823 1838 899 Asturicac
1854 824 1932 896 Mar-

497 932 690 1000 Tunetense
713 927 898 999 Barcinone
913 925 1015 997 adest.
1034 932 1062 996 1.
1084 944 1164 1019 551.

1254 927 1406 999 .chio.³

499 1029 663 1099 Castellae
679 1026 835 1100 Concilio
854 1027 1000 1097 interest.
1015 1027 1061 1094 11.
1082 1025 1141 1095 68.
1217 1027 1358 1098 Osorius
1373 1033 1388 1112 (
1399 1028 1579 1109 Alvarus).
1600 1039 1633 1099 V.
1653 1024 1755 1098 Lemi
1773 1029 1909 1097 Comes.

448 1128 568 1203 Oriola
580 1126 732 1198 centurio
748 1151 766 1197 a
786 1131 914 1220 Joanne
928 1128 1020 1221 Vega
1039 1122 1167 1205 machi·
1217 1126 1355 1197 Osorius
1373 1133 1388 1212 (
1399 1127 1622 1209 Franciscus).
1644 1132 1674 1195 1.
1695 1126 1757 1218 87.
1791 1121 1938 1195 Valdon-

500 1253 580 1300 nam
593 1225 812 1300 conscendere
823 1225 957 1313 jubetur
969 1224 1012 1294 ad
1029 1223 1168 1320 Aphro·

1264 1226 1377 1320 quillo
1387 1227 1522 1297 castello
1540 1225 1758 1322 imperitans.
1778 1228 1809 1295 1.
1824 1243 1904 1312 295.

499 1327 620 1398 disium
636 1324 904 1424 oppugnandum
934 1341 1103 1420 paratam.
1120 1325 1167 1391 II.
1216 1325 1356 1396 Osorius
1377 1324 1574 1417 (Iacobus)
1605 1324 1875 1395 Salmanticensis
1895 1318 1937 1392 ad

506 1447 585 1522 597.
608 1426 769 1498 Graviter
790 1427 1007 1495 vulneratur.
1023 1428 1069 1493 ll.
1089 1421 1167 1514 598.

452 1533 603 1624 Oropesa
635 1525 679 1597 ab
709 1523 884 1622 Orospeda
904 1542 1021 1595 monte
1055 1519 1169 1593 nomi-

453 1631 991 1822 OrtdpteasaelCitiiies(Franciscus
1014 1719 1171 1801 Toletus)

504 1825 666 1898 Castellae
686 1822 844 1895 Concilio
863 1820 1016 1891 interest.
1038 1822 1084 1890 11.
1109 1817 1169 1887 68.

1264 1424 1368 1594 iplsam
1397 1425 1551 1527 Argeliae
1574 1443 1711 1521 portam
1743 1422 1932 1494 occiditur.

1309 1572 1319 1593 .
1341 1545 1422 1616 145.

1217 1623 1359 1696 Osorius
1391 1626 1572 1715 (Joanues
1585 1581 1603 1706 )¹
1635 1649 1656 1696 a
1687 1623 1790 1719 Vega
1818 1619 1937 1692 Siciliae

1265 1730 1409 1820 Prorege
1442 1724 1510 1812 ejus
1544 1719 1635 1794 affini
1666 1721 1711 1792 ad
1767 1720 1935 1792 Andrean

1266 1822 1411 1893 Doriam
1432 1821 1598 1891 mittitur.
1616 1826 1664 1892 ΙΙ.
1682 1821 1770 1914 588.

504 1923 602 1996 Unus
625 1948 667 1994 ex
690 1920 870 1994 duodecim
894 1919 971 1990 viris
1005 1926 1170 1990 aProce·
1217 1920 1360 1992 Osorius
1382 1923 1549 2008 (Petrus)
1574 1922 1692 1992 Alvari
1716 1919 1809 1992 filius
1833 1914 1937 1989 Almi-

421 2099 422 2102 ,
505 2049 581 2096 rum
606 2022 763 2096 Concilio
798 2019 966 2103 delectis,
999 2036 1037 2086 ut
1054 2066 1066 2102 ,
1083 2013 1169 2109 quid

503 2123 673 2220 optimum
694 2118 786 2192 factu
801 2139 881 2191 esset
903 2166 913 2200 ,
928 2115 1170 2189 consideraret.

1266 2019 1501 2190 rantoIRpgni
1527 2017 1697 2115 praesecto
1723 2037 1859 2119 praesto
1881 2013 1937 2086 ad-

1266 2135 1337 2189 est.
1385 2167 1395 2188 .
1440 2143 1476 2190 0·

504 2225 552 2292 11.
582 2223 639 2292 80.
677 2216 911 2291 Cum'littcris
934 2235 967 2286 et
1002 2211 1167 2285 mandatis
1217 2218 1359 2288 Osorius
1382 2226 1526 2305 (Petrus
1542 2220 1690 2291 Alvarus
1707 2220 1750 2302 ).
1774 2230 1808 2292 V.
1837 2220 1936 2288 Asto-

505 2318 704 2393 Florcntiam
728 2316 773 2388 ad
800 2323 964 2388 Cosmum
987 2314 1167 2396 Mediceis,

1267 2316 1395 2387 ricensis
1418 2318 1598 2389 Murchio.

443 2419 451 2432 '
505 2418 586 2491 inde
616 2416 791 2511 Neapolim
822 2413 866 2484 ad
897 2421 1032 2496 Petrum
1059 2412 1169 2482 Tole·
1216 2414 1344 2485 Osorni
1359 2419 1483 2486 Comes
1510 2415 1692 2504 (Careias
1718 2410 1930 2493 Mauricus).

506 2537 583 2589 tum
609 2524 787 2612 Proregem
814 2530 990 2609 properat.
1019 2515 1066 2582 II.
1082 2529 1167 2600 445.

506 2615 699 2686 Viterbium
734 2610 889 2684 convenit
932 2634 1009 2680 cum
1045 2613 1170 2680 Senen-

505 2714 592 2787 sium
616 2710 747 2813 Legatis
762 2730 795 2781 et
818 2708 908 2801 Julio
927 2711 991 2778 111.
1012 2708 1090 2779 sein
1108 2732 1170 2802 pa·

505 2813 728 2886 sificationem
752 2810 1002 2906 interponente.
1024 2810 1070 2875 11.
1082 2810 1169 2898 446.

507 2910 671 2987 Mandata
700 2932 808 2979 rursus
840 2932 859 2977 a
888 2908 1016 2977 Carolo
1035 2905 1168 3002 accipit,

508 3031 547 3081 ut
564 3010 691 3079 bellum
714 3009 748 3077 in
769 3011 920 3077 Senenses
944 3025 1104 3077 renovet.
1122 3008 1169 3074 ΙΙ.

507 3131 592 3201 447.
628 3105 820 3177 senensibus
848 3127 962 3200 pacem
997 3129 1064 3174 non
1104 3101 1170 3171 ini-

508 3208 584 3304 quis
607 3204 855 3277 conditionibus
880 3201 994 3273 Caroli
1024 3198 1172 3274 Caesaris

508 3305 645 3380 numine
665 3301 841 3375 concedit.
858 3303 905 3370 11.
922 3305 1007 3392 456.

459 3403 636 3500 Orospeda
654 3426 772 3494 mons.
796 3403 825 3471 1.
844 3425 877 3469 2.
898 3418 932 3468 et
959 3423 1016 3494 3¹·

1267 2517 1297 2582 I.
1321 2513 1380 2582 81.
1417 2514 1519 2586 Navis
1549 2514 1772 2587 Caesarianae
1806 2507 1930 2606 praefe-

1267 2628 1352 2680 ctus.
1370 2615 1399 2680 Ι.
1418 2613 1499 2701 158.
1523 2613 1697 2708 Equitum
1705 2609 1924 2705 cauphracto-

1267 2733 1343 2779 rum
1366 2710 1566 2804 praefectus.
1600 2717 1631 2783 I.
1663 2717 1747 2782 260.
1772 2707 1927 2780 castellae

1267 2808 1425 2879 Concilio
1451 2811 1606 2880 interest.
1643 2815 1694 2884 11.
1720 2810 1778 2878 68.
1801 2803 1931 2899 ]ο11111“11

1266 2909 1417 2979 Tavcrae
1429 2909 1589 2980 Castellae
1608 2908 1839 3004 procuratoris
1853 2928 1931 2975 con·

1267 3005 1402 3077 siliarius
1424 3006 1664 3078 constituitur.
1703 3009 1753 3077 II.
1783 3030 1857 3076 100.
1877 2998 1930 3071 Ad

1267 3102 1433 3175 Indorum
1482 3104 1617 3204 negotia
1666 3098 1929 3203 recognoscenda

1267 3227 1346 3274 cum
1382 3203 1450 3274 aliis
1489 3207 1667 3276 convenire
1701 3204 1858 3290 jubetur.
1884 3203 1927 3268 ΙΙ.

1272 3304 1367 3389 185..
1389 3303 1604 3377 Consiliarius
1634 3326 1653 3371 a
1678 3304 1813 3374 Carolo
1845 3296 1930 3370 attri-

1265 3400 1383 3472 buitur
1404 3425 1483 3472 cum
1503 3402 1655 3495 quinque
1687 3401 1758 3471 aliis
1784 3399 1928 3492 Philippo

460 3504 654 3601 Orospedae
676 3504 778 3599 juga.
805 3506 833 3570 1.
854 3521 886 3590 5.
920 3503 1128 3593 Carpetanos
1150 3522 1169 3567 a
1264 3497 1368 3582 filio.
1379 3523 1482 3592 quem
1500 3506 1622 3597 Regno
1644 3498 1846 3594 praeficitin
1860 3497 1929 3567 Bel⁴

510 3602 685 3679 Celtiberis
705 3599 926 3692 Arevacisque
950 3619 984 3667 et
1013 3595 1173 3668 Vettoni-
1265 3600 1359 3697 gium
1382 3597 1606 3693 profecturus.
1636 3602 1686 3667 11.
1711 3599 1793 3683 189.

510 3700 956 3774 busdirimentia.1.1ot.
1040 3750 1042 3754 2
1217 3696 1343 3769 Osotoi
1373 3701 1498 3768 Comes
1531 3703 1689 3786 (Petrus
1722 3693 1925 3778 Mauricus>

460 3806 604 3874 Orossus
624 3798 709 3869 inter
725 3801 884 3868 senium
901 3796 935 3866 in
958 3796 1173 3866 Goletaeex·
1227 3808 1229 3811 ’
1272 3800 1300 3865 Ι.
1325 3796 1404 3879 96.
1452 3866 1456 3873 ,

511 3899 715 3999 pugnatione
739 3894 909 3967 concidit.
927 3900 955 3966 l.
976 3896 1054 3988 387.
1217 3894 1315 3966 Ostia
1325 3893 1404 3964 urbs
1417 3892 1452 3963 in
1476 3912 1678 3990 potestatem
1711 3891 1828 3966 Caroli
1854 3895 1927 3963 Cae·

461 4002 615 4072 Ortizius
650 3996 814 4084 (Petrus)
839 3994 1034 4091 Theologus
1060 3996 1172 4063 Roma
1267 3992 1344 4064 saris
1368 3993 1543 4089 permissa.
1568 3999 1596 4064 Ι.
1616 4015 1704 4083 225.
1728 4013 1763 4063 et
1786 4014 1864 4087 545.

511 4098 676 4172 aCatolo
705 4115 888 4177 evocatur,
914 4113 949 4162 et
981 4090 1173 4162 Vormatiae
1217 4091 1332 4164 Ostiae
1366 4116 1427 4163 arx
1453 4093 1488 4161 in
1524 4091 1811 4165 caesarianorum
1843 4105 1931 4187 pote-

512 4195 704 4271 Conventui
724 4195 873 4264 interesse
888 4191 1172 4281 jubetur.II.123.
1266 4210 1385 4261 statem
1407 4190 1583 4287 permissa.
1615 4196 1644 4261 1.
1665 4215 1750 4285 156.

463 4297 612 4370 Oscensis
634 4295 820 4391 Episcopus
855 4291 1009 4385 Philippo
1030 4287 1175 4383 Principi
1218 4289 1457 4386 Ostrogottbi,
1475 4310 1507 4360 et
1535 4289 1632 4375 hujus
1657 4289 1808 4360 nominis
1829 4284 1922 4380 otigo·

513 4400 600 4495 leges
620 4413 824 4463 servaturum
847 4389 968 4478 juranti
990 4387 1100 4458 adest.
1125 4392 1171 4457 II.
1266 4391 1294 4456 I.
1318 4410 1375 4479 24.
1404 4386 1463 4458 Ab
1486 4387 1620 4458 Hunnis
1638 4387 1811 4458 debellati.
1826 4391 1851 4454 Ι.
1868 4403 1923 4472 14.

520 4518 596 4588 175.
622 4509 653 4562 ν.
674 4495 806 4564 Gurtea
827 4490 1057 4576 (Martinus).
1162 4521 1164 4525 ’
1218 4492 1307 4558 Otto
1346 4485 1512 4558 Henricus
1551 4488 1725 4559 Palatinus
1765 4485 1931 4581 Princeps.

465 4589 827 4677 Osorius(Alfonsus)
847 4585 1063 4659 Astoricensis
1084 4585 1176 4654 Mar-
1267 4590 1314 4655 ΙΙ.
1343 4610 1423 4680 151.

513 4691 638 4766 chionis
652 4690 737 4760 filius
752 4688 795 4759 ad
810 4690 968 4759 Genuam
977 4684 1082 4757 fracta
1096 4681 1172 4753 navi
1218 4687 1331 4755 Osuus
1353 4681 1534 4778 Carignani
1556 4681 1774 4779 praefectus.
1799 4687 1846 4753 IL
1860 4706 1932 4753 ato.

513 4812 672 4891 magnum
696 4787 876 4883 periculum
905 4788 998 4858 adit.
1027 4788 1072 4854 ΙΙ·
1094 4805 1172 4876 357·
1267 4782 1325 4854 Ad
1350 4781 1562 4856 obsidionem
1585 4784 1780 4882 Carignani
1807 4785 1935 4857 abm-

463 4894 629 4980 Osorius(
645 4887 811 4970 Alvarus)
833 4888 1016 4986 Episcopus
1038 4879 1168 4955 Astori-
1265 4883 1364 4979 gieno
1383 4881 1607 4976 relinquitur.
1626 4887 1677 4955 ΙΙ.
1693 4908 1785 4980 115.
