4102 5864
380 461 464 551 350
767 457 851 536 DE
897 458 1100 540 REBUS
1145 389 1377 540 GESTIS

332 651 623 755 coenatusque
658 612 934 715 Valdolitum
970 614 1175 716 revertit.

405 771 501 865 VH
577 757 751 879 Quinto
788 757 897 876 die,
935 798 1068 898 quam
1103 752 1240 859 fuerat
1275 753 1586 859 Comestabilis
1621 752 1807 902 digres-

330 944 421 1006 sus
431 981 447 1022 ,
485 900 716 1005 Valdolito
758 835 980 1001 accedenti
1015 902 1369 1017 Maximiliano,
1412 937 1532 1001 extra
1581 939 1805 1042 portam,

330 1087 444 1187 quae
478 1051 603 1179 Campi
639 1043 1016 1185 cognominatur,
1029 1041 1282 1185 Philippus
1318 1083 1422 1145 cum
1458 1083 1624 1185 magno
1662 1044 1803 1147 nobi

330 1189 462 1290 litatis
499 1186 724 1287 comitatu
747 1184 927 1285 obviarn
962 1187 1212 1328 processit,
1248 1188 1295 1286 in
1330 1186 1604 1348 Regiamque
1643 1190 1798 1289 dedu-

328 1332 435 1461 xit3
470 1331 549 1432 ubi
584 1314 739 1430 eadem
773 1362 935 1490 nocte,
973 1365 1179 1469 apparatu
1216 1329 1402 1430 solemni
1438 1332 1677 1491 Regioque
1725 1370 1802 1430 re

333 1472 416 1574 bus
453 1470 658 1575 omnibus
694 1470 999 1612 comparatis,
1034 1511 1203 1573 summa
1245 1512 1349 1573 curn
1384 1475 1648 1573 caerrmonia
1692 1511 1803 1573 ma-

331 1656 506 1757 gnaque
558 1653 789 1757 procerum
846 1610 1088 1757 frequentia
1140 1652 1272 1760 atque
1321 1614 1527 1713 omnium
1580 1614 1802 1720 ordinum

332 1759 622 1901 gratulatione
667 1756 876 1899 sponsalia
910 1795 990 1918 per
1032 1754 1313 1860 Cardinalem
1358 1754 1675 1856 Tridentinum
1724 1797 1802 1857 re-

330 1937 490 2004 novata
525 1937 675 2022 sunt,
711 1939 821 2042 quae
858 1900 974 2060 prius
1010 1901 1066 1999 ad
1103 1896 1472 2017 Aranxuezium,
1516 1899 1804 2062 praetorium

329 2044 455 2144 ad
422 2082 565 2185 npam
600 2043 761 2183 Tagi,
797 2043 1018 2162 Nuntio,
1057 2041 1130 2142 cui
1164 1975 1492 2142 Maximiliantis
1529 2043 1583 2140 de
1619 2043 1802 2143 Mariae

331 2186 619 2288 matrimonio
658 2186 971 2306 mandaverat,
1014 2185 1303 2326 astipulante,
1345 2220 1423 2323 per
1459 2187 1687 2316 Joannem
1728 2185 1803 2285 Si-

328 2310 490 2428 liceum
527 2324 923 2466 Archiepiscopum
959 2327 1229 2429 Toletanum
1264 2320 1408 2445 facta,
1446 2358 1490 2424 et
1523 2367 1549 2425 a
1584 2327 1803 2427 Gonzalo
1900 2390 1906 2400 ·

332 2471 514 2569 Perezio
551 2467 687 2569 scriba
731 2468 1074 2630 Imperatorip
1063 2507 1111 2569 m
1154 2468 1411 2607 scripturam
1457 2465 1685 2608 publicam
1733 2508 1806 2569 re·

330 2613 458 2714 dacta
494 2606 710 2718 fuerant,
747 2645 791 2710 et
828 2610 1036 2772 postridie
1072 2649 1200 2712 mane
1247 2611 1407 2711 eodem
1447 2610 1686 2711 Cardinale
1722 2613 1806 2711 ad-

331 2753 537 2854 ministro
587 2749 702 2852 facta
747 2791 810 2853 res
860 2751 1059 2872 divina,
1098 2787 1141 2851 et
1177 2751 1355 2892 nuptiae
1390 2748 1662 2853 celebratae.
1705 2750 1802 2853 hoe

331 2896 584 2997 laetioribus
631 2894 818 3013 animis,
856 2897 980 3034 quod
1016 2894 1286 3035 optatissima
1336 2893 1481 3032 pluvia
1532 2930 1575 2993 et
1626 2895 1806 2996 multos

329 3074 500 3139 menses
552 3036 835 3155 desiderata,
882 3075 976 3176 quo
1018 3036 1090 3134 die
1141 3034 1467 3135 Maximilianus
1511 3035 1808 3140 Valdolitum

329 3178 542 3319 ingressus
576 3211 671 3338 est,
706 3176 958 3278 mortalium
994 3177 1164 3277 animos
1200 3175 1544 3278 exhilaraverat.
1582 3217 1697 3280 nam
1737 3220 1794 3280 eo

331 3318 559 3422 biennio
549 3320 765 3420 maximae
800 3356 845 3419 et
879 3319 1106 3421 inusitatae
1141 3317 1354 3418 siccitates
1390 3356 1466 3461 per
1502 3357 1693 3462 onmem
1716 3321 1810 3423 Hi-

331 3463 531 3603 spaniam
561 3457 736 3563 fuerant
771 3499 1057 3562 consecutae

405 3614 516 3707 Vlll.
590 3603 740 3705 Paucis
776 3605 974 3706 diebus
962 3600 1194 3736 interjectis
1208 3680 1223 3724 ,
1249 3531 1472 3742 Philippus
1495 3603 1644 3744 Regni
1681 3644 1802 3746 pro-

332 3745 605 3847 curationem
640 3747 973 3887 imperandique
1008 3784 1227 3847 summam
1263 3745 1566 3846 Maximiliano
1603 3750 1805 3850 Mariae

333 3928 423 4030 que
458 3890 598 3989 sorori
631 3927 784 3989 coram
828 3890 975 4049 Regio
1010 3888 1219 3990 Castellae
1253 3888 1457 3987 Consilio
1495 3887 1675 3989 tradit·
1664 3957 1679 3997 ,
1732 3929 1806 3990 re

332 4029 504 4173 busque
538 4031 688 4132 ceteris
723 4072 775 4131 ex
811 4030 960 4131 litteris
995 4067 1040 4132 et
1073 4031 1291 4132 mandatis
1327 4029 1479 4131 Caroli
1513 4030 1810 4149 constitutis,
2019 4064 2026 4156 j

332 4175 392 4275 ad
428 4212 557 4275 naves
577 4250 593 4298 ,
607 4214 725 4333 quae
761 4174 818 4272 ad
852 4172 1094 4314 Rhodopes
1130 4209 1308 4343 portum
1343 4210 1674 4297 convenerant,
1696 4213 1806 4316 pro-
1944 4237 1945 4240 κ

334 4315 470 4416 ficisci
505 4355 653 4459 parat
704 4330 860 4418 Cetera
903 4317 1036 4459 igitur
1078 4309 1299 4418 familia
1284 4316 1406 4448 Justis
1450 4310 1684 4416 itineribus
1740 4318 1805 4417 ad
1946 4420 1947 4424 ι

334 4484 465 4558 naves
499 4463 812 4561 contendere
798 4496 959 4592 Jussa,
983 4462 1075 4600 ipse
1111 4499 1187 4601 per
1230 4496 1368 4598 equos
1404 4458 1637 4597 dispositos
1693 4499 1805 4561 curn

336 4639 473 4742 parvo
510 4600 756 4742 principum
801 4601 1000 4706 virorum
1036 4604 1248 4703 comitatu
1284 4603 1365 4702 iter
1401 4601 1632 4701 accelerat.
1687 4611 1805 4700 Ho-

338 4780 439 4845 rum
473 4737 594 4845 fuere
629 4746 869 4872 Cardinalis
907 4747 1219 4867 Tridentinus,
1260 4749 1456 4882 Joannes
1491 4743 1686 4885 Pogius,
1692 4746 1801 4950 qui
1938 4788 1939 4791 ¹
