4110 5888
660 362 1172 442 SUMMARIUM
1537 367 1632 444 XIX·

142 522 328 612 mumque
361 494 548 613 legatum.
922 492 1071 578 Vlll.
1132 494 1224 580 Hoc
1268 492 1426 612 cognito
1465 499 1627 589 Carolus

196 622 259 703 ΙΙΙ.
318 610 568 700 Rinconius
558 641 597 697 ιιι
634 616 876 736 Augustam·
909 613 1203 703 comestabilem
1243 640 1333 700 cum
1372 619 1534 727 exercitu
1571 622 1623 711 ad

140 735 396 825 Taurinorum
429 729 710 850 proficiscitur,
744 739 848 825 unde
909 741 1153 842 Navarram,
1179 738 1327 822 Ducem
1349 721 1542 827 Albanum
1570 740 1622 829 ad

139 854 318 947 Venetias
349 877 388 939 et
437 851 663 986 Byzantium
693 883 848 944 conten
909 854 1129 942 Ruscinonis
1157 854 1393 944 Comitatum
1427 858 1560 950 mittit.

139 975 228 1067 dere
269 972 432 1092 cogitat.
493 971 659 1057 Caesaris
698 981 793 1095 Freg
793 977 850 1063 osi
972 977 1042 1060 IX.
1103 974 1254 1061 Eodem
1270 1000 1469 1112 ”tempore
1498 982 1626 1072 civita·

140 1003 357 1183 consiliumgl
359 1092 408 1177 de
438 1090 601 1206 petenda
658 1008 850 1181 ublicagfi-
912 1092 1013 1182 tibus
1037 1117 1077 1180 et
1104 1092 1309 1207 muricipis
1338 1096 1510 1210 pedites,
1542 1105 1625 1219 Epi

139 1216 187 1302 de
217 1214 268 1299 ad
286 1209 587 1299 Mediolanenses
618 1097 711 1303 lines
732 1241 850 1303 trans-
911 1212 1032 1329 scopis
1066 1236 1105 1299 ιι
1142 1213 1361 1299 Proceribus
1392 1218 1534 1333 equites
1563 1223 1625 1308 im·

138 1336 321 1437 eundos,
354 1330 463 1448 quod
497 1330 702 1421 Rinconius
749 1333 846 1422 face
910 1356 1037 1449 perat.
1069 1331 1137 1418 Ad
1164 1331 1308 1447 equites
1343 1365 1469 1442 vero,
1498 1338 1624 1454 quie

142 1481 182 1540 re
213 1450 390 1569 negligit.
709 1502 715 1512 ·
910 1482 1009 1569 quos
1062 1451 1114 1538 ad
1168 1450 1359 1568 Argeliam
1402 1456 1620 1569 amiserant,

197 1575 266 1658 IV.
326 1575 418 1656 Post
446 1568 645 1689 longam
634 1598 762 1690 rtaque
791 1574 851 1662 de
910 1571 1164 1689 imponendos
1196 1599 1266 1685 per
1295 1573 1496 1662 Castellam
1525 1607 1624 1715 prae

140 1687 396 1781 liberationem
431 1692 598 1824 secundo
617 1694 758 1801 Pado,
787 1725 849 1781 na·
908 1719 1025 1779 cones
1055 1689 1298 1807 prontmtiare
1338 1692 1477 1805 jubet,
1510 1696 1623 1814 siquis

139 1811 264 1901 vitellis
280 1807 518 1913 conscensis,
544 1834 584 1895 et
600 1812 850 1930 quinquagin·
909 1811 999 1898 velit
1026 1841 1098 1927 pro
1124 1841 1195 1897 usu
1222 1811 1346 1898 mulae
1368 1842 1514 1928 equum
1531 1817 1621 1903 dare

139 1953 178 2016 ιι
192 1927 445 2045 scloppetariis
466 1930 730 2066 nonnulisque
747 1932 847 2049 equi·
909 1930 960 2016 ad
988 1930 1157 2037 bellum,
1181 1959 1292 2016 usum
1331 1931 1455 2018 mulae
1482 1934 1617 2048 ipsili·

140 2049 236 2137 tibus
267 2047 469 2186 praemissis
512 2049 711 2167 navigant.
902 2073 1010 2135 ·.cere

196 2172 252 2255 V
312 2168 419 2256 Vasti
451 2168 629 2255 Matcbio
673 2171 785 2256 rebus
813 2199 849 2256 ο
967 2172 1018 2256 X.
1061 2173 1152 2257 Dux
1167 2168 1336 2268 Albanus
1355 2111 1619 2289 Perpinianum
1682 2210 1684 2213 ’

141 2288 290 2375 mnibus
320 2317 386 2402 per
414 2285 575 2372 indicem
601 2289 759 2406 cognitis
784 2292 851 2374 Ar·
905 2290 1080 2403 operibus
1121 2291 1369 2396 muniendum
1398 2316 1547 2397 curat,
1578 2319 1619 2380 et

140 2432 222 2492 cem
255 2412 460 2510 Asnarem,
494 2429 533 2492 ιι
564 2410 718 2493 Petrum
754 2405 850 2493 lbar
907 2407 1092 2515 Sabulas,
1117 2434 1241 2526 atque
1290 2415 1441 2495 Eunam
1488 2413 1617 2526 praesi-

140 2553 218 2612 ram
279 2527 517 2612 Cantabrum
572 2553 661 2615 curn
692 2525 852 2613 militum
906 2526 972 2613 dio
994 2525 1158 2614 firmari.
1189 2528 1386 2614 Mendoza
1418 2531 1616 2617 Bernardi·

139 2644 321 2761 praesidio
348 2647 495 2732 Padum
526 2644 697 2732 obsidere
723 2644 850 2782 jubet,
905 2675 977 2732 nus
1002 2648 1041 2734 in
1071 2671 1224 2784 portum
1254 2647 1410 2734 Veneris
1442 2677 1545 2734 arma
1576 2675 1616 2736 et

139 2789 177 2849 et
194 2795 351 2880 operam
379 2767 489 2870 dare,
506 2788 550 2850 ut
572 2761 653 2851 illos
677 2766 851 2880 capiant,
905 2765 990 2852 belli
1020 2768 1245 2854 munitiones
1268 2767 1440 2883 exponit.

139 2907 178 2974 et
197 2884 376 2999 Papiam
367 2916 406 2969 m
421 2882 631 2970 custodiam
647 2885 850 2973 deducant.
963 2888 1029 2971 XI.
1090 2884 1242 2998 Joanne
1262 2891 1425 3004 Acugna
1454 2889 1504 2974 ad
1532 2891 1614 2975 Per·

199 3005 268 3088 Vl.
326 3004 379 3089 Hi
428 3002 693 3108 Rinconium,
729 3029 768 3091 et
798 3035 851 3090 so
903 3002 1043 3117 piniani
1073 3009 1416 3140 propugnationem
1463 3006 1612 3113 relicto,

140 3120 215 3207 cios
245 3150 270 3207 e
301 3121 456 3209 Padi
427 3153 507 3239 ripa
544 3120 767 3241 conspicati,
799 3124 850 3210 ad
904 3123 1072 3210 Albanus
1104 3123 1353 3212 barcinonem
1382 3123 1505 3231 redit,
1524 3125 1614 3213 inde

143 3239 372 3328 deditionem
401 3243 686 3349 cohortantur,
719 3267 759 3328 et
799 3243 850 3331 ad
902 3270 991 3328 cum
1042 3242 1143 3329 mille
1196 3245 1344 3331 armatis
1400 3187 1613 3331 hominibus
1674 3290 1675 3293 κ

143 3363 488 3478 repugnandum
479 3363 627 3477 jamjam
676 3386 849 3497 parantes
902 3365 1127 3449 francesum
1155 3361 1416 3450 Viamontium
1463 3364 1513 3449 ad
1535 3364 1612 3476 Py·

142 3483 361 3569 concidunt.
404 3481 605 3569 Gallorum
643 3485 725 3567 Rex
750 3481 848 3567 necis
902 3482 1027 3567 renaei
1057 3478 1181 3568 fauces
1206 3483 1457 3615 obsidendum
1480 3481 1611 3566 mittit.

141 3594 275 3712 injussu
328 3598 458 3687 Caroli
517 3598 637 3686 factae
679 3624 848 3685 auctores
900 3601 1036 3686 Gallici
1066 3600 1243 3687 exercitus
1281 3599 1464 3687 recensio
1506 3603 1610 3685 Hen-

147 3719 366 3805 nominatim
404 3718 456 3804 ad
503 3747 668 3835 poenam
708 3718 848 3832 poscit,
900 3719 998 3805 ricus
1043 3722 1155 3838 Regis
1200 3717 1293 3805 filius
1331 3715 1515 3805 summam
1556 3742 1611 3804 te·

142 3836 205 3921 sed
237 3839 287 3924 illi
311 3836 494 3925 Carolo
484 3860 690 3955 imperante
716 3832 850 3923 frustra
903 3863 998 3945 net,
1031 3861 1072 3925 et
1113 3838 1374 3955 Perpinianum
1413 3838 1611 3952 appropin

143 3981 393 4070 quaeruntur
902 3982 1022 4072 qunt:
1041 3958 1162 4066 Rex
1153 3988 1229 4073 ipse
1250 3959 1300 4048 ad
1324 3955 1459 4044 Seselas
1484 3953 1608 4040 castel

198 4078 284 4160 Vll.
342 4081 423 4164 Rex
439 4106 555 4182 vero,
569 4074 716 4162 Pollino
734 4072 849 4161 Gallo
901 4075 981 4160 lum
1014 4060 1192 4163 subsistit
1297 4148 1300 4154 .

139 4188 267 4311 legato
287 4193 407 4280 altero
431 4197 480 4282 ad
504 4138 597 4310 Sdly
598 4225 753 4279 manum
769 4194 850 4279 mis
962 4198 1045 4280 ΧΗ.
1103 4197 1211 4281 lllato
1236 4195 1334 4311 prius
1349 4225 1372 4279 a
1387 4191 1503 4279 Gallis
1529 4189 1609 4278 bel·

138 4341 212 4420 so,
239 4315 357 4399 abeo
379 4312 581 4427 impetrat,
602 4339 647 4398 ur
674 4313 849 4400 Charadi
903 4311 943 4398 lo
968 4343 1126 4449 ,quam
1157 4314 1335 4416 indicto,
1363 4312 1501 4397 bellum
1532 4310 1663 4395 Ca·

138 4459 193 4519 no
220 4433 418 4551 negotium
458 4433 525 4519 det
567 4432 768 4547 Hispaniae
806 4464 845 4517 ο
903 4431 1057 4517 tolus
1039 4459 1183 4515 meos
1219 4373 1371 4537 indicit,
1404 4455 1443 4517 et
1479 4429 1607 4517 milites

138 4579 218 4637 ram
246 4581 334 4637 eum
357 4551 477 4638 classe
498 4547 722 4657 infestandi,
757 4549 850 4635 dum
899 4549 1106 4664 imperatos
1142 4577 1187 4635 ex
1216 4549 1391 4636 omnibus
1415 4548 1607 4636 Castellae
1759 4636 1761 4640 Α

139 4669 388 4755 franciscos
378 4700 455 4784 rpse
475 4669 703 4760 exercitum
715 4668 753 4752 in
780 4673 851 4756 Ca·
904 4669 1069 4784 partibus
1087 4667 1273 4783 proficisci
1310 4668 1497 4755 decernit.
1537 4669 1608 4754 Hi·

142 4786 623 4877 raloniaebnesinducere
651 4811 775 4904 parat
905 4786 1054 4906 spaniae
1088 4791 1261 4877 Proceres
1292 4810 1438 4903 praeter
1466 4788 1608 4902 equites

1303 4907 1374 4996 Ca
1549 4903 1612 4991 im·
