4124 5880
504 432 750 514 canora
793 431 846 511 v.
888 433 1003 512 cru.
1039 432 1220 520 xvrrr.
1424 544 1427 552 p
1486 441 1545 532 ra

118 673 149 718 „
170 592 309 695 factae
347 628 566 693 annorum
602 592 789 697 decem3
827 590 981 694 deinde
1022 629 1231 732 perpetua
1268 636 1350 737 pax
1386 635 1430 698 et
1466 597 1582 699 ami-

108 819 143 863 „
166 738 270 840 citia
306 736 582 842 reconciliata
621 734 919 873 interipsum
956 772 1000 835 et
1041 737 1314 842 Franciscum
1349 743 1581 847 Gallorum

109 965 144 1007 „
166 896 379 1026 Regem,
416 882 526 981 duos
568 876 786 978 maximos
830 879 1090 1020 Principes,
1127 877 1289 1024 quibus
1331 886 1579 991 dissidenti-

107 1107 140 1150 ,‚
157 1026 281 1144 bus,
321 1023 592 1126 Christianos
629 1017 719 1121 fere
756 1059 912 1123 omnes
949 1024 1155 1124 dissidere
1191 1066 1361 1127 necesse
1397 1066 1496 1150 est,
1534 1067 1599 1133 et·

102 1248 140 1299 ,‚
163 1170 335 1311 magnis
372 1162 691 1268 calamitatibus
727 1167 913 1308 agitari,
935 1167 1202 1307 eosdemque
1239 1166 1471 1275 confractis
1508 1174 1578 1274 vi-

116 1395 149 1439 „
163 1311 312 1433 ribus,
350 1347 396 1411 et
431 1309 591 1453 opibus
628 1308 869 1428 exhaustis,
904 1307 1166 1412 infirmiores
1203 1314 1329 1413 reddi
1366 1317 1420 1414 ad
1457 1316 1578 1449 inju-

106 1538 144 1582 „
163 1457 243 1557 rias
278 1492 321 1556 et
369 1453 483 1556 bella
518 1453 770 1556 communis
805 1451 941 1553 hostis
976 1455 1362 1597 propulsandum.
1401 1459 1576 1582 Quibus

112 1601 287 1727 „malis
323 1635 374 1700 ut
409 1601 654 1700 mederetur
688 1595 872 1699 Carolus
907 1609 1091 1720 Caesar,
1128 1636 1171 1700 et
1207 1598 1330 1701 bono
1366 1601 1576 1742 reipubli-

113 1784 240 1872 „cae
294 1745 577 1862 consuleret,
623 1741 734 1883 quid
776 1779 871 1841 non
914 1781 1077 1867 curae,
1120 1744 1232 1885 quid
1278 1765 1370 1846 non
1413 1744 1575 1848 laboris

112 1971 143 2016 ,‚
160 1887 387 2029 suscepit?
429 1899 578 2002 Quam
615 1926 709 1987 non
744 1884 862 1987 viam
877 1962 892 2007 ,
918 1882 1150 1987 honestam
1186 1891 1355 2008 modo,
1376 1929 1457 1989 nec
1492 1889 1575 1991 ab·

111 2031 414 2161 „horrentem
449 2073 475 2131 a
506 2072 580 2131 sua
605 2028 848 2174 dignitate,
871 2031 1082 2130 tentavit?
1113 2033 1312 2134 Multum
1349 2034 1482 2132 etiam
1519 2036 1573 2133 de

113 2217 243 2302 „suo
279 2186 374 2308 jure
411 2175 666 2299 remittens,
703 2211 747 2276 et
782 2173 1008 2317 postulatis
1042 2174 1423 2302 adversariorum,
1459 2217 1574 2318 qua-

114 2354 284 2444 „tenus
321 2359 396 2421 sua
421 2319 611 2462 dignitas
646 2353 690 2419 et
725 2315 838 2419 boni
864 2315 1031 2459 publici
1064 2320 1177 2420 ratio
1201 2357 1447 2464 pateretur,
1467 2361 1575 2422 con<

116 2464 351 2588 „cedens.
411 2464 498 2562 His
543 2498 693 2562 autem
733 2460 859 2563 rebus
904 2463 1145 2564 necessario
1180 2502 1222 2568 et
1265 2467 1314 2567 in
1350 2463 1575 2605 publicam

117 2688 147 2732 „
164 2648 270 2710 cum
307 2607 497 2707 aliorum
520 2605 907 2726 Christianorum,
933 2643 1032 2708 tum
1067 2607 1256 2711 maxime
1292 2647 1475 2727 eorum,
1495 2609 1579 2747 qui

116 2831 145 2875 ‚,
162 2751 245 2852 sub
288 2761 379 2884 ejus
414 2762 577 2894 Regno
612 2790 745 2882 sunt,
777 2752 1145 2853 commoditatem
1181 2795 1206 2853 a
1237 2753 1400 2855 Carolo
1436 2791 1576 2852 susce·

118 2976 149 3019 „
171 2896 258 3035 ptis
293 2933 426 3039 atque
461 2896 619 3037 gestis,
649 2896 730 3037 qui
766 2932 931 2996 sumtus
972 2890 1079 2996 facti
1113 2898 1224 3015 sint,
1245 2934 1408 3038 quanta
1444 2934 1577 3037 pecu·
1631 2927 1632 2930 ‘

117 3114 150 3164 ‚,
168 3037 340 3139 uiarum
377 3039 442 3139 vis
484 3040 719 3180 impensa,
756 3035 937 3140 difficile
974 3075 1035 3139 est
1072 3039 1351 3158 existimare,
1387 3074 1437 3138 ut
1473 3039 1577 3138 assi-

120 3184 251 3305 „dua
287 3221 331 3282 et
366 3185 601 3285 necessaria
636 3182 863 3326 impendia
898 3217 1124 3283 taceantur
1159 3185 1214 3283 ad
1250 3183 1409 3324 Regias
1443 3181 1578 3321 ipsius

122 3327 316 3448 „Caroli
362 3327 599 3470 uxorisque
641 3363 685 3427 et
728 3324 972 3429 liberorum
988 3322 1230 3439 familias,
1273 3326 1381 3426 item
1426 3323 1580 3463 Magi-

126 3505 317 3589 „stratus
352 3481 618 3614 Regnorum
669 3509 927 3611 supremos,
961 3507 1005 3572 et
1040 3470 1284 3613 praesidia,
1322 3509 1432 3611 quae
1467 3506 1580 3566 arces

107 3650 207 3733 „et
257 3612 454 3716 confinia
509 3628 772 3757 Regnorum
818 3649 1030 3734 tuentur,
1076 3615 1307 3716 alendum.
1360 3621 1582 3711 Praeterea

106 3827 155 3879 :r
169 3756 346 3882 classes,
368 3799 482 3901 quae
518 3797 638 3860 mare
665 3760 885 3861 internum
921 3798 1106 3901 orasque
1133 3756 1380 3857 maritimas·
1406 3753 1463 3854 ab
1500 3753 1583 3853 ho-

105 3974 152 4017 „
168 3899 334 4001 stilibus
375 3901 693 4004 incursionibus
734 3897 1014 4023 defendant,
1058 3941 1172 4044 quae
1214 3939 1307 4000 non
1350 3897 1494 3999 solum
1531 3936 1583 3994 ea
1679 3908 1681 3911 ’

107 4044 479 4184 „magnitudine
523 4083 622 4149 sunt
657 4047 929 4167 necessaria,
966 4047 1039 4146 sed
1076 4055 1263 4178 majores
1297 4044 1429 4146 ctiam
1466 4037 1584 4137 desi-

111 4190 380 4302 „derantur
419 4190 474 4290 ad
508 4192 601 4292 vim
643 4224 736 4293 tam
772 4191 962 4332 potentis
1014 4228 1196 4329 tamque
1232 4183 1461 4329 pertinacis
1497 4178 1585 4281 ho-

114 4399 145 4443 „
176 4332 247 4431 stis
285 4330 611 4437 sustinendam.
653 4335 739 4433 His
775 4336 899 4434 rebus
934 4366 1199 4435 accesserunt
1235 4328 1469 4428 seditiones
1506 4364 1587 4465 po-

113 4541 141 4583 »
172 4475 338 4613 pulares
373 4476 422 4576 in
460 4481 604 4620 prima
641 4477 776 4621 ipsius
811 4476 1039 4594 absentia,
1077 4512 1190 4615 quae
1227 4506 1277 4570 ut
1313 4504 1457 4571 totum
1494 4481 1589 4571 Re-

115 4684 145 4726 „
176 4655 316 4756 gnum
358 4615 644 4748 afflixerunt,
683 4620 743 4719 sic
780 4618 924 4761 Regia
965 4616 1195 4760 vectigalia
1236 4608 1430 4717 fecerunt
1467 4614 1590 4713 dete-

120 4827 147 4870 ‚,
178 4760 327 4864 riora.
374 4777 484 4891 Quo
527 4803 726 4909 ternpore
759 4844 774 4886 ,
812 4803 916 4866 cum
959 4798 1103 4905 posset
1143 4760 1264 4863 bona
1301 4759 1594 4902 plurimorum

206 4905 313 5033 Tmr.
335 4916 389 5008 ll.
1154 4911 1198 5006 K
1488 4942 1519 5019 „
1534 4908 1600 5031 ju·
