4034 5858
460 426 708 508 CAROLI
750 427 804 507 V.
848 427 967 508 LIB.
1010 426 1153 508 XXX.
1421 433 1508 526 517

83 579 388 690 Ecclesiasticis
423 584 588 704 armiS,
625 624 741 727 quae
773 620 901 684 more
937 585 1211 687 Clericorum
1255 576 1432 689 'cetrsurae
1468 632 1553 691 no-

86 731 342 850 minantur,
381 727 646 872 praesidium
682 726 767 831 sibi
802 729 1042 869 petendum
1086 729 1355 832 constituunt
1404 771 1556 836 contra

87 914 246 977 eorum
283 909 504 994 conatus,
539 869 702 1013 quibus
739 872 993 973 consiliariis
1044 882 1223 1010 Joanna
1277 910 1319 974 et
1361 878 1556 1017 admini-

86 1019 182 1119 stris
218 1054 439 1119 uteretur.
481 1027 644 1157 ¹Itaque
680 1016 965 1117 salmanticae
1016 1051 1059 1115 et
1108 1021 1322 1118 Zamorae
1362 1059 1387 1116 a
1432 1020 1558 1121 rebus
1638 1150 1640 1158 ⁴

87 1160 251 1262 divinis
278 1159 518 1303 ,sacrisque
553 1196 763 1282 cessatum
799 1154 933 1277 fuit,
973 1199 1083 1299 quae
1119 1161 1374 1302 gravissima
1410 1197 1572 1263 'corsu-<

83 1345 211 1406 rarum
248 1340 345 1424 est,
382 1338 424 1403 et
460 1338 703 1404 extremum
741 1300 1048 1420 interdictum,
1071 1303 1277 1446 idemque
1314 1306 1559 1411 remedium

86 1445 302 1548 adhibere
335 1483 500 1548 ceterae
536 1455 627 1580 jam
674 1444 888 1546 Ecclesiae
941 1443 1240 1586 cogitabant5
1284 1450 1358 1549 sed
1409 1453 1558 1589 paucis

84 1587 235 1691 diebus
280 1587 515 1722 interjectis
573 1591 695 1693 idem
751 1582 959 1690 Pontifex
1013 1588 1287 1691 Clericorum
1332 1591 1558 1732 diligentia

86 1768 131 1832 et
166 1733 452 1875 querimoniis
488 1734 648 1835 certior
684 1726 852 1851 factus,
886 1771 1015 1832 suurn
1052 1733 1275 1835 decretum
1312 1769 1355 1833 et
1389 1737 1557 1836 confir-

86 1880 332 1978 mationem
367 1875 572 1977 rescidit.
625 1885 764 2006 Cujus
800 1876 962 1974 mutati
1006 1876 1180 1975 consilii
1215 1915 1390 1978 causam
1437 1878 1558 1982 idem

85 2021 242 2122 Paulus
278 2014 459 2119 fortasse
503 2013 583 2117 nec
619 2015 852 2118 honestam
919 2057 1001 2116 nec
1060 2017 1340 2158 probabilem
1383 2019 1558 2143 intulit,

88 2165 214 2301 quod
250 2159 525 2263 confirmatio
574 2159 647 2260 illa
696 2199 920 2302 suppressa
966 2159 1113 2301 priore
1155 2162 1407 2264 rescissione
1449 2203 1474 2263 a
1515 2205 1558 2268 se
1630 2188 1639 2194 ”

83 2301 232 2405 suisset
267 2340 473 2415 extorta-3
517 2303 668 2445 itaque
705 2303 979 2446 gravissimas
1015 2343 1178 2443 poenas
1216 2344 1259 2408 et
1297 2306 1557 2410 exsecratio⁴

87 2486 163 2554 nes
198 2488 276 2592 per
312 2448 477 2551 litteras
514 2447 563 2548 in
599 2489 674 2549 eos
724 2446 965 2566 decernit,
1005 2486 1200 2589 quorum
1249 2452 1436 2553 consilio
1485 2490 1560 2555 aut

88 2631 224 2732 opera
259 2588 388 2693 rebus
429 2589 734 2692 Ecclesiasticis
787 2591 852 2693 vis
886 2605 888 2608 ⁴
920 2626 996 2690 aut
1043 2631 1199 2693 manus
1243 2593 1369 2695 allata
1415 2591 1559 2717 foret,

89 2736 175 2835 nisi
211 2733 268 2835 ab
305 2735 487 2876 incepto
533 2735 826 2842 desisterent;
869 2732 1030 2872 quibus
1066 2733 1216 2834 litteris
1261 2735 1475 2875 perlatis,
1517 2772 1560 2846 et

87 2875 250 3017 quibus
286 2876 430 2978 visum
465 2914 526 2979 est
564 2912 803 3015 oportere,
845 2874 1003 2986 lectis,
1041 2914 1251 3018 coeptum
1287 2915 1349 2978 est
1386 2879 1432 2981 in
1468 2891 1561 2982 Re-

87 3020 167 3160 gio
201 3019 407 3142 ,Consilio
445 3020 695 3161 diligentius
732 3022 787 3118 de
824 3055 925 3119 toto
961 3020 1144 3160 negotio
1180 3021 1428 3122 consultari.
1469 3031 1560 3123 Po-

88 3197 249 3264 stremo
284 3162 480 3304 placuit,
519 3201 568 3264 ut
603 3161 812 3266 inchoata
847 3200 998 3264 causae
1033 3162 1238 3304 cognitio
1260 3167 1560 3267 commodius

88 3304 138 3406 in
174 3344 348 3446 tempus
383 3342 716 3426 reservaretur,
755 3343 799 3407 et
832 3340 1137 3426 exsecutores,
1175 3343 1226 3407 ut
1267 3301 1430 3408 factum
1467 3344 1561 3429 est,

89 3482 425 3573 revocarentur,
464 3489 508 3551 et
544 3450 604 3550 sic
640 3488 722 3590 pax
757 3448 955 3552 Ecclesiis
992 3451 1048 3550 ad
1083 3487 1254 3593 tempus
1289 3451 1492 3574 reddita,
1513 3487 1559 3554 et

87 3591 305 3695 sublatum
348 3586 658 3695 interdictum.
890 3712 892 3715 ¹
1375 3672 1377 3678 ,
1425 3677 1427 3679 .
1546 3676 1549 3684 .

166 3748 264 3837 XII.
339 3739 420 3837 Sed
457 3776 550 3837 non
585 3736 725 3865 multo
763 3774 862 3881 post
913 3734 1067 3879 inopia
1102 3736 1278 3880 publica
1314 3814 1331 3859 ,
1373 3771 1417 3839 et
1451 3734 1557 3841 belli

92 3912 192 3979 tum
231 3881 564 4020 Neapolitani,
601 3915 697 3981 turn
727 3881 931 4003 Gallici,
972 3893 1092 4016 cujus
1134 3880 1361 4022 utriusque
1402 3915 1556 3982 auctor

94 4055 138 4120 et
172 4042 296 4123 causa
332 4024 449 4124 idem
487 4018 692 4126 Pontifex
727 4021 898 4146 fuerat,
929 4025 1175 4128 rationibus
1206 4020 1555 4151 adhortantibus,
1686 4118 1699 4122 -

90 4204 249 4266 causae
299 4166 502 4308 cognitio
561 4169 612 4268 in
660 4168 862 4270 Consilio
912 4169 1059 4313 Regio
1112 4167 1327 4272 Valdoliti
1370 4167 1556 4308 repetita

93 4345 199 4429 est,
244 4344 288 4410 et
338 4310 581 4439 judicatum
621 4312 852 4415 communi
894 4312 1143 4431 sententia,
1173 4312 1397 4412 decretum
1440 4309 1556 4447 Julii

94 4462 163 4551 111.
202 4490 245 4552 et
283 4452 571 4596 privilegium
607 4490 732 4558 tanto
770 4489 940 4557 ettam
976 4455 1055 4596 pio
1101 4489 1143 4552 et
1187 4453 1355 4593 optime
1395 4453 1450 4554 de
1473 4463 1555 4554 Ec-

92 4593 219 4692 clesia
256 4599 417 4699 merito
455 4599 575 4741 Regi
610 4602 667 4700 ad
703 4599 964 4701 necessarios
1000 4597 1066 4739 pii
1101 4595 1205 4696 belli
1245 4637 1344 4696 usus
1384 4632 1428 4697 et
1468 4597 1555 4698 ime
1669 4669 1675 4674 -

88 4735 270 4877 piorum
305 4740 483 4878 injurias
520 4744 830 4886 propulsandas
865 4742 1129 4885 irrogatum,
1146 4778 1239 4844 nou
1267 4735 1397 4846 fuisse
1422 4777 1554 4880 gene-

1145 4910 1150 4922 ·
1481 4917 1553 4981 ra-
