4192 5858
425 470 543 554 286·
802 475 888 558 DE
936 475 1135 557 REBUS
1183 473 1405 558 GESTIS

379 639 615 761 Danubii,
652 641 776 781 quod
810 636 1005 738 bostium
1037 636 1249 780 praesidio
1284 634 1537 758 tenebatur,
1568 674 1648 740 nec
1687 679 1714 741 a
1754 673 1852 743 ter-

378 827 440 929 go
483 787 754 926 impacatum
789 783 1033 946 relinquere
1083 779 1291 902 volebat,
1328 782 1585 924 recepisset3
1626 795 1747 917 cujus
1780 790 1846 889 si·

375 968 445 1031 tus
499 929 794 1071 cognoscendi
848 928 987 1070 gratia
1034 925 1282 1027 Carolus
1271 965 1363 1066 1pse
1416 966 1520 1028 cum
1563 930 1760 1092 equitatu
1795 968 1844 1035 et

374 1074 764 1215 scloppctatiorum
798 1074 1099 1215 Hispanorum
1131 1106 1252 1212 parte
1291 1109 1572 1212 progressus,
1604 1075 1719 1175 inter
1758 1116 1845 1178 vo
1867 1163 1868 1166 κ

372 1217 510 1318 lantia
546 1255 872 1319 tormentorum
914 1218 995 1317 tela
1019 1255 1199 1356 ,quae
1204 1256 1256 1315 ex
1292 1214 1527 1316 moenibus
1566 1255 1843 1361 contorque·

373 1360 566 1483 bantur,
589 1363 758 1464 tamdiu
795 1397 983 1463 versatus
1023 1395 1119 1479 est,
1162 1362 1304 1460 donee
1345 1359 1433 1459 loci
1482 1395 1682 1465 namram
1733 1366 1846 1466 dili

373 1541 526 1650 genter
578 1508 869 1649 explorasset
860 1574 880 1615 3
907 1542 999 1607 tam
1049 1503 1305 1644 intrepide,
1341 1543 1398 1602 ne
1449 1506 1595 1606 dicam
1644 1528 1845 1628 temere,

373 1692 462 1753 sese
501 1652 702 1794 periculis
744 1649 1015 1783 objiciebatt
1054 1647 1458 1787 eodemquedie
1446 1687 1494 1749 ιιι
1533 1685 1665 1751 castra
1700 1691 1842 1754 rever

374 1793 459 1894 tit.
514 1796 729 1896 Postridie
779 1793 951 1896 duobus
997 1828 1217 1932 praeterea
1269 1832 1321 1892 ex
1371 1792 1577 1893 naviculis
1627 1793 1845 1934 pontibus

378 1939 514 2071 (narn
551 1935 757 2040 sublicius
795 1979 908 2038 unus
959 1973 1051 2036 etat
1091 1934 1364 2077 Ingolstadio
1413 1944 1702 2075 conjunctus)
1742 1952 1845 2041 Da-

373 2080 562 2184 nubium
604 2082 829 2185 committi
862 2079 1069 2246 jubett
1057 2113 1203 2223 itaque
1242 2076 1381 2179 tribus
1416 2079 1627 2222 pontibus
1674 2084 1846 2188 eodem

374 2226 447 2327 die
486 2228 720 2330 exercitum
760 2227 948 2358 trajecit.

442 2379 647 2473 XXVIII
719 2383 785 2470 Eo
823 2371 970 2469 triduo
1008 2367 1206 2487 Catolo,
1241 2402 1345 2467 cum
1382 2364 1636 2531 Neobutgo
1677 2408 1845 2512 appro-

373 2509 645 2684 pinquaret,
676 2512 993 2654 Magistratus,
1039 2511 1118 2653 qui
1153 2549 1276 2612 mote
1318 2512 1580 2645 Germanico
1616 2519 1843 2652 bargoma·

359 2663 492 2792 gistri
519 2658 838 2776 nominantur,
876 2654 1062 2756 obviam
1098 2656 1154 2753 ad
1188 2655 1271 2755 tria
1304 2694 1510 2796 passuum
1544 2655 1719 2779 millia,
1758 2657 1842 2759 ubi

372 2804 626 2902 consederat
646 2879 661 2922 ,
681 2837 1017 2942 processerunt,
1042 2797 1199 2900 urbem
1235 2798 1363 2899 certis
1396 2800 1728 2904 conditionibus
1762 2805 1841 2903 de-

368 2943 542 3054 diruti3
530 2986 686 3086 ‚quas
730 2945 912 3046 Carolus
950 2979 1237 3083 aspernatus,
1271 2939 1352 3043 hos
1386 2944 1443 3043 ad
1480 2957 1654 3046 Ducem
1695 2945 1841 3047 Alba·

371 3125 525 3207 num,
563 3128 642 3228 qur
695 3127 798 3189 cum
844 3125 966 3229 parte
1021 3086 1239 3227 equitatus
1278 3085 1470 3255 propius
1520 3087 1677 3189 urbem
1732 3090 1848 3191 situs

370 3230 673 3331 considerandi
714 3231 852 3373 gratia
904 3266 1216 3372 processerat,
1250 3232 1441 3363 rejecits
1485 3272 1628 3375 eoque
1678 3272 1837 3374 puram

225 3442 227 3445 -
368 3374 645 3478 deditionem
680 3417 732 3476 ex
771 3377 921 3476 Caroli
962 3375 1185 3476 voluntate
1218 3374 1502 3515 postulante,
1538 3379 1720 3477 tandem
1758 3418 1836 3477 ut-

370 3514 475 3622 bem
516 3519 866 3685 praesidiumque
899 3519 1133 3621 communi
1167 3558 1372 3621 omnium
1405 3521 1681 3622 voluntate
1670 3559 1719 3621 ιιι
1749 3533 1848 3622 Ca·
1902 3558 1923 3567 ⁸*
1947 3594 2042 3645 „-

369 3662 456 3761 roli
495 3699 754 3802 potestatem
793 3665 884 3764 sine
922 3664 1179 3764 conditione
1233 3663 1565 3803 permiserunt,
1611 3702 1833 3808 nocteque
1914 3734 2039 3808 Q

368 3805 571 3948 proxima
607 3818 929 3909 Germanorum
970 3807 1087 3910 mille
1120 3808 1435 3947 praesidium
1423 3848 1472 3908 ιιι
1508 3809 1728 3952 oppidum
1763 3849 1832 3909 rc
1889 3883 2039 3922 χ

368 3987 604 4090 ceperunt.
644 3952 855 4052 Postridie
887 3953 1097 4070 Carolus,
1131 3952 1321 4051 admotis
1359 3952 1529 4093 copiis,
1566 3954 1832 4094 praesidium
1858 4005 2035 4079 εἰη

368 4091 605 4196 hostilem
643 4096 891 4237 proximam
927 4096 1158 4215 insulam,
1191 4136 1327 4259 quam
1362 4136 1502 4239 prope
1539 4136 1682 4198 arcem
1734 4091 1935 4197 effi-x
1994 4177 2033 4195 ..

369 4239 430 4337 cit
468 4238 732 4361 Danubius,
762 4241 875 4342 exire
918 4239 1074 4373 jubet,
1110 4274 1153 4339 et
1190 4241 1319 4339 armis
1366 4241 1524 4342 milites
1562 4237 1932 4382 praefectos—
1959 4318 2034 4332 -

370 4419 458 4518 que
496 4419 677 4506 exutos,
713 4420 756 4484 et
788 4387 1069 4520 jurejurando
1107 4385 1282 4483 adactos
1310 4422 1430 4483 arma
1468 4423 1620 4486 contra
1657 4425 1698 4485 se
1736 4424 2035 4496 norrun

369 4561 456 4622 esse
489 4563 789 4650 resumturos,
827 4527 946 4628 abite
982 4528 1207 4668 permisit,
1243 4527 1554 4691 oppidumque
1591 4528 1780 4669 recepit.

374 4676 601 4769 XXIX.
667 4672 757 4771 Hic
790 4673 974 4772 Carolus
1012 4710 1105 4770 suas
1154 4710 1300 4811 copias
1337 4674 1604 4793 recensuit,
1643 4707 1832 4813 reperta·
1826 4718 2016 4774 4·

367 4847 458 4954 que
501 4849 600 4917 sunt
636 4816 839 4957 equitum
877 4853 1041 4919 novem
1078 4814 1249 4935 millia,
1285 4816 1498 4957 peditum
1522 4814 1704 4960 triginta
1745 4856 1990 4914 no·-

1696 4997 1804 5048 Vfim
1916 4999 1942 5048 ἶ
