4124 5880
498 426 741 508 ennom
781 426 836 505 v.
877 428 995 509 itu.
1038 432 1216 515 xvrn.
1484 423 1539 530 85

128 623 269 713 „tum
304 580 471 687 cunctis
507 583 691 723 quidem
729 578 1000 708 ordinibus,
1039 585 1114 683 sed
1150 583 1372 693 nobilitati
1406 594 1586 732 potissi-

129 746 305 856 „mum
342 729 530 846 odiosa,
567 762 664 853 tum
700 724 756 826 ab
793 725 926 867 ipsius
975 726 1194 870 dignitate
1242 770 1285 833 et
1335 740 1587 841 commodis

128 876 447 1021 „publicoque
497 868 622 970 bono
660 870 898 1013 plurimum
934 868 1227 995 abhorrente,
1265 873 1440 981 ferenda
1489 925 1586 984 am·
1648 896 1649 899 ‘

129 1024 293 1161 „plius
329 1016 538 1157 disputari
573 1055 628 1114 ne
666 1014 933 1155 permittat:
970 1015 1163 1136 deinde,
1199 1058 1250 1120 ut
1301 1022 1429 1124 nobis
1463 1026 1589 1128 liceat

131 1166 310 1304 „ipsius
335 1160 565 1260 voluntate
600 1157 779 1258 consilia
815 1197 919 1257 cum
944 1158 1177 1261 civitatum
1212 1163 1365 1304 legatis
1395 1203 1439 1267 et
1468 1178 1589 1271 Pon-

130 1306 365 1430 „tificibus
402 1301 733 1405 communicare
766 1379 780 1422 ,
817 1304 960 1443 deque
1013 1303 1106 1402 aliis
1158 1304 1358 1446 publicae
1409 1312 1587 1456 inopiae

130 1450 433 1574 „consulendi
490 1445 780 1565 rationibus,
830 1447 955 1589 siqua
1006 1449 1146 1549 tutior
1196 1487 1240 1552 et
1305 1458 1590 1561 commodior

133 1594 283 1717 „iniri
319 1592 453 1736 possit
473 1668 487 1710 ,
523 1589 759 1692 deliberare
777 1668 785 1688 .
802 1607 833 1652 “

202 1747 325 1840 XIV.
404 1747 530 1836 Haec
573 1774 675 1835 cum
721 1733 897 1849 dixisset
932 1736 1241 1842 Comestabilis
1257 1818 1272 1861 ,
1311 1780 1356 1843 et
1406 1741 1447 1845 ei
1484 1743 1590 1886 qui-

132 1884 235 1984 dam
273 1923 325 1981 ex
361 1876 628 2022 primoribus
664 1878 776 1980 clara
811 1920 921 1979 voce
956 1875 1134 1984 luissent
1169 1887 1353 2004 assensi,
1389 1888 1590 2027 ipsorum

132 2027 387 2139 auctoritate
424 2059 467 2125 et
501 2020 698 2125 libertate
732 2019 989 2124 infirmiores
1026 2027 1382 2150 confirmantur,
1420 2032 1500 2170 qui
1537 2074 1589 2132 a-

130 2172 246 2270 liena
291 2169 490 2310 priorum
542 2203 586 2268 et
633 2168 936 2308 potentiorum
984 2167 1156 2272 invidia
1208 2212 1327 2274 suam
1381 2174 1592 2280 declinari

133 2310 450 2456 intelligebant.
489 2323 642 2452 Itaque
679 2352 831 2412 omnes
867 2315 924 2413 ad
960 2352 1100 2413 unum
1145 2317 1192 2448 in
1240 2319 1441 2420 eamdem
1493 2357 1593 2419 sen-

134 2457 316 2559 tentiam
350 2459 519 2559 ierunt.
559 2467 690 2557 Hanc
726 2458 984 2557 sententiam
1018 2457 1327 2562 Comestabilis
1362 2462 1513 2584 idem,
1545 2498 1590 2564 et

134 2611 321 2734 Najarae
377 2638 510 2743 atque
553 2598 901 2742 Alburquerquii
949 2615 1092 2704 Duces
1145 2645 1171 2704 a
1212 2604 1417 2706 Concilio
1471 2606 1594 2708 missi

131 2751 184 2847 ad
223 2746 435 2848 Carolum
470 2742 537 2844 his
584 2740 671 2846 fere
707 2745 849 2846 verbis
885 2747 1152 2886 pertulerunt
1184 2787 1194 2845 :
1223 2749 1447 2868 „Visum
1507 2789 1594 2849 esse

132 2929 417 3031 „procerum
455 2888 694 3008 Concili0,
736 2925 780 2987 et
816 2928 982 3030 magno
1019 2929 1227 2989 consensu
1264 2891 1512 3030 placuisse,
1545 2927 1595 2991 ut
1645 2914 1647 2917 ’

124 3034 342 3156 „omissa
377 3040 488 3134 Sitne
524 3032 798 3153 mentione,
844 3035 899 3132 de
948 3034 1149 3134 remediis
1191 3033 1282 3133 aliis
1326 3034 1597 3177 cogitaretur

128 3254 165 3298 „
182 3218 236 3277 ac
272 3175 572 3279 deliberaretur
601 3215 612 3286 3
645 3177 719 3276 sed
755 3176 1015 3278 eorumdem
1066 3176 1270 3300 omnlum
1320 3217 1459 3278 unum
1511 3220 1600 3279 esse

126 3321 386 3459 „animum
415 3358 458 3423 et
492 3321 769 3422 voluntatem
805 3321 889 3461 ipsi
924 3360 1096 3422 morem
1132 3322 1310 3464 gerendi
1346 3357 1479 3463 atque
1516 3319 1599 3422 ob-

116 3526 163 3587 ·„
184 3466 436 3607 sequendi3
473 3503 629 3567 verum
665 3465 721 3564 ad
756 3461 844 3564 hoc
880 3466 1184 3606 praestandum
1220 3465 1372 3607 magni
1419 3464 1601 3566 interes«

125 3686 167 3730 2,
188 3650 264 3729 se,
289 3612 404 3753 ipsos
429 3608 625 3710 'consilia
660 3644 765 3710 cum
800 3608 1027 3709 civitatum
1062 3609 1213 3751 legatis
1250 3609 1600 3722 communicare,

119 3789 238 3874 „ut
274 3753 503 3854 communi
542 3751 726 3854 consilio
763 3753 1087 3853 commodiores
1124 3753 1233 3853 aliae
1269 3751 1457 3854 rationes
1473 3766 1475 3770 ’
1493 3750 1604 3853 faci-

123 3897 275 4019 „lius
309 3899 538 4005 ineantu13
566 3932 611 3998 et
646 3893 744 4036 ipso
775 3898 940 3999 Carolo
976 3894 1248 4039 approbante
1282 3930 1413 4038 atque
1448 3892 1604 4026 juben-

119 4116 170 4160 „
191 4073 237 4138 te
251 4115 266 4158 ,
294 4079 394 4143 curn
429 4051 595 4176 majore
631 4040 925 4159 auctoritate,
954 4054 1197 4180 quaeueo
1232 4040 1282 4165 in
1319 4038 1469 4180 primis
1501 4075 1606 4178 gra-

68 4217 71 4223 ·
125 4260 173 4303 ‚,
193 4218 239 4283 ta
277 4184 360 4283 sint
374 4262 390 4305 ,
429 4221 471 4285 et
518 4185 713 4319 ejusdem
749 4185 898 4287 Caroli
952 4184 1160 4328 dignitati
1193 4183 1429 4323 Regnique
1480 4179 1606 4282 bono

114 4324 379 4468 „publico
416 4331 606 4431 maxime
643 4330 849 4429 omnium
884 4330 1201 4446 accomodata,
1238 4325 1480 4426 sanciantur
1498 4402 1510 4427 .
1531 4341 1563 4386 ‘⁶

210 4483 315 4574 XV.
390 4486 568 4596 Quarto
606 4509 704 4614 post
742 4472 812 4572 die
828 4547 842 4589 ,
868 4472 1031 4570 eisdem
1067 4471 1303 4570 convenire
1337 4469 1492 4603 jussit,
1513 4483 1606 4571 Ca·
1697 4528 1700 4535 .

128 4613 257 4715 tolus
293 4655 368 4758 per
407 4626 636 4756 Joannem
682 4622 940 4735 Taveram‚
978 4652 1103 4754 saepe
1151 4655 1176 4713 a
1220 4611 1346 4715 nobis
1383 4653 1607 4715 memora-1

131 4789 242 4861 turn
288 4760 590 4882 Pontificem,
637 4763 694 4866 ad
729 4803 779 4863 ea
820 4761 868 4865 in
882 4745 889 4755 ¹
903 4758 1014 4860 hanc
1058 4758 1317 4863 sententiam
1352 4756 1598 4900 respondit:

1507 4973 1539 5019 „
1556 4906 1612 4997 Et
