4110 5888
462 363 530 430 m.
913 311 1413 437 summanrum

431 481 583 569 fratrem
598 482 823 589 salutatura,
854 485 1084 571 Praesulibus
1099 510 1138 571 et
1190 485 1391 572 Massiliam
1422 487 1606 595 divertat,
1638 488 1823 577 invitant.

431 604 649 689 Proceribus
699 603 852 691 obviam
898 603 1137 718 procedenti·
1225 607 1369 688 XXIII.
1412 611 1579 690 Euntem
1608 609 1787 691 Carolum
1805 609 1897 697 Gal·

434 722 525 805 bus.
1189 718 1214 802 li
1239 748 1326 804 curn
1356 721 1493 827 classe,
1512 748 1555 808 ut
1570 723 1654 835 iussi
1679 751 1812 831 erant,
1837 760 1896 814 us·

493 840 615 925 XVII.
675 835 832 923 Carolus
862 837 1047 953 Reginam
1091 867 1137 923 ex
1188 864 1265 951 que
1296 840 1345 925 ad
1389 864 1572 954 portum,
1600 841 1666 955 qui
1714 867 1769 927 est
1808 871 1897 932 ante

434 958 572 1045 triremi
602 956 738 1070 scapha
777 981 925 1041 vectam
966 980 1136 1070 porrecta
1187 959 1336 1050 Fossam
1371 958 1582 1042 Marianam
1615 1019 1627 1062 ,
1657 954 1768 1043 oflicii
1815 993 1892 1079 gra·

432 1105 553 1162 manu
593 1074 632 1156 in
662 1097 818 1186 pontem
847 1073 898 1156 ad
918 1100 956 1155 se
981 1072 1132 1186 recipit,
1186 1072 1237 1156 tia
1270 1100 1575 1188 prosequuntur,
1600 1077 1737 1160 nebula
1770 1102 1810 1164 et
1839 1108 1893 1164 ca

433 1193 502 1308 qui
534 1191 702 1306 pondere
740 1218 881 1304 pressus
917 1217 984 1272 sua
1029 1188 1135 1273 ruina
1185 1187 1295 1306 ligine
1339 1192 1437 1277 adeo
1486 1192 1627 1310 ingenti
1672 1222 1892 1302 consecuta,

434 1310 616 1394 Carolum
654 1330 693 1391 et
737 1334 903 1390 sororem
945 1334 1025 1391 non
1058 1306 1135 1393 sine
1186 1332 1229 1391 ut
1275 1332 1357 1393 tota
1402 1335 1514 1394 nocte
1558 1337 1646 1393 cum
1704 1311 1892 1427 multiplici

433 1425 620 1543 periculo,
633 1423 768 1510 trahit.
1186 1425 1348 1537 periculo
1382 1428 1638 1544 navigaretur.
1685 1428 1803 1515 Navis
1830 1431 1890 1516 im·

434 1595 437 1599 .
495 1545 631 1627 XVIII.
692 1547 833 1625 Interea
863 1540 998 1625 Paulus
1034 1544 1137 1626 Pon·
1186 1544 1369 1654 peratoria
1392 1547 1496 1631 vadis
1520 1544 1682 1629 carinam
1703 1543 1804 1661 figit,
1828 1549 1894 1635 sed

434 1660 523 1751 tifex
550 1660 730 1744 Carolum
755 1658 1059 1773 Franciscumque
1085 1659 1135 1745 ad
1186 1689 1302 1745 onere
1329 1662 1519 1749 sublevata
1559 1660 1725 1746 remulco
1761 1663 1799 1746 in
1842 1665 1889 1749 al·

436 1784 568 1866 decem
603 1788 787 1862 annorum
828 1775 992 1861 inducias
1026 1778 1135 1862 tedu-
1185 1801 1266 1862 tum
1290 1778 1531 1865 abstrahitur.
1564 1779 1819 1892 Hispanorum
1836 1811 1889 1865 so

434 1899 511 1984 cit.
905 1920 907 1923 ·
1185 1893 1364 1998 licitudo,
1393 1898 1528 2012 quibus
1555 1896 1754 1981 Gallorum
1793 1894 1886 1985 fides

496 2016 603 2100 XIX.
648 2009 782 2096 Paulus
808 2033 847 2096 et
860 2009 1017 2095 Carolus
1048 2041 1134 2125 pro·
1185 2037 1264 2097 erat
1291 2043 1478 2127 suspecta.
1891 2081 1893 2085 -

403 2131 638 2219 ¹sectionem
687 2152 835 2243 parant.
878 2127 1022 2244 Regina
1063 2125 1134 2214 fra·
1244 2133 1387 2215 XXIV.
1446 2129 1603 2216 Carolus
1649 2128 1755 2216 omni
1814 2127 1892 2216 fere

431 2277 534 2337 trem
566 2277 688 2333 rursus
717 2245 859 2332 revisit.
1185 2245 1297 2332 classe
1318 2272 1449 2333 coacta
1470 2271 1622 2362 portum
1640 2247 1773 2330 intrat.
1802 2247 1892 2335 Rex

435 2410 437 2415 ·
496 2370 586 2451 XX.
645 2369 715 2448 Sex
742 2360 947 2449 triremibus
970 2368 1133 2480 aRege,
1186 2361 1300 2448 fidem
1329 2393 1352 2447 a
1382 2370 1540 2450 Caesare
1570 2363 1699 2476 accipit
1730 2391 1795 2476 per
1814 2368 1895 2448 An*

435 2513 482 2570 ac
515 2482 675 2570 totidem
710 2510 733 2564 a
776 2486 934 2565 Caesare
979 2483 1136 2595 acceptis
1186 2482 1709 2587 namComestabilem,tut0
1731 2481 1891 2570 eumad

435 2598 606 2688 Pontifex
651 2602 828 2689 Genuam
873 2598 1137 2714 progreditur.
1187 2626 1301 2687 naves
1332 2623 1556 2686 venturum.

434 2719 596 2804 Carolus
630 2715 732 2800 illum
775 2738 920 2801 secutus
950 2715 1001 2801 ad
1036 2742 1137 2828 prae·
1246 2718 1373 2803 XXV.
1431 2714 1633 2803 Accedenti
1657 2712 1814 2799 Carolus
1842 2714 1892 2803 ad

435 2838 575 2923 torium
604 2834 776 2919 Andreae
823 2832 963 2916 Dotiae
1007 2834 1137 2918 subur·
1186 2860 1273 2918 suae
1321 2834 1424 2920 navis
1466 2832 1576 2918 scalas
1605 2832 1773 2946 procedit
1818 2833 1893 2916 ob-

434 2955 579 3041 banum
611 2952 759 3036 divertit
781 3010 794 3055 ,
816 2949 1051 3064 salutatoque
1076 2952 1135 3038 vi-
1185 2950 1317 3052 viam,
1349 2973 1388 3035 et
1421 2951 1471 3036 ad
1500 2975 1703 3036 extremam
1734 2949 1889 3062 puppim

434 3072 552 3157 cissim
598 3067 778 3153 Pontifice
829 3066 868 3150 in
916 3068 1136 3180 Hispaniam
1186 3069 1395 3153 secedentes
1427 3069 1492 3154 diu
1523 3069 1598 3152 sine
1640 3064 1778 3149 arbitris
1809 3065 1892 3148 col-

435 3186 694 3304 proficiscitur.
1186 3183 1416 3300 loquuntur.
1447 3183 1546 3269 Galli
1573 3187 1745 3268 Proceres
1769 3185 1895 3267 Caro-

433 3366 436 3374 .
495 3309 600 3390 XXI.
660 3301 722 3387 Ad
762 3300 934 3385 Lerinam
981 3299 1137 3386 insulam
1186 3298 1294 3406 lum,
1328 3302 1484 3416 Hispani
1513 3299 1742 3387 franciscum
1780 3328 1894 3413 spon·

436 3424 570 3511 obvios
599 3420 713 3504 habet
742 3417 854 3534 Regis
883 3417 1058 3503 Francisci
1086 3419 1137 3505 le·
1187 3442 1226 3503 te
1256 3448 1321 3503 sua
1347 3419 1537 3521 salutant,
1570 3417 1669 3503 idem
1695 3417 1812 3501 Doria
1839 3413 1895 3500 faa

437 3566 546 3658 gatos
577 3538 625 3622 de
654 3535 741 3620 loco
768 3535 818 3620 ad
843 3535 1033 3648 utriusque
1063 3536 1136 3621 col·
1187 3563 1269 3620 cete
1310 3536 1428 3647 jusso.
1467 3532 1721 3620 Comestabilis
1759 3534 1896 3638 verba,

318 3678 341 3759 f
434 3658 608 3771 ‘loquium
629 3651 892 3737 consumendo
906 3711 918 3753 ,
934 3651 1043 3764 quod
1057 3657 1138 3738 Rex
1188 3650 1368 3736 Carolum
1402 3657 1630 3755 Caesarem,
1660 3675 1704 3736 ut
1730 3649 1804 3764 ipse
1843 3651 1895 3737 ad

438 3803 526 3860 cum
557 3793 667 3855 antea
695 3769 875 3875 vitasset,
896 3796 999 3853 nunc
1025 3768 1138 3856 vehe·
1188 3768 1332 3886 Regem
1360 3771 1513 3858 vicissim
1539 3770 1578 3854 in
1618 3767 1800 3882 oppidum
1826 3768 1898 3856 de·

434 3914 585 3979 'menter
617 3885 774 4000 expetit.
1192 3889 1371 3991 scendat,
1395 3887 1604 3976 invitantis.

496 4009 619 4092 XXII.
676 4008 798 4087 Locus
834 3999 946 4116 igitur
974 4000 1024 4087 ad
1056 4005 1139 4088 Fos-
1251 4006 1396 4089 XXVI.
1456 4003 1701 4090 Dubitantem
1716 3997 1896 4086 Carolum

437 4154 517 4211 sam
557 4119 768 4206 Marianam
812 4116 909 4230 (hoc
953 4119 1142 4205 castellum
1192 4122 1291 4204 corni
1320 4147 1498 4234 responso
1529 4119 1736 4206 Franciscus
1778 4115 1898 4200 solici-

437 4245 571 4346 Aquas
605 4252 768 4320 mortum
817 4234 936 4349 vulgo
985 4236 1140 4351 dicunt)
1192 4238 1322 4323 tudine
1355 4238 1503 4323 liberat.
1539 4240 1712 4322 Proceres
1744 4261 1898 4337 omnes,

434 4355 669 4445 constituitur
697 4377 765 4461 ,et
791 4379 909 4467 prope
940 4353 1141 4440 Massiliam
1193 4383 1272 4439 uno
1312 4355 1506 4440 dumtaxat
1547 4376 1731 4466 excepto,
1764 4354 1898 4434 Caesa·

437 4471 689 4592 progredienti
709 4469 852 4556 Carolo
880 4467 956 4582 ejus
988 4471 1141 4558 civitatis
1193 4502 1297 4575 rem,
1329 4502 1377 4557 ne
1406 4497 1515 4557 tanto
1538 4469 1701 4584 periculo
1726 4495 1763 4551 se
1788 4490 1900 4550 teme·

437 4593 718 4708 Magistratus,
750 4589 849 4672 urbis
892 4611 1006 4700 atque
1053 4591 1143 4674 arcis
1194 4618 1233 4672 re
1276 4589 1517 4694 committat,
1546 4608 1658 4675 orant
1685 4610 1799 4701 atque
1826 4586 1923 4702 ob<⁴

435 4710 613 4799 clavibus·
632 4706 764 4793 oblatis
792 4767 805 4811 ,
836 4705 1016 4791 Carolum
1046 4768 1060 4815 ,
1100 4729 1166 4815 ut
1196 4727 1398 4795 testantur·
1839 4814 1880 4900 m

437 4866 439 4869 ,
498 4883 503 4889 ,
1880 4842 1902 4900 e
