3998 5850
486 421 572 531 ιιι
858 423 942 503 oa
989 420 1194 503 nauus
1243 418 1466 505 ousrrs

451 646 482 709 „
503 619 640 704 esset,
660 618 746 683 sese
786 619 878 682 non
913 579 1182 721 intelligere3
1202 578 1328 681 licere
1364 614 1510 678 tamen
1546 573 1747 680 Henrico
1787 613 1910 680 suam

459 727 830 892 „querimoniam
867 760 910 826 et
955 725 1168 865 postulata
1206 722 1389 864 apertius
1428 761 1725 885 proponere,
1765 760 1807 822 et
1840 723 1906 820 la-

461 875 626 994 „tius,
660 909 695 969 st
735 905 886 1010 pacem
925 867 1066 986 velit,
1104 866 1359 1029 explicare:
1392 905 1435 964 se
1468 902 1608 982 vero,
1641 865 1723 1005 qui
1760 866 1904 1006 publi-

462 1015 551 1140 „ci
587 1010 939 1114 Christianorum
990 944 1100 1109 boiri
1148 1011 1317 1148 otiique
1360 1048 1534 1127 causa,
1552 1009 1816 1170 quominus
1846 1008 1906 1148 pri

465 1234 496 1277 „
513 1191 688 1297 pareant
735 1154 978 1294 impiorum
1032 1189 1395 1312 externorumque
1434 1149 1652 1281 injuriis,
1689 1151 1905 1291 Principes

380 1344 383 1350 ·
463 1337 660 1422 „omnes
697 1297 969 1397 Christianos
1019 1296 1139 1395 idem
1194 1295 1396 1412 sentire,
1436 1328 1480 1391 et
1530 1295 1772 1394 concordes
1822 1335 1903 1393 esse

464 1443 809 1580 „maximopere
845 1439 1055 1578 cupiant,
1088 1438 1202 1578 pacis
1242 1472 1285 1536 et
1321 1370 1579 1537 concordiae
1612 1438 1903 1539 conciliandae

468 1584 738 1704 „libenter
729 1618 975 1720 interpretes
1010 1621 1094 1681 esse
1125 1577 1321 1680 futuros.
1347 1597 1378 1640 “

536 1736 723 1827 XXXII.
799 1732 948 1864 Atque
985 1721 1092 1822 haee
1122 1723 1304 1862 quidem
1347 1724 1402 1821 ad
1441 1721 1626 1824 Henrici
1659 1721 1797 1863 Regis
1841 1722 1897 1821 le·

468 1869 724 2010 gationem:
716 1869 807 1966 .ad
847 1866 1054 1966 Mauricii
1086 1904 1193 1964 vero
1231 1867 1506 2006 postulata
1497 1904 1543 1964 tn
1580 1865 1691 1967 hanc
1738 1903 1892 1964 senten-

469 2011 575 2110 tiam
612 2011 969 2152 responderunt:
1007 2020 1122 2128 „De
1161 2010 1362 2109 remediis
1412 2009 1631 2108 malorum
1683 2044 1727 2107 et
1764 2008 1890 2108 ceteris

389 2250 390 2254 a
470 2152 643 2293 „rebus
693 2155 799 2252 ad
785 2187 942 2283 justam
980 2188 1024 2251 et
1063 2152 1286 2251 salutarem
1325 2153 1584 2252 Germaniae
1641 2151 1889 2250 administra·

470 2296 686 2417 „tionem
719 2291 1033 2433 pertinentibus
1072 2294 1464 2433 disputationem,
1497 2333 1602 2394 curn
1640 2332 1707 2394 res
1753 2297 1805 2394 ad
1847 2333 1888 2390 ο·

474 2478 642 2558 „mnes
678 2439 924 2578 pertineat,
960 2439 1014 2537 ad
1057 2477 1292 2538 commune
1327 2439 1473 2537 totius
1482 2436 1756 2537 Germaniae
1785 2447 1888 2534 Con·

437 2580 669 2700 „cilium
707 2580 986 2709 rejiciendam
1019 2621 1104 2680 esse
1130 2579 1298 2687 videris
1324 2581 1535 2682 Carolum
1574 2592 1800 2681 Caesarem
1822 2576 1888 2675 hoc

472 2763 605 2843 „esse
644 2722 829 2842 animo,
868 2759 918 2822 ut
966 2722 1082 2822 nulla
1118 2737 1323 2862 exparte
1368 2719 1521 2823 officio
1559 2763 1639 2822 suo
1681 2759 1724 2822 et
1762 2719 1888 2860 aequi·

475 2865 604 2985 „tati
641 2802 935 3006 dignitaiique
970 2866 1228 2968 Germaniae
1273 2867 1327 2965 sit
1362 2860 1639 2984 defuturus,
1678 2875 1796 3024 cujus
1824 2876 1892 2963 Ca

473 3007 606 3126 „roli
638 3008 942 3106 auctoritatem
982 3045 1026 3108 et
1077 3009 1337 3147 dignitatem
1384 3049 1471 3107 esse
1506 2943 1726 3107 salvain
1715 3043 1892 3107 rnterestt

478 3147 593 3309 „vel
625 3148 814 3247 maxime
841 3151 992 3250 dicunt
1038 3151 1094 3249 ad
1128 3151 1387 3250 Germaniae
1422 3138 1732 3291 dignitatem,
1773 3187 1895 3289 eoque

477 3290 670 3410 „minus
715 3295 940 3392 Germanis
993 3291 1240 3434 proceribus
1276 3293 1647 3394 committendum
1692 3333 1827 3409 esse,
1860 3324 1900 3388 ut

477 3433 657 3556 „fidem
694 3474 744 3532 ac
772 3409 970 3534 officium
1007 3434 1136 3536 obliti
1168 3435 1425 3576 ,Principis
1465 3472 1508 3536 et
1542 3435 1816 3576 Imperatoris
1848 3431 1904 3532 sui

475 3586 782 3739 „majestatem
808 3579 1003 3679 minuere
1038 3613 1080 3676 et
1106 3616 1380 3678 contemnere
1399 3578 1659 3678 videantur.
1697 3590 1769 3678 De·
1788 3587 1909 3676 Lant-

474 3720 663 3879 „gravit
647 3718 934 3821 liberatione
973 3760 1066 3819 non
1096 3761 1141 3820 se
1175 3719 1374 3821 dubitare
1395 3722 1534 3881 ,quin
1569 3761 1594 3818 a
1623 3720 1790 3821 Carolo
1818 3761 1911 3860 pos

473 3897 574 3985 „stt
602 3861 685 3960 suis
719 3863 961 3999 precibus
950 3863 1207 4004 amputari,
1227 3863 1413 3962 modo
1403 3863 1519 4003 rpsi,
1540 3862 1618 4003 qui
1654 3862 1816 3964 bellico
1850 3899 1917 3962 ru·

470 4006 658 4124 „multu
695 4008 972 4105 Germaniam
1007 4004 1366 4126 conturbassent,
1404 4006 1610 4148 depositis
1644 4006 1823 4126 armis,
1868 4006 1921 4105 ad

469 4146 742 4266 „sanitatem
781 4149 992 4247 redirent.
1011 4167 1042 4210 ‘⁶

540 4299 745 4389 XXXIII.
821 4291 992 4391 Haec
978 4292 1115 4453 agitur
1149 4292 1196 4391 in
1237 4328 1458 4391 conventu
1498 4291 1673 4432 publice
1729 4330 1927 4432 responsa

468 4430 598 4528 dara
654 4445 860 4534 Ceterum
906 4433 1133 4571 separatim
1173 4445 1268 4537 Rex
1321 4437 1562 4535 Fernandus
1612 4434 1929 4574 indignantem

464 4572 732 4672 Mauricium
754 4578 911 4716 ‚quod
944 4577 1197 4719 Lantgravii
1234 4573 1368 4678 soceri
1409 4576 1608 4677 liberatio
1646 4577 1930 4696 differretur,

461 4747 506 4814 et
538 4717 662 4857 quod
693 4713 778 4822 sibi
812 4757 921 4825 vana
958 4759 1051 4861 spes
1087 4715 1236 4822 fuisset
1274 4757 1522 4841 ostentata,
1543 4759 1925 4860 conquerentem,

1842 4866 1923 4969 bo⁴
