4042 5864
106 490 332 572 Loric'atus,ut
343 508 427 572 erat,
440 492 599 581 equoque
610 485 774 568 intectus,

109 613 142 664 ct
167 590 303 660 vulnere
342 607 499 659 cruentus
532 586 576 657 ad
607 589 777 661 Catulum.

111 690 308 764 deducitur.
333 691 380 757 II.
410 712 489 782 317·
506 706 538 755 et
560 688 640 779 318.
668 690 774 778 Equo

109 790 236 862 desilire
264 809 380 882 parans
403 808 541 886 propter
572 804 771 880 corporatu-

110 914 180 962 44444
200 888 391 958 inusitatam
404 912 435 956 ¹a
460 885 586 958 Carolo
614 884 772 981 prohibe-

110 990 248 1059 tur.II.
269 986 352 1080 448.
370 991 501 1084 Aperto
518 986 625 1080 capite
641 985 773 1058 ueniam

110 1087 272 1158 aCarolo
295 1084 400 1181 petit.
427 1088 473 1154 II.
505 1086 585 1178 318.
616 1088 774 1179 Respon-

109 1208 184 1257 sum
204 1208 222 1253 a
245 1186 372 1254 Carolo
395 1184 528 1280 accipit,
543 1204 575 1253 et
599 1183 773 1279 (filigenter

111 1284 155 1354 ab
177 1281 333 1378 Hispanis
356 1283 515 1355 custodiri
536 1284 694 1378 jubetur.
724 1286 774 1350 11.

115 1384 197 1478 318.
219 1383 380 1453 Carolum
399 1407 468 1456 nou
484 1385 703 1478 Imperatorem,
716 1377 774 1450 scd

110 1484 333 1554 enutrirem
367 1488 506 1554 carolum
538 1504 595 1578 per
617 1499 774 1551 contem-

111 1599 188 1652 tum
216 1579 303 1649 bello
325 1583 492 1677 superiore
522 1583 674 1650 nominat
687 1627 701 1647 ..
724 1583 773 1648 ΙΙ.

117 1681 199 1773 318.
226 1686 355 1750 Poenae
378 1679 524 1776 capitalis
551 1680 679 1750 veniam
707 1678 776 1747 irn-

113 1798 245 1876 pettat3
269 1776 377 1849 sedin
405 1777 557 1849 custodia
577 1778 620 1848 ad
641 1796 774 1872 tempus

112 1877 298 1960 retinetur,
320 1876 390 1965 jure
413 1876 540 1949 ferendi
566 1873 710 1972 suffragii
736 1874 773 1945 itt

114 1973 292 2071 deligendo
346 1982 549 2071 Imperatore
599 1975 771 2071 privatur,

114 2076 228 2144 omnia
246 2073 371 2169 oppida
400 2077 481 2145 huic
498 2074 562 2164 juri
579 2095 712 2145 annexa
729 2094 774 2142 ex

112 2171 253 2242 vinculis
273 2171 429 2257 tradere,
454 2172 573 2243 ceteris
614 2171 769 2253 retentis,

114 2271 271 2366 cogitur,
286 2292 319 2339 et
336 2273 490 2342 Ecclesiis
511 2292 543 2342 et
563 2269 775 2342 Monasteriis

113 2370 227 2438 omnia
244 2369 437 2440 restituere.
462 2373 507 2439 11.
538 2394 614 2462 320.
646 2373 776 2462 Nepet

112 2466 265 2555 injuriam
286 2486 454 2564 occupata·
472 2469 696 2539 Ecclesiastica
712 2469 775 2535 bo-

112 2589 156 2634 na
171 2564 300 2648 reddat,
322 2569 544 2638 Lutherauatn
569 2567 773 2662 impietatem

114 2664 194 2734 alit.
223 2670 268 2734 11.
290 2687 370 2759 323.
392 2668 473 2756 Ejus
493 2667 580 2738 filius
600 2686 680 2735 natu
698 2688 773 2733 ma-

114 2763 224 2834 ximus
245 2764 331 2858 leges
359 2765 443 2859 patri
473 2788 491 2832 a
519 2766 645 2835 Catolo
679 2762 776 2832 datas

876 483 1073 567 vindicent,
1096 500 1131 553 et
1148 485 1295 580 captivos
1310 483 1472 580 Principes
1495 483 1538 554 li·
1568 502 1589 564 f

876 587 1018 658 herent.
1046 589 1094 653 Il.
1122 605 1205 675 447.
1240 584 1440 672 conjunctis
1456 608 1534 654 cttm

875 688 1020 759 Alberto
1055 683 1184 778 copiis,
1201 682 1440 756 Donaverdam
1457 685 1536 754 alia·

875 810 942 881 quc
969 783 1091 882 oppida
1114 782 1233 878 capit,
1258 801 1292 850 et
1323 784 1547 879 Magistratus·

877 888 1054 980 abrogat,
1091 902 1125 951 et
1157 881 1333 976 pecuniam
1374 882 1548 978 impetat.

875 990 921 1057 11.
945 1006 1028 1075 447.
1058 1001 1092 1052 44
1116 983 1206 1072 448.
1232 981 1361 1052 Licium
1379 980 1547 1064 deflectit,

875 1106 908 1155 et
944 1081 1153 1152 Fernandum
1190 1086 1321 1181 Regem
1368 1080 1539 1150 convenit.

876 1187 922 1255 11.
953 1203 1038 1274 449.
1066 1186 1219 1275 Accepto
1242 1179 1452 1251 aFetnando
1468 1186 1537 1254 Re·

877 1307 918 1381 ge
953 1305 1108 1378 responso
1140 1280 1184 1350 ad
1214 1279 1322 1349 socios
1346 1279 1543 1350 revertitur.

879 1386 923 1454 11.
943 1404 1028 1472 444.
1044 1380 1168 1475 Copias
1186 1398 1330 1448 recenset
1343 1397 1397 1461 ,et
1420 1380 1483 1450 iter
1494 1377 1542 1452 ad
1619 1395 1621 1401 '

877 1483 987 1578 Alpes.
1008 1477 1124 1551 flectit.
1161 1484 1207 1549 11.
1234 1499 1319 1569 444.
1362 1482 1537 1574 0444444444-1

878 1581 979 1652 41444444
1000 1579 1043 1649 441
1066 1579 1230 1648 Carolum
1251 1599 1310 1672 per
1325 1579 1428 1674 Alpes
1444 1599 1541 1647 exer-

876 1681 982 1751 citum
1018 1678 1206 1749 convertit.
1237 1682 1284 1746 11.
1311 1697 1397 1768 444.
1424 1681 1537 1747 Oens·
1592 1704 1593 1707 ¹

877 1780 1043 1876 pruchum
1066 1777 1191 1858 intrat,
1217 1793 1251 1844 et
1273 1799 1362 1849 resa
1396 1781 1537 1847 Caesare

877 1878 1005 1948 relictas
1032 1874 1167 1970 diripit.
1196 1879 1243 1942 11.
1264 1896 1350 1964 425.
1378 1873 1536 1970 Oppida-

876 2001 1000 2046 norum
1017 1995 1050 2046 et
1076 1971 1177 2070 Regis
1199 1973 1360 2044 fernandi
1377 1973 1538 2044 4414444411-

874 2076 1015 2172 ligentcr
1038 2091 1076 2141 ut
1100 2091 1284 2168 parcatur,
1307 2072 1430 2157 edicit,
1450 2071 1536 2143 etin

874 2170 1089 2245 Germaniam
1121 2169 1330 2266 regreditur.
1366 2177 1428 2241 11.
1448 2193 1536 2263 425.

873 2272 1058 2345 Passavium
1090 2269 1266 2342 convenit.
1294 2275 1341 2341 II.
1371 2272 1456 2362 426.
1491 2276 1534 2340 In

872 2375 1067 2442 Electorum
1108 2386 1276 2438 conventu
1313 2367 1356 2440 de
1406 2369 1536 2441 Carolo

873 2476 1010 2543 Caesare
1028 2467 1267 2560 conqueritur.
1291 2467 1336 2536 Il.
1352 2471 1437 2559 426.
1461 2468 1535 2538 Ve-

872 2571 960 2640 niam
985 2594 1004 2637 a
1038 2567 1164 2636 Carolo
1193 2565 1347 2661 impetrat
1378 2589 1416 2636 ea
1446 2566 1544 2664 lege,

873 2689 911 2737 ut
928 2667 1052 2736 bellum
1067 2688 1128 2760 pro
1146 2664 1319 2736 Fernando
1335 2670 1427 2762 Rege
1449 2687 1530 2735 cum

872 2766 992 2837 Tttrcis
1009 2783 1122 2862 gerat.
1137 2765 1185 2832 11.
1200 2783 1288 2851 429.

114 2861 182 2958 ipse
200 2883 339 2952 quoque
355 2862 487 2956 accipit,
506 2883 540 2931 et
556 2883 639 2931 ratas
659 2862 775 2932 habet.
822 2868 976 2954 scalonae
998 2863 1171 2955 Princeps,
1186 2864 1250 2933 sive
1270 2865 1353 2932 Dux
1370 2859 1531 2950 (Jacobtts
1589 2885 1592 2893 ·

115 2964 162 3031 II.
196 2963 273 3050 326.
309 2961 473 3030 Custodia
496 2986 514 3030 a
540 2963 665 3033 Carolo
687 2960 771 3028 libe-

115 3078 232 3129 ratur.
260 3059 305 3126 11.
328 3077 412 3146 419.
451 3063 624 3129 Caesarem
663 3062 776 3127 Oens-

114 3154 244 3252 prucho
256 3159 375 3251 raptim
394 3157 614 3226 discedentem
639 3176 773 3226 assecta-

114 3275 191 3324 tur.
209 3254 253 3321 11.
269 3277 355 3344 425·
373 3261 561 3352 Augustam
573 3254 772 3352 ingreditur,

115 3373 148 3423 et
182 3351 335 3423 dextram
366 3379 384 3423 4
417 3355 543 3425 Catolo
582 3353 774 3449 suppliciter

115 3452 430 3549 petens,liberalius
454 3475 556 3544 quam
580 3471 676 3522 antea
703 3471 774 3527 tta-

115 3569 225 3620 ctatur
247 3599 259 3632 ,
282 3572 315 3620 ct
337 3550 477 3624 domum
501 3549 645 3624 abeundi
675 3569 770 3648 pote-

114 3670 229 3721 statem
245 3651 422 3746 impetrat.
437 3652 482 3718 II.
502 3672 588 3743 432.

62 3747 225 3822 Saxouiae
240 3753 323 3819 Dux
336 3747 567 3834 (Mauricius)
594 3770 652 3843 per
666 3770 771 3838 equos
807 3812 811 3822 ,

116 3846 286 3940 dispositos
317 3847 361 3917 ad
394 3845 603 3917 salutandum
648 3846 770 3939 Philip-

116 3968 198 4042 pum
226 3952 390 4017 Asturum
416 3946 601 4042 Principem
625 3945 771 4015 Triden-

116 4064 192 4113 tum
221 4045 331 4114 venit.
365 4050 411 4115 Il.
460 4068 535 4138 37⁰·
579 4042 769 4140 Philippum

112 4142 249 4237 supplex
262 4144 462 4215 Germanica
473 4143 669 4214 caerimonia
687 4144 771 4215 dex-

114 4259 201 4310 tram
231 4241 355 4313 dextris
388 4242 616 4340 coutingendo
646 4266 687 4314 ex
715 4243 771 4329 ju-

115 4339 234 4410 mentis
255 4342 397 4410 salutat.
429 4347 476 4410 II.
507 4366 583 4436 37¹·
612 4342 769 4411 Alienum

115 4439 424 4510 animumaCatolo
435 4441 519 4536 gerit
529 4447 773 4536 propterLant·

114 4541 263 4634 gravium
279 4563 449 4610 socerum.
469 4543 514 4608 II.
534 4544 618 4630 446.
639 4539 787 4614 Litteris·

116 4658 176 4731 per
197 4639 412 4708 Germaniam
429 4638 610 4736 evulgatis,
626 4658 658 4707 et
687 4639 769 4709 inito

113 4731 246 4806 foedere
265 4759 341 4805 eum
364 4739 541 4809 Gallorum
560 4744 665 4838 Rege,
682 4741 772 4809 Ger-

870 2955 983 3058 Lupus
1000 2961 1186 3039 Pachecus)
1214 2981 1293 3030 cum
1321 2961 1391 3031 filio
1420 2960 1531 3032 Sancti

870 3060 1025 3157 Stephani
1046 3057 1183 3129 Comite
1208 3057 1428 3154 pacificandae
1440 3058 1532 3129 urbis

868 3162 973 3262 gratia
988 3160 1152 3226 Toletum
1175 3158 1289 3228 venit.
1316 3160 1428 3228 l.1ro.
1446 3159 1528 3227 Bar-

868 3264 1022 3332 cinonem
1038 3273 1218 3326 evocatur.
1242 3257 1288 3324 II.
1308 3277 1365 3341 29.
1387 3256 1528 3326 ,Castel-
1590 3278 1594 3291 ·

868 3363 917 3431 144
939 3356 1093 3426 Concilio
1109 3355 1264 3424 interest.
1284 3356 1329 3423 11.
1350 3360 1407 3445 67.
1432 3353 1530 3424 Unus

867 3453 1082 3528 eduodecim
1101 3451 1177 3520 viris
1197 3478 1216 3523 a
1234 3460 1412 3524 Procerum
1436 3457 1529 3522 Con-

870 3556 945 3627 cilio
973 3543 1141 3632 414144ῐὶ4,
1172 3569 1210 3620 ut
1243 3551 1328 3644 quid
1355 3551 1527 3647 optimum

868 3653 961 3726 factu
996 3651 1067 3732 sit,
1102 3648 1313 3719 consideret.
1371 3657 1418 3721 11.
1469 3650 1529 3719 80.

868 3753 963 3839 Unus
985 3774 1026 3818 ex
1042 3748 1158 3818 decem
1171 3751 1251 3842 ,qui
1277 3749 1312 3818 in
1327 3747 1443 3821 Caroli
1468 3771 1530 3844 po-

868 3852 987 3921 stulata
1005 3845 1196 3931 deliberent,
1207 3873 1226 3918 a
1239 3855 1419 3919 Procerum
1431 3852 1530 3917 Con·
1587 3875 1590 3881 ·

870 3949 948 4020 cilio
981 3946 1156 4044 deligitur.
1189 3953 1235 4017 11.
1266 3948 1325 4038 87.
1374 3947 1532 4018 lsabellae

869 4048 1017 4144 Reginae
1042 4045 1214 4118 funebrem
1233 4068 1391 4142 pompam
1417 4068 1531 4141 prose-

869 4147 1006 4240 quitur.
1029 4151 1076 4216 11.
1100 4163 1158 4231 95.
1182 4143 1372 4241 Philippum
1391 4165 1530 4240 sponsae
1586 4153 1593 4179 ²

870 4245 1003 4315 obviarn
1029 4242 1249 4340 prodeuntem
1272 4246 1464 4315 comitatur.
1482 4245 1530 4312 11.

872 4367 954 4434 444.
994 4343 1180 4437 Philippum
1220 4344 1451 4414 Salmanticam
1488 4339 1533 4412 ad

869 4465 1020 4539 sponsam
1043 4444 1227 4511 uenientem
1251 4444 1453 4513 comitatur.
1479 4443 1527 4511 lI.

873 4567 959 4635 243.
985 4541 1170 4636 Philippum
1194 4542 1463 4613 Maximiliauum
1485 4540 1541 4614 ad·

871 4640 1084 4731 Qremadam
1103 4641 1322 4713 salutaturum
1338 4642 1530 4714 comitatur.

118 4857 235 4907 manos
250 4831 476 4924 hortatur,ttt
505 4861 538 4911 se
567 4862 587 4910 a
616 4839 773 4913 servitute
821 4835 1533 4928 5444114004414044444444444144014444144.

143 4945 223 5007 1444.
239 4945 281 5004 11.

1218 4954 1242 5015 1<
1460 4941 1537 5010 Sce-
