3998 5850
526 481 614 590 462
954 497 1038 577 DE
1088 492 1289 576 REBUS
1336 494 1562 579 GESTIS

477 654 617 794 gatis,
657 686 699 749 et
735 647 1063 751 conditionibus
1103 652 1336 750 tractandis
1373 685 1545 790 tempus
1581 647 1781 774 teritur,
1819 654 1948 797 oppi-

478 797 582 896 dani
617 805 707 925 jam
744 799 797 895 de
835 792 1171 893 conditionibus
1209 793 1464 895 convenisse
1502 793 1613 910 rari,
1651 798 1708 895 ad
1746 835 1940 900 murum-

474 979 561 1079 que
598 939 837 1080 progressi,
860 977 1020 1078 magna
1057 977 1168 1038 voce
1204 940 1361 1037 milites
1400 947 1567 1045 nostros
1604 940 1665 1038 sic
1702 939 1935 1081 alloquun-

376 1116 377 1121 ‘
473 1117 571 1182 tur:
608 1160 639 1200 „
657 1084 826 1217 Amici,
865 1124 893 1182 o
930 1081 1084 1199 amici,
1122 1124 1176 1184 en
1211 1083 1297 1222 ipsi
1334 1122 1414 1180 nos
1452 1082 1498 1180 in
1528 1118 1715 1182 vestram
1742 1120 1932 1222 potesta·

469 1244 607 1347 „tem
652 1226 875 1367 fidemque
912 1225 1269 1363 permirtirnus.“
1332 1237 1441 1343 Quo
1479 1226 1686 1325 exaudito
1721 1305 1736 1346 ,
1779 1228 1929 1331 milites

473 1369 519 1472 in
556 1410 704 1471 muros
740 1372 933 1470 celeriter
971 1370 1191 1488 evadunt,
1227 1367 1274 1468 in
1312 1369 1618 1509 oppidumque
1655 1371 1930 1510 irrumpunt,

471 1517 649 1615 nemine
685 1550 978 1657 repugnante.
1026 1524 1131 1611 Hoc
1167 1512 1508 1629 animadverso,
1553 1516 1756 1613 custodes
1802 1518 1850 1616 in
1884 1559 1928 1616 a·

470 1695 640 1756 versam
676 1697 842 1800 partem
879 1651 1181 1796 confugientes
1216 1657 1263 1756 in
1316 1657 1465 1796 Belgas
1501 1690 1545 1754 et
1586 1666 1831 1758 Germanos
1865 1660 1922 1762 in·

473 1801 701 1919 ciderunt,
739 1801 848 1940 qui,
886 1838 936 1898 ur
973 1800 1113 1897 solent
1148 1799 1196 1898 in
1235 1797 1377 1897 hostes
1413 1798 1548 1896 etiarn
1584 1799 1727 1902 victos
1764 1841 1845 1902 nec
1867 1845 1922 1904 re·

465 1981 709 2084 pugnantes
745 1944 969 2043 interdum
1007 1942 1207 2062 saevire,
1258 1951 1474 2072 majorem
1510 1942 1712 2083 ipsorum
1760 1984 1911 2086 partem

468 2089 796 2206 conciderunt,
836 2122 877 2186 et
930 2086 1183 2225 complures
1226 2087 1506 2184 vulnerarunt
1545 2162 1560 2203 ,
1601 2126 1799 2227 quorum
1845 2085 1915 2191 luit

358 2275 360 2277 ¹
465 2226 705 2371 praelectus
746 2232 836 2369 ipsc
878 2227 1290 2347 Memoransiacus,
1329 2227 1409 2369 qui
1450 2228 1606 2329 vulnus
1649 2232 1697 2329 in
1744 2230 1908 2335 brachio

467 2412 571 2471 cum
607 2376 866 2513 accepisset,
903 2413 929 2470 a
965 2372 1240 2487 Veniturt0,
1279 2373 1360 2511 qui
1397 2408 1595 2512 tempore
1633 2371 1786 2496 affuit,
1828 2416 1913 2519 per-

469 2517 715 2617 cunctando
752 2515 987 2656 cognitus,
1028 2554 1082 2613 ne
1121 2514 1432 2652 perimeretur,
1469 2552 1656 2616 servatus
1694 2558 1780 2620 est.

537 2669 723 2762 XXXll.
799 2670 1058 2801 Expugnata
1094 2663 1365 2778 Tarvanna,
1400 2658 1585 2761 Carolus
1621 2701 1646 2760 a
1683 2662 1764 2763 suis
1797 2660 1913 2764 duci·

464 2800 544 2906 bus
580 2805 735 2904 certior
770 2800 906 2904 factus
940 2801 1277 2942 consultusque,
1328 2801 1377 2901 in
1413 2801 1607 2923 hostes,
1641 2807 1798 2945 quibus
1832 2809 1908 2950 gla·

464 2949 559 3047 dius
596 2948 885 3088 pepercisset,
918 2947 1069 3047 eadem
1106 2986 1179 3045 eos
1216 2947 1285 3046 uti
1321 2945 1578 3046 conditione
1615 2949 1772 3080 juber,
1793 2989 1908 3093 quam

461 3089 776 3230 paciscentibus
823 3087 1025 3196 dabant3
1077 3089 1298 3230 oppidum
1355 3126 1546 3208 autem,
1587 3096 1714 3231 quod
1772 3130 1907 3233 parurn

460 3233 549 3334 loci
590 3269 744 3334 natura
785 3228 1048 3332 defendebar
1078 3310 1093 3350 ,
1119 3260 1122 3268 ’
1152 3233 1323 3375 magnis
1367 3232 1574 3371 impensis
1618 3272 1662 3335 et
1709 3237 1906 3374 praesidio

459 3375 628 3476 muniri
662 3416 754 3478 non
790 3377 979 3515 placuits
1017 3377 1090 3474 sed
1128 3377 1244 3476 dirui
1280 3372 1464 3515 potius,
1500 3416 1556 3475 ne
1591 3379 1781 3518 amplius
1817 3415 1906 3479 esset

459 3517 564 3620 belli
598 3559 754 3619 causa.
801 3527 936 3650 Cujus
988 3519 1222 3619 dirutionis
1278 3555 1322 3618 et
1368 3518 1478 3618 irem
1529 3554 1750 3622 tormenta
1799 3564 1908 3665 repa-

458 3660 585 3761 randi
618 3664 760 3805 gratia
814 3663 959 3802 paucis
995 3661 1146 3762 diebus
1189 3662 1495 3802 interpositis,
1534 3667 1790 3769 Hesdinum
1825 3707 1907 3767 mo

460 3841 563 3905 vent
595 3808 759 3945 ,quod
796 3806 1016 3906 castellum
1055 3846 1158 3908 cum
1195 3847 1290 3935 arce
1341 3805 1632 3908 munitissima
1676 3808 1810 3911 firmo
1843 3814 1909 3910 dc·

459 3948 671 4047 lectorum
725 3950 924 4089 peditum
974 3951 1093 4049 mille
1143 3953 1435 4050 ducentorum
1477 3985 1520 4049 et
1567 3953 1886 4098 quinquaginta
1897 4030 1911 4074 ,

459 4092 665 4231 equitum
701 4130 805 4225 vero
842 4126 1170 4217 trecentorum,
1191 4135 1384 4236 quorum
1419 4094 1548 4236 multi
1577 4135 1698 4198 erant
1735 4099 1814 4197 viri
1841 4137 1909 4193 no

458 4231 608 4353 biles,
652 4234 869 4377 praesidio
917 4235 1175 4337 tenebatur.
1227 4249 1436 4339 Ceterum
1481 4242 1711 4341 tormentis
1754 4242 1911 4339 idoneo

457 4376 559 4476 loco
596 4379 652 4477 ad
689 4379 906 4479 castellum
945 4383 1295 4522 oppugnandum
1332 4384 1585 4503 collocatis,
1604 4386 1720 4485 Galli
1754 4421 1911 4524 quarto

456 4519 525 4618 die
562 4523 793 4624 moenibus
830 4518 1111 4643 diffidentes,
1144 4527 1316 4625 castello
1355 4527 1507 4626 relicto
1524 4604 1537 4646 ,
1578 4528 1627 4626 in
1659 4568 1807 4629 arcem
1831 4568 1910 4627 sese

455 4659 711 4802 insequente
746 4703 875 4769 nocte
922 4703 1171 4808 receperunt
1206 4745 1220 4787 ,
1257 4670 1553 4811 postridieque
1596 4710 1707 4773 octo
1764 4674 1907 4817 signo-

456 4843 556 4909 rum
592 4805 753 4908 milites
789 4812 943 4951 Belgae
981 4814 1140 4914 eodem
1176 4851 1494 4917 successerunt.

1867 4969 1913 5059 In
