4124 5880
532 385 589 501 98
915 385 998 469 un
1037 379 1244 463 nasus
1293 378 1520 460 ousiis

496 549 738 688 omniaque
775 537 911 645 deferr
943 616 958 658 ,
991 578 1040 637 ac
1076 533 1311 637 liberaliter
1344 533 1605 676 pollicetur,
1626 572 1709 654 ut,
1733 532 1770 636 si
1804 535 1960 659 vellet,

497 692 737 836 navigandi
773 727 870 788 casu
907 683 1149 823 ceterisque
1199 679 1407 780 molestiis
1452 715 1495 778 et
1537 678 1750 781 sumtibus
1785 682 1956 804 vitatis,

496 878 573 979 per
609 834 798 940 Galliam
835 868 1025 970 suosque
1076 825 1181 925 fines
1232 860 1348 925 recta
1399 820 1745 968 brevissimaque
1791 826 1864 928 via
1914 827 1962 928 in

495 982 694 1123 Belgium
730 976 1037 1076 contenderet.
1079 978 1179 1071 Nec
1216 1008 1323 1069 vero
1360 967 1504 1069 solum
1534 1009 1560 1068 a
1587 980 1710 1112 Rege
1749 970 1959 1072 invitatus

498 1161 561 1225 est
596 1125 782 1224 Carolus
804 1120 910 1240 ,sed
944 1117 1064 1215 idem
1092 1111 1269 1253 Regina
1304 1150 1429 1212 soror
1465 1112 1593 1212 missa
1630 1113 1813 1255 epistola
1846 1116 1966 1215 mul-

499 1269 553 1371 tis
590 1266 648 1370 ab
686 1267 845 1366 eodem
883 1255 1084 1401 precibus
1119 1255 1379 1375 contendit,
1416 1256 1501 1395 piis
1539 1257 1667 1356 simul
1710 1292 1845 1399 atque
1888 1300 1965 1359 so-

500 1414 626 1515 roriis
662 1408 844 1511 monitis
882 1401 1141 1522 adhortata,
1166 1399 1334 1500 videret
1371 1401 1506 1500 etiam
1541 1438 1675 1542 atque
1709 1402 1872 1524 etiam,
1908 1444 1965 1505 ne

501 1559 536 1656 si
573 1556 710 1698 Regis
745 1548 949 1653 officium
987 1545 1072 1645 suis
1108 1542 1351 1644 rationibus
1388 1547 1804 1659 accommodatum,
1825 1583 1869 1647 et
1906 1548 1967 1649 li-

501 1701 700 1803 beraliter
751 1697 941 1797 delatam
976 1691 1252 1792 voluntatem
1288 1688 1486 1820 rejiceret
1521 1767 1536 1810 ,
1569 1690 1706 1792 fidem
1742 1701 1833 1823 ejus
1883 1693 1966 1792 da·

502 1881 654 1944 mnare
689 1842 912 1941 videretur
933 1916 947 1957 ,
968 1873 1011 1936 et
1047 1844 1167 1970 cujus
1198 1830 1441 1935 amicitiam
1464 1834 1664 1976 publicae
1685 1835 1845 1977 quietis
1874 1875 1965 1978 gra·

502 1989 563 2090 tia
597 1985 800 2126 cupidius
835 1979 1141 2122 expetivisset,
1177 1986 1269 2108 ejus
1306 1978 1530 2121 optimum
1564 1979 1613 2079 in
1649 2021 1692 2080 se
1727 1979 1969 2102 animum,

502 2133 558 2231 de
596 2170 690 2272 quo
734 2129 1035 2230 incunctanter
1076 2121 1391 2263 polliceretur,
1430 2123 1677 2233 alienaret,
1716 2165 1766 2225 ac
1803 2127 1966 2226 eodem

504 2271 593 2375 fere
627 2274 769 2373 modo
804 2308 986 2412 uterque
1022 2267 1157 2408 Regis
1194 2265 1341 2386 filius,
1377 2301 1421 2366 et
1457 2274 1588 2368 Anna
1623 2268 1964 2389 Comestabilis,

505 2453 548 2519 ct
583 2427 752 2521 Lorena
786 2412 1027 2517 Cardinalis
1063 2449 1165 2510 cum
1201 2410 1365 2513 Carolo
1400 2448 1476 2549 per
1514 2413 1671 2512 litteras
1708 2450 1919 2557 egerunt.
1959 2405 1969 2505 ’.

576 2573 627 2661 11.
702 2572 827 2676 Quae
861 2553 1063 2659 conditio
1100 2551 1357 2656 deliberanti
1393 2556 1555 2657 Carolo
1590 2555 1678 2656 hoc
1712 2559 1859 2658 minus
1895 2595 1967 2655 re-

506 2706 699 2846 spuenda
741 2705 832 2806 visa
874 2737 937 2802 est
967 2779 983 2822 ‚
1019 2703 1145 2840 quod
1189 2701 1355 2800 nullam
1398 2739 1487 2799 esse
1523 2740 1697 2802 causam
1741 2699 1967 2833 judicabar

507 2851 562 2950 de
597 2848 732 2991 Regis
777 2848 929 2949 animo
974 2843 1211 2947 dubitandi
1245 2887 1257 2955 ·‚
1295 2843 1460 2989 quippe
1495 2856 1615 2979 cujus
1663 2845 1798 2946 fidem
1834 2882 1970 2986 atque

508 2993 799 3094 constantiam
833 3031 951 3092 anno
987 2992 1209 3132 superiore
1244 2993 1561 3131 perspexisset,
1598 3024 1643 3089 et
1677 3030 1844 3133 magno
1882 2990 1970 3089 do·

509 3171 721 3237 cumenro
762 3130 912 3237 fuisset
950 3172 1148 3276 expertus
1182 3212 1197 3254 ,
1234 3175 1338 3237 cum
1374 3176 1426 3234 ex
1468 3133 1697 3276 colloquio
1732 3131 1972 3236 Pontificio

508 3280 775 3421 Liguriaque
817 3313 1030 3381 revertens
1062 3356 1077 3398 ,
1115 3319 1158 3378 se
1200 3278 1249 3378 in
1297 3288 1388 3410 ejus
1430 3313 1690 3420 potestatem
1724 3355 1739 3399 ,
1774 3315 1824 3380 ut
1865 3273 1972 3377 offi-

509 3425 626 3524 cium
669 3424 890 3523 cumulate
925 3424 1166 3542 redderet,
1201 3424 1256 3522 ad
1294 3425 1555 3564 oppidum,
1592 3425 1664 3523 cui
1706 3435 1830 3523 Fossa
1864 3429 1974 3522 Ma-

507 3568 630 3667 riana
674 3607 842 3668 nomen
877 3602 940 3667 est
975 3643 989 3686 ,
1026 3567 1074 3666 in
1116 3604 1192 3666 ora
1227 3567 1393 3667 Galliae
1429 3566 1773 3685 Narbonensis,
1809 3603 1860 3666 ut
1896 3605 1975 3666 su-

510 3747 589 3850 pra
630 3714 980 3811 demonstratum
1017 3748 1080 3810 est
1111 3787 1127 3829 ,
1162 3710 1451 3851 permisisset.
1496 3713 1674 3813 Etenim
1715 3710 1894 3812 classem
1931 3745 1976 3810 et

511 3853 675 3953 milites
713 3856 915 3994 praesidii
952 3854 1093 3996 gratia
1138 3853 1434 3995 imponendos
1469 3852 1673 3997 cogere,
1706 3856 1894 3998 longum
1931 3890 1976 3953 et

509 3996 664 4140 magni
709 4032 872 4097 sumtus
909 4037 996 4097 esse
1043 3996 1276 4099 videbatur
1312 4078 1327 4120 ‚
1365 4000 1454 4101 sive
1491 4011 1695 4099 Oceanus
1738 3995 1978 4100 Cantabri-

509 4181 583 4241 cus
619 4141 949 4281 Britanicusque
986 4219 998 4261 ,
1035 4140 1127 4242 sive
1173 4143 1400 4243 internum
1446 4180 1566 4242 mare
1618 4143 1976 4245 trasmittendum

511 4322 618 4384 esset
652 4363 666 4406 ,
702 4320 746 4384 et
781 4286 986 4429 longiore
1023 4286 1246 4425 quidem,
1281 4289 1356 4386 sed
1400 4287 1564 4388 tutiore
1601 4289 1785 4388 circuitu
1822 4326 1899 4426 per
1936 4298 1977 4386 Ι·

508 4428 656 4526 taliam
691 4431 1049 4569 Transpadanam
1085 4470 1273 4570 suosque
1318 4430 1424 4531 fines
1465 4433 1513 4530 in
1549 4433 1749 4570 Belgium
1787 4467 1977 4568 pergen«.

429 4696 433 4706 1
508 4572 643 4669 dum.
685 4583 847 4670 Iterum
884 4573 1022 4712 igitur
1057 4573 1283 4674 Gallorum
1320 4573 1423 4672 fidei
1459 4572 1708 4713 periculoso
1745 4574 1826 4704 (ut
1864 4572 1976 4712 quie

506 4713 623 4812 dem·
654 4713 871 4855 plerisque
907 4712 1115 4815 omnibus
1153 4712 1419 4854 videbatur)
1456 4715 1640 4816 consilio
1677 4756 1720 4817 se
1740 4717 1970 4833 ,commit-

1906 4894 1975 4963 te*
