4110 5888
464 350 508 428 Χ.
867 354 1408 430 sUMMnRIUM.

504 485 571 567 XI.
630 481 685 564 Hi
733 478 1000 565 duodecim
963 478 1035 566 uni
1073 507 1150 565 san-
1217 479 1386 563 XVII.
1447 479 1665 562 Postremo
1689 471 1780 591 post‘
1835 472 1916 563 lon

445 625 506 685 cte
536 600 643 714 jurati
689 626 777 683 cum
814 599 958 712 saepius
991 597 1039 681 de
1070 594 1154 683 0-ffi
1208 627 1297 731 gam
1330 595 1536 683 multorum
1570 596 1716 683 dierum
1751 595 1918 711 disputa·

446 718 507 802 cio
532 716 1023 852 convenirent,petendum
1045 719 1152 799 aCa
1207 716 1351 802 tionem
1382 716 1475 801 haec
1518 715 1568 800 ad
1603 712 1785 797 Carolum
1836 744 1920 828 per·

448 837 533 926 tolo
565 861 761 942 censent,
792 834 849 920 uti
880 835 1074 922 civitatum
1104 834 1156 918 le·
1206 831 1360 921 ferenda
1423 833 1749 947 renuntiandaque
1814 863 1913 917 man·

449 982 559 1072 garos
588 956 713 1089 jubeat
757 953 907 1039 consilia
946 983 1034 1039 cum
1074 951 1179 1066 ipsis
1208 953 1324 1038 dant:
1340 982 1378 1039 se
1402 951 1545 1036 nullum
1560 976 1639 1037 tam
1655 976 1917 1085 opportunum

449 1075 745 1158 communicare.
778 1071 937 1157 Carolus
960 1100 1026 1188 pet
1042 1072 1157 1185 Joan·
1207 1071 1310 1155 malis
1344 1071 1550 1156 remedium
1583 1069 1771 1184 reperire,
1797 1100 1916 1186 quam

378 1258 382 1264 .
450 1219 539 1275 nem
555 1196 744 1278 Taveram
761 1190 1001 1276 Cardinalem
1029 1194 1159 1274 Proce-
1208 1187 1270 1295 id,
1303 1213 1347 1274 ut
1375 1189 1476 1274 bellis
1520 1188 1729 1274 modum
1720 1214 1911 1303 rmponat‚

331 1408 332 1414 Ν
450 1338 535 1394 rum
578 1308 750 1394 Concilio
781 1310 1002 1424 respondet.
1051 1307 1158 1422 Ejus·
1208 1338 1323 1424 seque
1372 1308 1468 1393 intra
1515 1306 1734 1421 Hispaniam
1798 1308 1918 1392 conri-

452 1427 541 1512 dem
574 1428 624 1511 ad
653 1432 827 1513 Proceres
850 1429 993 1513 orario.
1209 1453 1324 1530 neat3
1358 1425 1533 1511 constitui
1569 1448 1696 1509 tamen
1726 1454 1834 1539 posse
1867 1427 1917 1513 ad

509 1546 594 1629 ΧΗ.
653 1546 886 1659 Huiusmodi
930 1543 1058 1631 Caroli
1101 1573 1156 1629 re·
1209 1569 1357 1661 tempus
1405 1572 1508 1631 nova
1548 1541 1743 1659 vectigalia
1780 1544 1829 1629 de
1860 1574 1916 1629 re

448 1693 588 1777 sponso
612 1665 866 1750 aProceribus
885 1689 1070 1780 accept0‚
1087 1662 1153 1778 ipsi
1209 1664 1279 1747 bus
1303 1668 1477 1779 eRegno
1500 1661 1766 1775 exportandis,
1790 1663 1918 1748 creari-

430 1783 488 1866 jn
534 1782 694 1869 diversas
741 1784 987 1899 cogitationes
1033 1783 1159 1868 distra-
1177 1811 1307 1897 que
1326 1810 1482 1867 munera
1523 1779 1702 1893 publica,
1732 1808 1831 1895 quae
1864 1783 1916 1869 ad

447 1899 609 1985 huntur.
641 1905 685 2015 ln
714 1929 847 1986 eorum
869 1900 996 2017 itaque
1019 1928 1158 2017 magna
1208 1901 1326 1987 vitam
1385 1899 1581 2015 pecuniam
1642 1895 1919 1987 conferentibus

447 2012 686 2104 cunctatione
715 2047 804 2104 cum
833 2021 908 2135 jam
946 2049 1003 2105 res
1034 2016 1158 2103 suffra-
1209 2019 1465 2122 mandentur3
1495 2016 1545 2102 ad
1569 2041 1777 2102 extremum
1803 2047 1842 2104 se
1858 2050 1919 2135 pe-

447 2136 513 2253 giis
541 2137 842 2251 permitteretur,
874 2144 1005 2223 Petrus
1031 2138 1154 2222 Velas
1209 2161 1317 2244 tere,
1342 2162 1386 2223 ut
1409 2137 1473 2221 sibi
1502 2135 1607 2220 liceat
1634 2165 1711 2219 una
1741 2165 1830 2224 cum
1858 2166 1917 2223 ce-

446 2283 513 2340 cus
553 2256 810 2342 Comesrabilis
847 2258 887 2343 id
920 2256 985 2342 sibi
1023 2252 1158 2340 facien·
1208 2256 1293 2341 teris
1321 2254 1511 2342 ordinibus
1544 2255 1774 2340 consultare.

447 2373 542 2458 dum
571 2375 730 2481 statuit,
760 2400 804 2460 ut
835 2375 910 2490 ipse
944 2374 1082 2490 primus
1113 2405 1155 2460 o
1285 2377 1424 2458 XVIII.
1501 2371 1664 2458 Moleste
1721 2370 1902 2460 scrtCa

447 2491 592 2578 mnium
621 2494 842 2579 sententiam
871 2493 992 2579 dicat.
1208 2491 1309 2577 tolus
1352 2493 1452 2577 hanc
1504 2496 1707 2577 Procerum
1770 2517 1913 2579 senten

522 2613 625 2695 Xlll.
673 2612 973 2746 ‘Abrogandam
1029 2611 1157 2725 itaque
1207 2609 1344 2717 tiam,
1374 2638 1444 2696 nec
1478 2640 1523 2696 ea
1564 2611 1692 2696 audita
1725 2636 1848 2725 potest
1891 2641 1916 2696 a

448 2732 555 2846 gravi
589 2728 760 2816 oratione
800 2727 1059 2818 Comestabilis
1096 2731 1158 2816 Si·
1207 2728 1330 2816 verbis
1354 2729 1469 2844 paulo
1501 2729 1744 2843 asperioribus
1773 2756 1915 2844 tempe-

446 2876 513 2931 sue
541 2847 664 2965 legem
689 2875 835 2935 censet.
1207 2877 1312 2952 rare,
1337 2873 1568 2934 nontamen
1596 2848 1767 2935 diurrae
1798 2848 1915 2935 indul

507 2968 614 3051 XIV.
673 2969 743 3082 Ipsi
769 2974 944 3053 Proceres
964 2968 1014 3052 ad
1036 2997 1156 3052 unum
1206 2990 1272 3083 get
1313 2996 1441 3052 secum
1474 2992 1690 3083 reputans,
1712 2971 1915 3053 Procerum

447 3085 734 3188 assentiuntur,
779 3110 818 3170 et
872 3084 1029 3168 Concilii
1076 3115 1154 3171 sen·
1206 3085 1400 3171 consilium
1434 3115 1570 3169 nona
1608 3087 1775 3198 superbia
1813 3087 1918 3171 odio·

448 3203 604 3289 tentiam
634 3204 685 3290 ad
711 3202 894 3288 Carolum
923 3199 1110 3318 perlerri
1100 3234 1157 3320 ιιι-
1205 3232 1254 3291 ve
1283 3204 1383 3311 sui,
1410 3204 1475 3289 sed
1505 3234 1528 3287 a
1553 3201 1768 3287 necessitate
1802 3227 1841 3287 et
1874 3202 1912 3286 li

447 3320 560 3406 bent.
1205 3322 1355 3408 bertatis
1388 3351 1516 3406 amore
1547 3318 1742 3455 proficisci.

505 3441 604 3525 XV.
655 3440 809 3573 Quarto
846 3460 932 3572 post
988 3439 1048 3526 die
1091 3441 1153 3527 eis·
1264 3443 1368 3527 XIX
1429 3439 1689 3524 Procenbus
1680 3462 1806 3554 itaque
1846 3439 1917 3525 do
1975 3514 1982 3523 .

444 3554 535 3643 dem
554 3558 758 3643 convenire
783 3556 883 3670 jussis
904 3559 1062 3643 Carolus
1089 3589 1156 3694 per
1207 3589 1312 3644 mum
1353 3557 1534 3642 redeundi
1562 3581 1746 3672 potestate
1794 3552 1913 3663 facta,
2001 3551 2005 3557 ’

444 3674 632 3787 Joannem
663 3681 852 3761 Taveram
881 3675 1016 3792 gratias
1053 3678 1153 3795 agit,
1204 3705 1291 3761 cum
1348 3675 1541 3760 civitatum
1611 3676 1740 3793 legatis
1812 3676 1914 3759 nulla

444 3816 483 3876 et
513 3817 558 3878 ut
592 3794 720 3878 denuo
762 3794 1008 3901 deliberent,
1042 3821 1081 3886 et
1106 3794 1156 3882 fe·
1203 3823 1308 3881 nota
1353 3793 1497 3879 ratione
1557 3793 1646 3881 inita
1718 3794 1915 3909 negotium

441 3910 638 3997 stinanrius
665 3937 809 4028 agant,
840 3936 991 3998 monet.
1204 3912 1389 3998 conficere
1421 3913 1606 3997 decernit.
1638 3919 1699 3997 De
1725 3941 1915 4027 monopo-
2017 3910 2021 3917 ’

498 4033 602 4116 XVI.
667 4035 810 4115 Decem
860 4032 943 4118 viris
1002 4032 1152 4146 pristina
1203 4030 1256 4118 lio
1271 4031 1351 4117 salis
1381 4031 1669 4136 constituendo,
1700 4055 1739 4116 et
1759 4029 1808 4116 de
1837 4061 1912 4114 mo

437 4147 582 4234 tatione
615 4151 857 4233 aProcerum
886 4150 1058 4247 Concilio
1088 4153 1144 4237 de
1201 4177 1290 4237 neta
1324 4179 1437 4235 aurea
1470 4151 1638 4266 quadam
1671 4149 1814 4267 argenti
1830 4176 1913 4262 par·

437 4264 569 4372 lectis,
585 4264 723 4350 horum
753 4292 792 4352 et
822 4293 1032 4353 ceterorum
1059 4297 1143 4351 con
1201 4291 1240 4353 re
1272 4271 1518 4383 temperanda
1551 4268 1753 4356 sententiae
1785 4267 1912 4355 dicun

433 4412 546 4469 sensu
577 4414 600 4466 a
633 4383 774 4469 Carolo
802 4386 941 4501 petitur
958 4446 970 4489 ,
990 4410 1033 4470 ut
1063 4386 1149 4500 ipsis
1200 4411 1308 4471 tur.

433 4501 512 4614 ejus
562 4500 758 4590 voluntate
815 4533 904 4589 cum
952 4500 1146 4591 civitatum
1259 4507 1349 4591 XX.
1408 4505 1481 4589 Sed
1512 4503 1567 4589 his
1608 4528 1647 4590 et
1678 4504 1806 4590 ceteris
1850 4504 1912 4588 in-

434 4620 586 4756 legatis⁸
602 4621 802 4709 convenire
828 4622 959 4708 liceat.
1007 4626 1144 4710 Caesa·
1197 4622 1336 4707 usitatis
1369 4621 1572 4707 rationibus
1600 4622 1765 4723 omissis,
1782 4621 1822 4706 id
1853 4655 1913 4708 so·

433 4740 479 4825 tis
509 4740 588 4826 irati
614 4769 856 4855 responsum.
1196 4739 1275 4827 lum
1307 4770 1330 4826 a
1363 4739 1489 4858 legaris
1521 4765 1718 4855 postremo
1741 4741 1912 4855 postulat

1837 4861 1911 4941 Ca.
