4034 5858
492 390 585 497 518
872 400 965 482 os
1014 335 1214 483 nesus
1256 395 1486 482 888818

444 557 520 658 tali
556 548 877 717 abrogatione
884 552 1137 666 rescissum,
1156 590 1206 653 ut
1242 551 1334 692 ipse
1353 550 1508 658 Paulus
1546 547 1631 651 suis
1648 545 1820 651 litteris
1843 553 1920 664 des

448 702 669 801 clarasset.
714 697 810 819 Qui
846 698 882 798 si
884 733 1104 867 postea,
1141 696 1248 796 dum
1285 691 1451 804 bellum
1485 695 1873 835 Neapolitanum
1863 736 1911 805 tn·

445 846 650 946 eumdem
673 856 845 984 Regem
881 841 1163 977 injustissime
1199 874 1495 981 compararet,
1516 838 1805 982 privilegium
1832 881 1905 939 no-

448 988 653 1090 minatim
700 985 914 1156 abrogare
956 1020 1222 1108 tentasset,
1267 1025 1372 1086 eum
1414 1023 1507 1084 non
1555 1022 1636 1125 pro
1691 982 1915 1084 Pontificis

448 1128 605 1235 officio
645 1146 689 1233 et
724 1132 889 1264 justitia
924 1125 1098 1253 fecisse,
1131 1131 1206 1235 sed
1242 1128 1327 1230 suis
1362 1127 1543 1268 privatis
1579 1124 1823 1230 rationibus
1870 1162 1914 1230 et

447 1273 777 1417 cupiditatibus
799 1273 1085 1375 servientem
1262 1377 1265 1380 ,

519 1431 633 1520 ΧΙΙΙ.
707 1429 915 1519 Ceterum
960 1423 1135 1554 Joanna
1178 1417 1382 1557 Princeps
1424 1413 1474 1516 in
1509 1450 1629 1517 tanta
1663 1414 1729 1521 rei
1784 1454 1912 1516 num

395 1579 398 1584 ’
449 1563 613 1678 mariae
650 1556 904 1663 difficultate
940 1562 1122 1663 anxium
1158 1594 1200 1661 et
1243 1561 1465 1662 solicitum
1497 1561 1722 1662 animum
1740 1598 1913 1702 gerens,

453 1746 579 1808 aures
619 1707 775 1807 dedere
809 1745 902 1807 non
938 1701 1207 1826 desistebat,
1246 1704 1381 1845 siquis
1417 1702 1536 1807 viam
1576 1705 1779 1845 aliquam
1812 1743 1917 1806 con

454 1849 658 1958 ficiendae
695 1850 904 1991 pecuniae
950 1848 1246 1989 excogitatam
1287 1845 1496 2010 afferret3
1533 1890 1559 1950 8
1610 1888 1705 1989 quo
1761 1885 1912 1992 genere

451 1993 688 2113 bominum
723 1996 903 2095 inducta
930 1991 1149 2093 rationem
1168 1992 1446 2134 quamdam
1434 1992 1568 2094 inivit
1605 1990 1788 2094 silentio
1820 2031 1913 2135 pto-

450 2176 561 2302 pter
580 2148 671 2273 ejus
707 2138 954 2240 novitatem
991 2176 1083 2238 non
1121 2136 1510 2277 praetereundam,
1529 2145 1652 2268 cujus
1688 2136 1828 2241 initae
1853 2176 1911 2235 ta

452 2283 585 2384 tionis
609 2282 792 2387 occasio
829 2324 882 2386 ex
916 2280 1074 2382 amissa
1112 2281 1250 2443 Bugia
1286 2315 1386 2381 nata
1424 2316 1513 2381 est
1555 2289 1662 2381 Hoc
1700 2282 1821 2381 enim
1847 2319 1915 2420 op

452 2425 650 2567 pidum
639 2464 688 2526 m
721 2420 894 2529 Africae
922 2464 1001 2524 ora
1026 2423 1245 2524 maritima
1274 2418 1526 2524 nostrorum
1563 2424 1785 2565 praesidio
1815 2461 1916 2526 cum

451 2603 707 2693 teneretur,
747 2606 885 2709 nuper
922 2567 970 2671 in
1011 2573 1253 2672 Tutcarum
1298 2580 1576 2709 potestatem
1606 2607 1688 2709 pet
1726 2567 1911 2669 deditio-

451 2751 566 2819 nem
604 2746 818 2831 venerat,
857 2707 915 2810 ab
950 2706 1141 2872 Alfonso
1179 2709 1345 2812 Peralta
1386 2706 1608 2852 praefecto
1670 2747 1713 2812 et
1763 2711 1909 2811 Ludo·

455 2856 558 2957 vico
595 2857 776 2957 Godino
815 2854 997 2995 turpiter
1033 2893 1082 2954 ac
1117 2851 1414 3017 ignominiose
1449 2851 1644 2956 factam
1683 2863 1807 2956 Nam
1833 2863 1917 2952 Lu

455 3000 638 3100 dovicus
675 2998 805 3139 paulo
848 3029 949 3097 ante
985 2999 1204 3099 rationem
1250 2999 1363 3139 gesti
1397 2997 1588 3100 muneris
1632 3040 1662 3100 8
1704 2992 1915 3139 praefecto

451 3140 753 3281 repetiturus,
791 3181 895 3243 cum
930 3180 1063 3243 manu
1100 3142 1324 3242 militari
1312 3180 1360 3241 tn
1396 3141 1599 3282 praesidii
1635 3143 1916 3282 supplemen

456 3319 554 3386 tum
625 3321 669 3409 et
726 3285 881 3426 grandi
927 3284 1111 3427 pecunia
1151 3284 1200 3386 in
1243 3284 1511 3425 stipendium
1557 3287 1658 3385 data
1706 3318 1915 3399 venerat,

457 3467 563 3530 cum
605 3429 741 3570 Regis
776 3426 984 3589 Argeliae
1018 3469 1068 3529 ac
1119 3434 1369 3533 Turcarum
1419 3429 1687 3591 praedonum
1739 3467 1788 3529 et
1824 3435 1920 3526 Nu

458 3573 679 3675 midarum
718 3569 991 3673 auxiliarium
1035 3609 1258 3711 magnus
1257 3572 1464 3674 exercitus
1500 3571 1687 3713 Bugiam
1725 3572 1922 3674 inductus

456 3732 554 3836 sest,-
589 3712 808 3856 aquibus
839 3713 1064 3855 oppidum
1099 3752 1210 3819 terra
1268 3715 1468 3876 marique
1520 3713 1717 3816 obsideri
1753 3755 1803 3816 ac
1842 3751 1923 3854 op-

455 3858 662 4020 pugnari
697 3894 908 4001 coeptum
941 3893 1036 3977 est,
1081 3857 1395 3999 tormentisque
1436 3898 1647 3963 concusso
1690 3899 1851 3983 muro,
1882 3890 1923 3955 et

457 4039 580 4144 parte
615 4000 789 4121 diruta,
830 4042 911 4102 nec
948 4037 1097 4104 tamen
1133 4003 1229 4104 solo
1264 4026 1476 4143 aequata,
1514 4040 1617 4104 cum
1652 4042 1719 4105 res
1756 4004 1814 4104 ad
1849 4040 1917 4100 ex·

393 4280 397 4287 ¹
456 4181 647 4250 tremum
687 4172 839 4250 casum
881 4142 1090 4285 perducta
1129 4148 1507 4252 essevidetetu13
1543 4145 1592 4247 hi
1627 4150 1760 4269 duo,
1797 4179 1917 4289 penes

456 4329 573 4431 quos
609 4322 701 4392 erat
733 4288 980 4430 imperandi
1016 4326 1217 4411 summa,
1256 4290 1407 4391 animo
1443 4287 1626 4394 deficere
1663 4320 1922 4433 coeperunt,

457 4468 506 4531 et
540 4431 674 4535 rebus
703 4433 978 4574 desperatis,
971 4432 1192 4596 integro
1228 4434 1493 4574 praesidi0‚
1536 4475 1628 4539 non
1675 4468 1925 4577 exspectato

457 4571 706 4680 ¹s'hostium
694 4614 906 4717 impetu,
945 4576 1142 4719 citraque
1177 4613 1451 4701 certamen,
1486 4618 1607 4681 suam
1656 4617 1701 4681 et
1760 4616 1927 4719 pauco*

456 4753 566 4823 tum
600 4719 740 4825 vitam
773 4756 838 4825 ιι
850 4718 1099 4852 libertatem
1130 4721 1189 4828 ab
1216 4721 1424 4830 hostibus
1461 4724 1778 4869 paciscuntur,
1809 4756 1932 4829 ,cete

1867 4898 1932 4963 ros
