4192 5858
495 467 583 559 254
850 484 855 494 ·
886 449 970 532 DE
1019 448 1218 533 REBUS
1271 444 1492 529 Gustrs

449 647 518 712 tus
556 640 618 709 est
646 684 660 726 ,
689 639 740 708 ut
775 602 876 705 satis
912 636 1127 744 superque
1176 597 1274 704 fore
1309 602 1529 704 videretur
1563 594 1621 705 ad
1677 599 1920 712 exercitum

448 754 598 856 multis
634 749 855 853 mensibus
902 743 1136 848 liberaliter
1187 746 1445 868 alendum,
1481 784 1652 891 praeter
1705 788 1917 895 magnam

450 898 578 1004 vestis
614 935 664 998 ac
697 895 890 1036 reliquae
926 891 1199 1033 supellectilis
1234 893 1478 1033 praedam,
1515 933 1628 1037 quae
1663 894 1774 1036 quia
1817 935 1914 1000 ma-

384 1093 386 1096 <
449 1081 538 1188 gna
574 1083 626 1142 ex
662 1076 786 1183 parte
822 1039 869 1140 in
904 1047 1232 1139 Germanorum
1255 1073 1528 1280 potestatem
1567 1041 1803 1183 pervenit,
1838 1080 1915 1184 pa÷

444 1225 544 1290 rum
579 1188 677 1287 usui
712 1181 927 1286 militibus
958 1180 1220 1283 Caesarianis
1257 1182 1368 1283 uit.
1407 1185 1618 1288 Germani
1652 1183 1772 1286 enim
1806 1182 1912 1286 bar-

441 1329 549 1433 bara
583 1372 660 1432 sua
700 1325 1017 1429 consuetudine
1052 1359 1215 1430 vestem
1255 1326 1392 1430 etiam
1445 1328 1685 1469 pretiosam
1722 1405 1737 1450 ,
1773 1367 1914 1472 quam

443 1472 557 1578 ferre
591 1474 675 1616 ipsi
709 1513 802 1574 non
838 1507 1057 1616 possunt,
1089 1509 1215 1614 saepe
1251 1469 1300 1572 in
1352 1469 1470 1573 bello
1520 1509 1598 1574 aut
1650 1472 1749 1616 igni
1803 1511 1909 1575 cot-

442 1652 710 1761 rumpunt,
747 1653 823 1719 aut
873 1617 921 1721 in
971 1614 1265 1757 profluentem
1318 1656 1482 1757 aquam
1545 1616 1785 1760 projiciunt
1801 1699 1820 1736 .,
1866 1629 1914 1720 In

443 1775 656 1868 Matrona
692 1801 873 1906 quoque
908 1757 1243 1901 praeterlabente
1276 1758 1462 1864 flumine
1511 1762 1674 1865 multae
1726 1759 1912 1863 navicu-

444 1911 512 2011 lae
547 1909 655 2010 vino
692 1943 874 2008 onustae
911 1902 1235 2046 deprehensae,
1273 1943 1387 2048 quae
1423 1905 1480 2008 ad
1515 1940 1787 2014 commeatus
1822 1915 1913 2008 Ltt⁴

442 2054 599 2156 tetiam
635 2092 775 2195 usque
809 2051 1001 2152 secundo
1036 2049 1219 2153 flumine
1252 2045 1509 2153 deferendos
1543 2049 1641 2153 usui
1677 2049 1767 2152 esse
1804 2083 1911 2192 pot-

444 2235 593 2302 erant.
646 2209 856 2298 Ceterum
911 2194 959 2296 in
1002 2198 1130 2294 'tanta
1178 2194 1310 2338 copia
1360 2231 1690 2299 commeatuum
1746 2232 1910 2337 magna

443 2338 706 2448 difficultate,
733 2375 776 2441 et
804 2338 1002 2440 molestia
1029 2336 1212 2439 Carolus
1248 2333 1543 2461 afficiebatur,
1563 2341 1687 2483 quod
1723 2347 1908 2440 Germa·

444 2487 496 2587 ni
514 2485 676 2588 milites
696 2484 805 2583 vino
839 2519 934 2584 tam
957 2481 1293 2625 intemperanter
1329 2523 1451 2585 more
1487 2483 1631 2628 gentis
1666 2480 1912 2585 abuteban-

444 2665 541 2750 tur,
563 2663 614 2730 ut
649 2626 824 2768 crapula
859 2623 1117 2766 corporibus
1139 2660 1183 2726 et
1201 2624 1424 2730 mentibus
1460 2626 1685 2770 impeditis
1702 2703 1717 2748 ,
1737 2625 1914 2727 inutiles

334 2769 347 2777 Χ
443 2774 502 2874 ad
520 2772 686 2876 bellum
704 2771 948 2914 gerendum
982 2769 1291 2872 redderentur.
1329 2781 1394 2872 Ex
1428 2768 1496 2872 his
1517 2772 1696 2874 castellis
1726 2808 1912 2871 movens

444 2918 663 3037 Carolus,
699 2914 939 3017 secundum
974 2912 1141 3017 flumen
1176 2914 1325 3057 copias
1361 2915 1568 3039 inducit,
1605 2914 1744 3018 obvia
1780 2954 1910 3058 quae·

441 3097 534 3201 'que
569 3061 615 3162 in
649 3098 773 3160 suam
809 3091 1072 3200 potestatem
1107 3059 1340 3201 redigens,
1360 3096 1406 3160 et
1442 3061 1749 3202 Hispanorum
1786 3099 1911 3202 prae·

377 3294 380 3300 a
445 3204 556 3306 sidia
589 3204 635 3305 in
672 3202 839 3345 oppida
874 3202 1124 3323 dedititia,
1158 3241 1214 3302 ne
1250 3204 1308 3307 ab
1342 3207 1571 3308 Germanis
1622 3201 1912 3308 subeuntibus

443 3347 812 3466 incenderentur,
850 3345 1108 3447 dimittens.
1159 3356 1282 3447 Cum
1316 3347 1450 3490 Regis
1488 3349 1640 3493 Legati
1675 3349 1733 3450 ad
1769 3361 1914 3450 Caro-

439 3492 535 3595 lum
573 3492 828 3610 rediissent,
865 3490 1014 3595 multis
1048 3490 1190 3594 verbis
1224 3527 1268 3594 et
1304 3491 1676 3634 disputationibus
1711 3488 1913 3619 habitis,

439 3642 621 3742 tandem
654 3637 710 3737 ad
760 3635 882 3736 diem
934 3633 1159 3736 decimum
1207 3671 1376 3737 sextum
1432 3639 1732 3739 Kalendamm
1768 3647 1926 3737 Octo·

156 3787 423 3895 munnere.
443 3780 567 3901 bris,
603 3781 684 3921 qui
718 3774 802 3882 fuit
840 3818 981 3880 annus
1016 3777 1183 3881 Christi
1234 3780 1501 3883 millesimus
1526 3781 1910 3926 quingentesimus

445 3924 802 4069 quadragesimus
838 3958 1053 4063 quartus,
1088 3962 1173 4066 pax
1208 3926 1264 4024 ad
1298 3928 1545 4071 Crepinum
1580 3925 1803 4030 castellum
1851 3924 1937 4024 hie

444 4070 725 4215 potissimum
751 4064 1085 4168 conditionibus
1120 4068 1354 4176 convenit.
1394 4151 1425 4194 „
1442 4072 1664 4175 Primum!
1678 4068 1918 4188 omnium,

442 4251 537 4339 „ur
571 4250 756 4353 uterque
791 4211 913 4312 alteri
954 4211 1120 4353 oppida
1156 4249 1200 4313 et
1235 4216 1436 4337 castella,
1475 4217 1567 4319 sive
1619 4254 1737 4316 arces
1791 4212 1912 4313 bello

446 4357 552 4483 „ab
604 4357 703 4498 ipsis
754 4389 965 4496 occupata
1015 4354 1377 4467 restitueremur
1412 4371 1508 4464 Rex
1543 4352 1783 4464 Franciscus
1833 4367 1909 4457 Sa-

448 4499 683 4635 „baudiae
719 4510 979 4619 Ducarum,
1016 4537 1059 4602 et
1101 4504 1157 4601 ad
1207 4498 1334 4603 hune
1372 4499 1665 4645 pertinentem
1701 4499 1909 4645 Subalpi·

445 4717 480 4771 „
495 4684 599 4745 nam
633 4643 861 4786 regionem
890 4643 938 4744 in
965 4645 1116 4746 Caroli
1135 4646 1336 4755 Caesaris
1372 4641 1637 4791 potestatem
1672 4646 1792 4750 Duci
1830 4676 1915 4746 tra-

447 4867 481 4941 „
496 4790 686 4893 dendam
724 4789 1020 4930 permitteret.
1076 4789 1213 4894 Ducis
1250 4790 1368 4894 enim
1420 4786 1638 4936 spoliandi
1671 4803 1770 4897 Rex
1806 4828 1910 4890 cau-

1772 5012 1804 5060 ‚,
1821 4972 1918 5038 sam
