4034 5858
115 465 185 540 lien‘
200 461 317 552 jubet.
344 463 392 530 11.
411 478 495 549 295.
525 456 659 530 Litteris
683 454 781 530 Ada-

114 568 160 637 mi
182 561 292 661 Tropi
316 559 358 630 de
386 582 504 655 pacea
528 561 655 652 Joanne
683 559 779 629 Mar-

114 666 232 736 chione
279 649 565 755 brandeburgensi
606 657 778 756 acceptis,

113 760 327 837 humanitatis
350 783 382 830 se
406 758 546 855 potins,
569 782 673 853 quam
701 755 779 849 juris

115 884 300 934 memorem
314 857 386 930 fore
404 856 568 943 ostendit,
587 856 694 928 modo
711 861 780 927 Lu-

113 963 240 1034 thcrani
269 960 367 1031 duces
389 957 544 1055 depositis
569 958 667 1028 armis
685 979 716 1027 se
744 954 780 1023 in

114 1064 211 1161 ipsius
250 1077 445 1157 potestatem
483 1058 702 1154 permittant.
731 1058 780 1123 II.

116 1181 196 1256 297.
222 1181 255 1230 et
284 1160 365 1244 298.
409 1157 606 1228 Luthcranis
636 1154 779 1228 ducibus

114 1284 173 1360 per
205 1259 331 1331 Adami
369 1261 486 1329 alteras
513 1257 637 1327 litteras
671 1256 780 1325 collo-

24 1418 25 1421 ,
114 1361 235 1456 quium
263 1383 341 1432 cum
374 1357 488 1455 legatis
511 1355 698 1453 petentibus
727 1376 779 1423 re-

113 1460 277 1558 spondet,
305 1483 336 1528 se
352 1457 437 1542 ,nisi
459 1456 548 1528 faeta
568 1454 694 1527 ducum
721 1452 782 1522 de-

114 1560 263 1642 ditione,
281 1580 397 1655 pacem
413 1555 458 1627 eis
483 1580 552 1626 non
581 1578 646 1625 esse
677 1554 782 1624 datu-

75 1694 78 1699 ·
115 1683 214 1731 rum.
241 1662 288 1731 11.
307 1675 388 1742 299.
417 1660 535 1727 Castra
550 1653 695 1726 hostium
713 1675 780 1748 op-

113 1780 263 1857 pugnare
285 1775 403 1851 parat,
424 1753 480 1824 sed
496 1777 534 1824 ea
553 1772 652 1824 nocte
674 1770 781 1824 castra

111 1860 184 1930 illos
199 1857 336 1926 movisse
348 1852 513 1950 intelligit.
529 1857 575 1922 ΙΙ.
588 1877 604 1920 2
610 1870 669 1937 99.
687 1856 780 1923 Cum

112 1956 269 2050 equitatu
302 1953 438 2050 Belgico
483 1949 636 2020 adversus
672 1949 782 2019 hostes

113 2052 352 2152 proficiscitur.
376 2055 423 2119 ΙΙ.
437 2067 519 2133 299.
544 2048 653 2118 Prima
668 2046 781 2144 vigilia

114 2155 148 2224 in
178 2171 281 2221 castra
310 2147 395 2220 redit
412 2168 579 2241 ,eamque
607 2169 722 2216 curam
747 2163 781 2214 et

116 2249 320 2346 diligentiam
344 2245 510 2329 adhibet,
534 2265 573 2315 ut
594 2264 671 2316 ante
701 2269 784 2315 con-

114 2348 237 2422 fectam
264 2345 397 2417 tertiam
430 2342 577 2443 vigiliam
600 2345 782 2414 exercitum

105 2448 149 2519 'in
178 2448 292 2516 locum
328 2445 376 2515 ab.
400 2444 538 2514 Albano
575 2463 780 2538 occupatum

115 2544 297 2644 perducat.
316 2548 363 2614 II.
384 2565 462 2636 300.
496 2544 620 2613 Hostes
639 2541 781 2639 biparti-

115 2665 167 2717 tos
193 2643 364 2714 discessisse
382 2644 582 2739 cognoscit,
611 2661 644 2711 et
661 2640 782 2711 milites

116 2742 254 2839 quidem
281 2742 457 2812 civitatum
489 2739 625 2810 Ulmam
647 2760 681 2810 et
705 2745 784 2809 Au-

115 2862 244 2941 gustam
268 2862 379 2910 versus
412 2838 649 2924 contendere,
676 2844 782 2909 Lant-

115 2941 271 3039 gravium
307 2957 419 3008 autem
450 2955 483 3012 ,et
507 2939 667 3008 Saxoniae
702 2940 783 3008 Du·

116 3061 290 3109 cerneum
316 3035 381 3107 suis
409 3035 452 3106 in
479 3037 695 3107 Franconiam
718 3035 781 3108 iter

115 3135 277 3235 dirigere.
309 3140 355 3206 II.
375 3158 453 3230 301.
490 3140 538 3205 In.
561 3134 779 3207 Franconiam

115 3256 328 3334 properans,
358 3258 430 3328 quo
448 3234 512 3305 iter
537 3232 686 3333 dirigunt
712 3239 782 3305 Lu-

115 3333 244 3407 therani
260 3333 362 3405 duces
378 3331 606 3430 „Bofingam,
631 3333 780 3404 Morlin·

16 3429 19 3433 ’
116 3457 192 3533 gam
212 3451 245 3503 et
256 3433 325 3523 ejus
339 3432 666 3528 arcemrccipit..II.
698 3455 788 3525 301.

118 3539 307 3630 Appetente
332 3532 410 3620 jam.
431 3532 631 3615 bmma.,et.
656 3528 790 3602 frustra.

116 3629 376 3706 dissuadentibus
387 3629 529 3702 ducibus
544 3628 695 3715 „bellurn
718 3653 781 3728 ge-

116 3755 194 3802 rere,
223 3728 365 3828 pergit..
390 3734 447 3800 ΙΙ..
470 3752 549 3822 302.
588 3727 792 3801 Comitibus.

114 3831 282 3928 Hetingae
296 3827 492 3900 Lutheranis
505 3828 778 3901 eorumfratrem
803 3919 807 3927 ι

115 3928 341 4000 Catholicnm
357 3927 504 4023 praeficit
521 3977 533 4014 ,
551 3947 586 3998 et
606 3928 778 3999 Albanum

115 4027 244 4110 mittit,
262 4027 322 4118 qui
340 4027 539 4122 Tinspinum
571 4045 699 4098 tentet.
730 4032 789 4097 II..

119 4150 199 4221 302.
219 4124 492 4224 Rotemburgum
518 4125 606 4195 venit
624 4177 635 4211 ,
652 4145 686 4196 et
713 4149 780 4195 vo·-

115 4222 450 4301 luntariadeditione.
473 4225 675 4319 recipit..II.
699 4248 788 4319 302.

114 4327 303 4399 Burensem.
321 4322 501 4394 Comitem
531 4321 777 4396 Prancafortem

116 4424 233 4495 urbem
256 4441 389 4493 tentare.
403 4421 520 4509 jubet.
546 4427 590 4491 Il.
608 4446 686 4516 303·
716 4427 779 4492 Fu*

116 4545 160 4620 ga
178 4521 303 4595 ducunt
321 4520 467 4592 celeriter
479 4518 642 4616 dissipata,
659 4520 779 4593 civita-

117 4639 192 4689 tum
213 4621 390 4716 legationes
405 4619 458 4689 de>
471 4643 555 4717 pace.
573 4619 712 4715 accipit.
729 4623 775 4689 II.

121 4740 201 4811 303.
223 4721 277 4787 Ex
294 4718 530 4816 Rotemburgo
547 4719 683 4789 Heliam
697 4721 778 4812 Sue-

116 4815 192 4889 viae
217 4814 333 4887 urbem
349 4815 522 4912 procedit.
549 4821 597 4891 Π.
618 4840 697 4915 303.
718 4816 780 4903 Ἐς·

880 456 1029 529 dericum
1055 456 1226 531 Comitem
1246 460 1431 533 Palatinum
1459 483 1542 561 sup-

880 558 1001 655 plicem
1038 576 1072 626 et
1106 561 1235 630 veniam
1270 585 1349 632 cum
1388 564 1543 660 lacrymis

880 677 1046 756 petentem
1075 655 1214 743 affatur,
1231 679 1265 729 et
1286 661 1461 756 praeterita
1488 687 1543 734 er-

880 777 952 831 rata
976 758 1136 853 praesenti
1163 758 1265 831 animi
1284 760 1394 831 dolori
1413 762 1544 834 condo-

882 876 963 928 nat.
990 862 1036 927 ΙΙ.
1059 879 1136 950 303.
1159 877 1193 928 et
1215 881 1308 953 ¹304·
1335 857 1546 936 Ulmensibus

881 956 1022 1055 genibus
1057 955 1147 1027 flexis
1177 961 1307 1031 veniam
1336 958 1547 1055 deprecanti·

883 1057 946 1128 bus
963 1075 1071 1126 errata
1094 1056 1291 1128 condonat.
1318 1063 1365 1128 11.
1386 1081 1467 1152 305·
1490 1064 1549 1131 Vi·

880 1155 1244 1253 tcmbergensisDucis
1272 1157 1354 1229 fines
1375 1158 1549 1232 Albanum

880 1255 1040 1328 invadere
1064 1255 1182 1346 jubet.
1217 1263 1265 1328 11.
1294 1281 1374 1351 305.
1415 1259 1552 1329 Vitem-

885 1354 1033 1453 bergensi
1077 1355 1170 1426 Duci
1211 1355 1300 1453 pacis
1345 1357 1554 1430 conditiones
1663 1423 1666 1426 ⁴

883 1450 1098 1553 praescribit.
1134 1459 1180 1524 ΙΙ.
1217 1476 1296 1551 303.
1349 1454 1554 1530 Francaforti

884 1551 1120 1645 urbilveniam
1153 1554 1364 1651 impertitur.
1398 1563 1443 1627 II.
1476 1562 1554 1651 306.

883 1651 1021 1721 Ulmam
1052 1652 1161 1721 venit.
1186 1653 1250 1725 lI.¹
1264 1659 1344 1746 306.
1386 1655 1557 1727 Ulmensts

886 1751 1040 1848 Hispano
1063 1775 1211 1822 sermone
1240 1754 1349 1848 ipsum
1380 1757 1558 1826 salutantes

884 1873 1036 1921 sermone
1058 1874 1196 1944 quoque
1213 1855 1366 1947 Hispano
1383 1857 1556 1925 resalutat.

887 1952 934 2018 ll.
958 1953 1035 2041 306.
1066 1950 1269 2046 Augustanis
1285 1950 1446 2045 imperata
1466 1951 1557 2023 face-

887 2069 922 2119 re
937 2047 1182 2144 pollicentibus,
1198 2069 1231 2117 et
1256 2049 1378 2118 timore
1396 2050 1558 2122 Sebastia-

887 2144 924 2220 ni
946 2145 1081 2217 Xertelli
1113 2145 1231 2216 urbem
1255 2171 1286 2216 se
1315 2146 1436 2220 dedere
1465 2172 1562 2246 posse

887 2244 1097 2343 negantibus
1115 2246 1290 2342 respondet
1313 2271 1344 2317 se
1369 2271 1448 2319 cum
1464 2272 1560 2320 exer-

888 2345 958 2415 citu
986 2343 1181 2440 propediem
1213 2343 1401 2417 affuturum
1420 2367 1484 2431 ,et
1513 2346 1562 2418 ci-

889 2442 1032 2513 vitatem
1069 2466 1112 2512 eo
1151 2462 1243 2514 metu
1282 2464 1316 2515 et
1361 2444 1563 2538 difficultate

889 2541 1137 2637 explicaturum
1152 2589 1168 2610 .-
1188 2548 1235 2612 11.
1267 2549 1346 2635 306.
1382 2541 1563 2616 Dedititias

862 2705 864 2708 ,
889 2639 1041 2710 civitates
1062 2641 1303 2734 Comitemque
1323 2642 1511 2715 Palatinum
1528 2664 1563 2715 et

889 2738 1198 2834 Vitembergensem
1216 2742 1351 2811 Ducem
1370 2743 1415 2811 eis
1439 2742 1564 2815 condi·-

889 2836 1040 2909 tionibus
1062 2836 1206 2908 insuam
1227 2837 1331 2910 fidem
1353 2840 1492 2937 recipit,
1523 2861 1562 2913 ut

888 2959 1008 3033 pacem
1041 2954 1235 3031 perpetuam
1266 2937 1453 3032 foedusque
1482 2965 1561 3013 cum

891 3034 1046 3109 Austriae
1065 3036 1275 3133 Principibus
1293 3035 1441 3123 faciant,
1462 3042 1563 3110 Saxo·

887 3135 965 3206 niae
1008 3136 1107 3203 Duce
1137 3153 1170 3206 et
1209 3136 1327 3206 Hesiae
1354 3138 1561 3235 Lantgravio

888 3257 956 3331 pro
983 3230 1136 3304 hostibus
1160 3232 1301 3305 habitis.
1320 3240 1367 3304 ΙΙ.
1389 3259 1467 3328 307·
1495 3240 1560 3308 Al-

890 3333 1025 3403 bertum
1044 3330 1371 3432 Brandebnrgenscm
1387 3335 1559 3408 Marchio-

890 3454 968 3504 nem
985 3453 1063 3502 cunr
1081 3431 1224 3502 militum
1242 3434 1473 3528 supplemento
1485 3438 1558 3508 Fer·

888 3530 1005 3602 nando
1020 3530 1114 3600 fratri
1130 3531 1285 3602 adversus
1300 3535 1460 3603 Saxoniae
1475 3537 1556 3604 Du-

888 3652 963 3701 cem
981 3629 1106 3703 mittit.
1137 3635 1184 3700 ll.
1204 3650 1282 3727 309.
1310 3635 1350 3701 ln
1376 3633 1567 3705 Saxoniarrr·

885 3728 1045 3802 adversus
1071 3732 1206 3801 Ducem
1230 3755 1250 3799 a
1282 3731 1457 3803 Feruando
1483 3731 1554 3804 fra-

887 3847 940 3898 tre
955 3847 1113 3901 evocatus
1135 3827 1378 3924 proficiscitur.
1401 3837 1448 3903 11.
1473 3851 1552 3925 309.

888 3928 1023 3999 Ducem
1045 3927 1353 4026 vitembergensem
1382 3929 1416 4001 in
1449 3928 1553 4002 fidem

884 4025 1001 4122 recipit
1012 4077 1023 4111 ,
1036 4047 1070 4097 et
1079 4025 1179 4098 Ulma
1195 4029 1393 4125 Norlingam
1415 4053 1554 4127 progre-

886 4124 1008 4209 ditur,
1029 4126 1089 4196 ubi
1113 4126 1280 4199 articulari
1301 4128 1425 4198 morbo
1447 4130 1554 4226 impe·

886 4222 975 4294 ditus
995 4224 1171 4296 necessario
1198 4224 1362 4296 subsistit.
1395 4232 1442 4297 II.
1475 4248 1552 4322 309.

884 4323 1182 4420 Argentinensibus
1198 4323 1327 4394 veniam
1341 4322 1419 4409 dat,
1431 4350 1554 4423 eosque

884 4422 920 4492 in
955 4445 1048 4492 suam
1083 4421 1187 4493 fidem
1222 4424 1361 4518 recipit.
1393 4429 1438 4494 II.
1472 4451 1554 4521 311·

884 4519 1152 4619 Norembergam
1181 4522 1371 4616 perveniens
1404 4546 1458 4595 sex
1486 4527 1554 4599 dies

884 4618 1083 4691 valetudinis
1106 4643 1202 4690 causa
1227 4620 1385 4691 divertit.
1414 4627 1459 4693 II.
1472 4649 1554 4719 311.

883 4721 1057 4817 Egueram
1076 4717 1264 4803 contendit,
1275 4720 1390 4791 urbem
1404 4721 1437 4792 in
1451 4727 1555 4796 Saxo·

885 4819 959 4893 uiae
988 4816 1140 4901 confinio
1150 4817 1272 4894 sitam.
1297 4824 1344 4895 11.
1364 4843 1444 4917 31¹·
1472 4821 1554 4932 Dies

1497 4918 1555 4994 alr.
