4102 5864
520 478 606 568 412
926 468 1009 546 DE
1051 466 1248 547 REBUS
1285 462 1505 547 GESTIS

489 634 620 737 ratius
654 627 871 733 Farnesius
912 629 1112 771 praesidii
1147 629 1285 771 gratia
1336 665 1438 727 curn
1475 619 1674 724 ducentis
1727 619 1958 764 equitibus

494 777 676 879 obviam
714 774 937 918 procedit.
997 785 1163 873 Contra
1200 770 1279 870 hos
1315 783 1527 909 Gonzaga
1562 763 1696 867 factus
1745 754 1825 908 pei
1872 810 1953 866 ex-

495 921 730 1063 ploratores
766 917 924 1016 certior
960 912 1244 1016 Manfredum
1277 912 1476 1012 Tornieli
1511 912 1737 1013 Comitem
1783 911 1950 1050 equites

496 1061 792 1204 cataphractos
843 1060 1217 1202 quinquaginta,
1254 1053 1412 1196 quibus
1466 1092 1655 1195 praeerat
1693 1131 1709 1173 ,
1745 1053 1952 1153 inducere

479 1206 653 1343 ¹jubet,
690 1205 910 1342 simulque
962 1204 1130 1343 equites
1182 1201 1354 1299 levioris
1407 1235 1681 1318 armaturae,
1719 1199 1802 1339 qui
1837 1239 1951 1336 qua-

499 1387 601 1451 tuor
638 1349 760 1490 signa
796 1345 1116 1486 sequebantur,
1151 1384 1255 1442 cum
1280 1415 1283 1423 s
1306 1341 1391 1441 suis
1428 1337 1649 1482 praefectis
1733 1340 1947 1442 toficisci.

498 1494 633 1634 Igitur
670 1531 804 1590 noctu
840 1491 1078 1590 commisso
1132 1486 1296 1629 praelio
1347 1483 1488 1585 hostes
1550 1479 1634 1583 fusi
1689 1382 1950 1626 dignique,

497 1671 541 1733 et
577 1636 789 1735 Horatius
824 1634 1039 1733 Famesius
1075 1670 1177 1729 cum
1214 1630 1303 1730 aliis
1340 1663 1489 1767 captus
1507 1706 1521 1747 ,
1542 1627 1625 1727 nisi
1661 1631 1787 1768 quod
1824 1629 1949 1769 igno·

500 1779 568 1877 tus
605 1780 711 1877 dum
760 1776 1052 1919 negligentius
1101 1773 1387 1892 custoditur,
1422 1765 1527 1916 fuga
1576 1771 1741 1912 elapsus
1797 1811 1946 1872 manus

498 1918 695 2021 hostium
731 1920 895 2021 evasit.

570 2073 645 2164 IX.
740 2063 980 2165 Fernandus
1031 2072 1243 2205 Gonzaga
1275 2137 1290 2179 ,
1327 2099 1419 2201 quo
1471 2056 1636 2160 facilius
1688 2057 1939 2161 adversarios

500 2204 819 2306 commeatibus
868 2203 1121 2345 prohiberet
1175 2210 1309 2339 (nam
1345 2202 1503 2307 urbem
1552 2201 1758 2343 operibus
1795 2243 1838 2306 er
1873 2203 1939 2302 fit·

501 2388 578 2449 mo
614 2349 829 2489 praesidio
865 2350 1081 2448 munitam
1116 2387 1361 2488 expugnare
1397 2345 1709 2448 difficillimum
1748 2389 1835 2450 esse
1877 2349 1938 2446 in·

502 2490 758 2633 telligebat)
791 2492 1067 2622 circumjecta
1119 2493 1285 2592 castella
1320 2490 1557 2591 Parmensis
1610 2491 1707 2633 agri
1744 2529 1936 2631 occupare

361 2678 364 2685 ·
500 2672 622 2775 parat
639 2713 654 2755 ,
688 2635 736 2733 in
772 2636 1014 2776 primisque
1049 2645 1294 2754 Semnum,
1315 2636 1439 2776 quod
1451 2652 1458 2659 ”
1475 2635 1620 2776 ipsum
1656 2673 1735 2774 per
1772 2676 1815 2735 se
1846 2673 1935 2735 mu-

500 2814 644 2878 nrtum
682 2813 972 2879 trecentorum
1009 2816 1276 2879 armatorum
1314 2779 1530 2919 praesidio
1567 2778 1825 2898 tenebatur,
1848 2775 1934 2917 quia

499 2958 707 3059 magnam
729 2959 997 3024 commeatus
1018 2932 1220 3022 Parmam
1255 2921 1526 3063 importandi
1561 2917 1812 3022 facultatem
1843 2959 1934 3060 prae·

501 3059 663 3162 bebat.
715 3072 834 3204 Ergo
872 3064 1039 3199 Joanni
1075 3061 1251 3199 Jacobo
1302 3066 1480 3164 Medice
1530 3066 1776 3206 Melignani
1826 3075 1934 3164 Mar-

500 3200 661 3303 chione
683 3280 699 3324 ,
722 3207 819 3365 ,qni
854 3207 941 3307 toti
976 3204 1220 3306 obsidionis
1257 3204 1409 3307 officio
1446 3244 1685 3350 praeesset,
1725 3210 1781 3308 ad
1819 3244 1936 3307 castra

413 3488 418 3497 Ι
498 3346 681 3467 relicto,
720 3386 812 3489 rpse
848 3389 949 3450 curn
987 3351 1290 3492 Hispanorum
1327 3388 1510 3468 manu,
1546 3386 1588 3452 et
1622 3386 1744 3492 parre
1782 3353 1938 3490 equita-

499 3523 565 3588 tus
599 3569 613 3611 ,
652 3493 966 3634 tormentisque
1012 3495 1345 3635 quatuordecim
1382 3509 1595 3595 Scomurn
1646 3496 1938 3637 progreditur.

498 3632 567 3731 Bis
604 3673 769 3776 magno
806 3638 1000 3738 militum
1037 3639 1192 3738 ardore
1228 3639 1449 3738 castellum
1503 3675 1816 3780 oppugnatum
1861 3676 1943 3755 est,

499 3774 663 3916 diuque
704 3775 950 3881 defensores
1003 3777 1174 3881 fortiter
1223 3816 1580 3923 propugnarunt.
1633 3791 1865 3883 Postremo
1897 3781 1945 3880 it·

494 3919 797 4060 rumpentium
847 3926 1149 4062 Hispanorum
1187 4002 1204 4044 ‚
1238 3964 1434 4065 quotum
1485 3924 1650 4064 primus
1701 3919 1789 4024 fuit
1825 3936 1947 4025 Ema-

493 4063 595 4162 nuel
628 4073 755 4164 Luna
790 4067 984 4165 centurio
1021 4143 1036 4184 ,
1073 4068 1290 4205 impetum
1327 4063 1435 4168 ferre
1473 4103 1744 4208 nequeuntes
1790 4109 1874 4170 sese
1907 4067 1952 4166 in

493 4244 637 4305 arcem
674 4244 971 4346 receperunt,
1006 4248 1086 4308 nec
1123 4211 1262 4309 multo
1301 4247 1401 4351 post
1449 4212 1575 4312 rebus
1627 4212 1855 4351 desperatis
1905 4210 1955 4309 in

490 4384 754 4483 potestatem
792 4361 1026 4492 Gonzagae
1063 4355 1345 4491 permiserunt
1381 4433 1396 4474 ‚
1433 4396 1458 4454 a
1495 4395 1588 4495 quo
1624 4356 1755 4454 armis
1807 4352 1961 4471 exuti,

491 4489 681 4630 datoque
716 4501 994 4623 jurejurando
1045 4536 1089 4595 se
1125 4494 1323 4597 hostibus
1374 4497 1421 4598 in
1459 4538 1513 4597 eo
1563 4494 1678 4597 bello
1716 4498 1952 4598 militarem

487 4670 666 4772 operam
704 4634 820 4736 haud
858 4638 1043 4781 amplius
1079 4639 1388 4761 exhibituros,
1426 4639 1616 4741 dimissi.

555 4787 615 4878 X.
688 4788 738 4879 In
774 4816 907 4884 castra
960 4820 1154 4890 reversus
1192 4796 1406 4927 Gonzaga
1443 4787 1499 4886 ad
1535 4779 1809 4889 coenobium
1847 4799 1961 4890 San·

1889 4965 1950 5032 etr
