4034 5858
386 399 488 468 CAR

81 507 230 596 Capreae
248 493 373 565 insula.
399 498 428 563 Ι.
458 513 537 582 257.

82 598 241 695 Capraria
269 591 394 663 insula.
420 591 467 666 Il.
491 611 570 682 142.
730 685 736 701 .

81 695 218 796 Captivi
250 687 429 764 Christiani
465 688 560 787 lignis
585 702 618 754 et
653 683 801 757 vectibus

130 794 272 870 Tunetis
301 789 380 861 arcis
422 788 507 861 fores
532 784 741 882 refringunt,
768 805 800 855 et

1164 398 1265 475 CAR

907 489 1144 584 Neapolitanus
1157 542 1167 561 .

762 598 764 601 ’
857 588 1016 661 Cardona
1045 597 1214 676 (Petrus)
1243 597 1386 669 Comitis
1414 601 1570 677 Golisani

907 688 994 857 filigs
1017 688 1051 758 in
1076 691 1185 762 navali
1205 718 1317 793 pugna
1340 701 1525 772 occiditur.
1542 706 1574 774 1.

909 810 951 877 25
983 836 993 859 .

131 895 288 995 parietem
322 888 505 960 infirmiore
553 904 644 982 parte
694 881 799 954 suffo-
857 886 1014 959 Cardona
1032 888 1298 976 (Raimundus)
1316 897 1471 992 Neapolis
1486 906 1569 971 1³10.

132 997 252 1072 diunt.
274 993 303 1059 Ι.
327 1011 411 1080 402.
439 992 478 1059 Se
497 1012 538 1059 ex
562 983 732 1083 ergastulis
754 980 798 1055 ef·

911 1012 989 1059 rex.
1005 990 1033 1058 Ι.
1058 1009 1119 1079 41.

129 1091 305 1168 fundunt.
326 1091 355 1159 1.
375 1111 459 1183 403.
501 1085 597 1157 Vasti
629 1081 801 1156 Marchio·
865 1087 1024 1160 Cardono
1053 1086 1324 1174 (Raimundus)
1345 1093 1573 1190 Hispanorum

130 1215 207 1264 nem
233 1212 310 1261 cum
339 1207 433 1285 parte
459 1187 604 1259 militum
629 1184 663 1254 in
681 1206 800 1255 arcem
854 1257 855 1260 ,

911 1211 1028 1258 manus
1052 1185 1257 1285 praefectus.
1279 1192 1326 1260 11.
1345 1215 1427 1284 214.

132 1291 318 1387 recipiunt.
341 1292 370 1357 Ι.
387 1310 472 1382 403.
501 1284 560 1359 nd
588 1282 705 1380 viginti
728 1284 801 1352 mil·
864 1286 1015 1358 Carelia.
1040 1289 1070 1355 1.
1098 1311 1157 1391 ²3·

132 1394 174 1461 lia
198 1392 231 1461 in
248 1389 437 1459 libertatem
466 1410 541 1483 post
567 1403 700 1479 captam
723 1384 800 1451 Tu·
862 1387 1093 1484 carignanum
1110 1386 1274 1483 oppidum
1298 1391 1467 1488 recipitur.
1490 1396 1576 1485 11.5.

132 1511 243 1560 netem
266 1486 494 1559 vindicantur.
514 1489 542 1554 1.
562 1504 646 1575 404.
671 1486 800 1552 Omnes

131 1590 246 1660 Caroli
266 1588 355 1675 jussu
379 1589 516 1657 aluntur
534 1605 591 1668 ,et
615 1584 649 1654 in
665 1582 797 1654 Italiam

911 1490 944 1556 A
964 1486 1058 1558 Vasti
1080 1485 1276 1560 Marchione
1298 1512 1507 1591 occupatur.
1526 1497 1575 1568 Π.

912 1609 995 1655 210.
1313 1612 1315 1621 ’

41 1729 48 1739 ·
130 1707 165 1757 et
184 1685 380 1781 Hispaniam
405 1684 625 1757 reducuntur.
651 1684 679 1750 Ι.
691 1703 775 1772 404.
860 1686 1103 1783 Carmagnolae
1130 1707 1189 1756 arx
1209 1706 1361 1783 recepta.
1379 1693 1424 1759 II.
1450 1714 1481 1785 3.

82 1794 223 1881 Capua.
250 1787 277 1852 Ι.
304 1808 385 1877 273·

81 1884 286 1960 Carachulus
310 1882 485 1969 (fabius)
514 1880 557 1951 ab
582 1880 732 1973 Hispano
748 1879 799 1967 ja-

132 1986 280 2055 culatore
307 2004 365 2076 per
392 2002 537 2052 errorem
570 1978 744 2067 trajectus.
769 1978 798 2049 1.

131 2106 150 2149 2
181 2106 214 2150 2.

82 2106 197 2251 Casiis
220 2174 409 2273 oppidum.
435 2178 481 2246 ΙΙ.
499 2199 533 2245 2.

79 2279 334 2351 Caramaminus
348 2277 509 2347 militibus
530 2271 732 2370 exponendis
752 2272 795 2344 ab

129 2384 289 2475 Azenaga
314 2374 521 2470 praeficitur.
545 2377 591 2442 11.
624 2397 701 2443 110.
726 2378 795 2443 Ca-

15 2546 24 2562 ,
129 2478 238 2574 ptivus
265 2475 407 2572 remigio
432 2473 600 2544 addicitur
622 2471 666 2541 ab
694 2473 797 2542 Alva-

862 1785 976 1855 Caroli
1012 1783 1156 1855 Caesaris
1179 1785 1392 1881 profectionis
1419 1789 1454 1861 in
1482 1791 1575 1863 Ger·

911 1881 1056 1952 maniam
1080 1883 1217 1953 nuntius
1245 1889 1431 1958 multorum
1456 1890 1574 1963 animis

910 1980 1039 2077 gravis.
1068 1982 1096 2048 1.
1125 2000 1183 2071 49.
1212 1984 1397 2056 Familiares
1423 1987 1574 2058 muneri-

910 2081 972 2149 bus
996 2098 1099 2171 atque
1117 2079 1269 2175 pollicitis
1284 2084 1458 2156 civitatum
1487 2087 1573 2183 lega·

910 2196 964 2248 tos
993 2199 1239 2277 corrumpunt.
1272 2183 1300 2249 Ι.
1328 2201 1382 2271 59.
1414 2182 1474 2256 Ad
1510 2192 1575 2257 Pe·

894 2273 1002 2347 ‘trum
1030 2278 1194 2349 Gitonem
1230 2283 1416 2377 responsio.
1452 2286 1480 2359 Ι.
1512 2302 1571 2376 79.

909 2376 1062 2447 Potentia
1086 2398 1232 2474 suspecta
1264 2399 1296 2449 et
1329 2380 1449 2451 Italicis
1479 2383 1576 2454 Prin-

908 2473 1037 2568 cipibus
1070 2473 1308 2547 formidolosa.
1336 2481 1364 2547 l.
1397 2504 1474 2571 172.
1513 2477 1575 2552 Ad

128 2601 168 2649 ro
188 2577 342 2645 Bazano.
357 2576 404 2641 11.
428 2597 507 2668 113·
535 2572 660 2671 Sagitta
675 2595 694 2640 a
711 2573 793 2641 Ber·
908 2572 1046 2643 Henrici
1070 2576 1307 2646 Britannorum
1339 2579 1439 2674 Regis
1478 2580 1573 2676 lega-

129 2673 271 2744 nardino
299 2671 468 2745 Mendoza
496 2675 700 2769 configitur.
748 2671 793 2737 II.
907 2671 1033 2740 tionem
1057 2674 1249 2768 responsio.
1275 2676 1405 2768 1.231.

133 2792 213 2857 119.
240 2773 443 2842 Vulneratus
467 2793 506 2842 ut
535 2791 607 2853 est,
631 2790 706 2838 suos
730 2766 794 2838 ite·
855 2769 971 2847 Caroli
988 2770 1105 2866 Magni
1123 2790 1235 2867 caput,
1253 2771 1381 2868 gladius
1398 2793 1431 2843 et
1458 2779 1571 2870 Impe÷

129 2895 207 2942 rum
234 2870 278 2940 ad
313 2894 460 2967 pugnam
490 2869 706 2940 cohortatur.
746 2867 794 2934 II.
907 2866 1029 2939 ratoria
1048 2891 1242 2939 ornamenta
1260 2871 1571 2970 Aquisgraniasser*

133 2993 211 3039 120.
235 2970 381 3039 Duobus
397 2989 561 3062 praeterea
573 2967 644 3037 telis
659 2962 793 3035 confos-
848 3030 851 3037 a
907 2986 1052 3036 vantur.
1069 2973 1097 3037 Ι.
1116 2973 1230 3038 60..et
1254 2977 1315 3038 61.

127 3090 180 3137 sus
195 3066 382 3137 occiditur.
399 3071 537 3138 11.12o.
857 3067 997 3142 Carolus
1032 3067 1230 3139 Aurelianus
1262 3072 1345 3139 Dux
1372 3068 1457 3139 lilius
1489 3071 1571 3144 alter

78 3167 271 3242 Caravallus
292 3166 449 3238 simulato
481 3163 603 3255 morbo
627 3162 672 3236 ad
694 3162 792 3235 Elves
905 3163 1064 3236 Francisci
1090 3167 1270 3237 Gallorum
1290 3167 1392 3266 Regis
1415 3168 1567 3264 belgium

128 3264 261 3337 resistit.
285 3267 331 3335 II.
352 3290 434 3358 241.
905 3289 984 3336 cum
1018 3265 1164 3336 exercitu
1197 3285 1330 3349 vexat,
1364 3266 1571 3337 Lucembur-

79 3362 303 3451 Carbajalis(
337 3363 559 3446 Gutierrus)
608 3360 792 3457 Episcopus
904 3386 985 3462 gum
1008 3382 1042 3431 et
1074 3364 1180 3433 multa
1211 3365 1273 3435 alia
1304 3364 1430 3461 oppida
1463 3387 1571 3462 expu-

125 3462 360 3546 Placentinus,
385 3466 546 3538 castellae
569 3460 725 3533 Concilio
741 3460 790 3533 in-
906 3482 1011 3560 gnat.
1040 3463 1086 3529 11.
1109 3468 1187 3547 169.

127 3580 244 3632 terest.
269 3563 314 3629 II.
332 3566 390 3631 66.
855 3560 1000 3631 Carolus
1017 3565 1163 3631 Bellator.
1189 3563 1217 3629 1.
1237 3561 1316 3653 184.

81 3660 289 3731 Carcabosus
312 3660 422 3749 vicus.
449 3663 495 3729 II.
518 3681 601 3752 232.
855 3662 995 3730 Carolus
1022 3663 1141 3731 Caesar
1174 3663 1322 3750 Joannae
1359 3681 1393 3733 et
1426 3660 1568 3758 Philippi

30 3787 35 3791 ’
77 3760 247 3831 Cardenas
273 3757 484 3848 (Alfonsus)
516 3757 670 3853 equitum
695 3780 791 3856 prae·
904 3757 1083 3853 Hispaniae
1126 3764 1260 3856 Regum
1297 3760 1406 3831 lilius.
1446 3764 1474 3831 Ι.
1511 3784 1565 3855 37.

127 3856 255 3929 fectus.
279 3862 307 3927 1.
325 3864 383 3949 64.
904 3865 1083 3928 Procerum
1113 3860 1383 3953 populorumque
1400 3882 1563 3931 consensu

77 3955 248 4028 Cardenas
273 3957 482 4045 (Alfonsus)
499 3969 533 4029 V.
551 3954 694 4029 Pueblae
716 3958 789 4025 Co·
843 3960 845 3965 ⁴
904 3955 1081 4051 Hispaniae
1099 3961 1256 4054 Regnum
1281 3961 1436 4054 suscipit.
1462 3958 1569 4050 1.38.

127 4078 213 4124 mes.
276 4130 278 4133 .
865 4126 867 4128 ,
905 4055 1082 4151 Hispaniae
1093 4060 1170 4127 Rex
1184 4058 1354 4129 salutatur.
1369 4061 1457 4152 I.39.
1470 4058 1570 4127 Alar-

78 4154 248 4226 Cardenas
274 4162 290 4243 (
315 4151 570 4235 Bernardinus)
606 4166 640 4227 V.
678 4149 809 4226 Elchis
905 4177 1024 4226 eonem
1056 4153 1195 4240 mittit,
1227 4158 1285 4249 qui
1328 4159 1569 4228 tumultuantes

127 4252 301 4326 Marchio.
906 4253 1159 4327 Panormitanos
1206 4261 1376 4326 co'e'rceat.
1434 4259 1463 4324 I.
1505 4278 1568 4348 41.

78 4355 247 4425 Cardenas
270 4349 476 4442 (Iacobus)
499 4352 669 4423 Granatae
697 4373 790 4447 prae·
905 4352 1112 4449 Supplicibus
1135 4355 1375 4426 Panormitanis
1411 4354 1567 4454 ignoscit.

127 4451 234 4524 fectus
250 4449 473 4549 pacificandae
492 4449 583 4520 urbis
599 4448 705 4548 gratia
718 4453 790 4520 To·
906 4455 934 4521 Ι.
951 4473 1012 4542 41.
1052 4452 1232 4524 Decimum
1264 4474 1422 4526 octavum
1458 4453 1571 4526 aetatis

128 4549 233 4621 letum
256 4548 367 4622 venit.
390 4554 420 4617 I.
445 4572 522 4618 110.

79 4647 250 4719 Cardenas
279 4646 493 4741 (Jacobus)
527 4658 561 4722 V.
600 4642 790 4744 Maquedae

124 4752 229 4820 Dux.

74 4847 237 4921 Cardona
252 4845 487 4932 (Femanrlus)
522 4860 553 4921 V.
594 4845 788 4922 Almirantu

905 4648 1042 4722 fratrem
1078 4651 1111 4718 in
1148 4653 1299 4750 Belgium
1348 4655 1570 4745 transmittere

906 4750 1041 4820 statuit.
1058 4750 1086 4818 I.
1102 4772 1163 4842 42.
1187 4752 1344 4827 Gandavi
1368 4775 1464 4826 natus
1479 4777 1568 4824 anno

906 4849 958 4927 Μ.
971 4851 1019 4921 D.
1048 4849 1092 4926 ad
1124 4852 1187 4928 VI.
1215 4857 1291 4930 Kal.
1321 4856 1425 4932 Mart.
1448 4857 1567 5026 I·G42,·

1512 4973 1564 5023 ra·

905 4574 1032 4622 annum
1064 4550 1153 4648 agit.
1192 4556 1219 4623 Ι.
1256 4576 1316 4645 42.
1360 4555 1569 4626 Pemandum
1702 4632 1705 4639 ,
