3998 5850
510 429 601 521 454
882 424 968 506 DE
1016 424 1225 505 REBUS
1274 423 1495 506 GESTIS

467 623 631 727 magna
666 579 857 683 hostIum
894 578 1165 720 perturbatio
1203 578 1432 719 primum,
1486 579 1645 682 deinde
1680 573 1792 721 fuga
1827 621 1936 691 con-

466 766 609 830 secuta
645 762 740 845 est,
776 725 925 825 ceteris
961 724 1091 825 simul
1128 723 1398 825 Caesarianis
1434 764 1531 827 rem
1586 722 1764 827 fortiter
1817 729 1932 828 acri-

466 909 618 1012 terque
668 868 967 1013 gerentibus,
1015 867 1096 1008 qui
1164 861 1383 1010 fugientes
1432 871 1665 971 consectati
1721 909 1927 1013 magnam

465 1055 619 1117 eorum
657 1053 848 1157 stragem
885 1012 1141 1115 ediderunt.
1197 1012 1419 1114 Perierunt
1455 1049 1604 1115 autem
1640 1016 1690 1116 in
1726 1013 1809 1152 bac
1845 1056 1926 1158 pu-

464 1198 554 1302 gna
589 1195 634 1260 et
668 1155 776 1303 fuga
812 1200 864 1259 ex
900 1155 1099 1259 hostibus
1135 1190 1326 1297 quatuor
1361 1157 1535 1278 millia,
1569 1198 1641 1259 sex
1676 1192 1822 1260 autem
1857 1200 1927 1260 ca-

464 1341 541 1444 pta
577 1339 677 1404 sunt
714 1343 727 1412 ·‚
766 1337 1016 1404 nostrorum
1065 1336 1243 1402 centum
1281 1300 1610 1444 quinquaginta
1669 1302 1926 1423 desiderati,

464 1484 656 1588 quorum
691 1441 776 1547 fuit
796 1446 984 1548 ·Garcias
1020 1455 1230 1586 Gongota
1266 1447 1468 1546 centurio
1505 1444 1833 1565 Cordubensis,
1862 1446 1925 1546 vir

463 1591 638 1733 egregia
673 1590 833 1690 virtute
870 1625 913 1690 et
949 1589 1076 1689 domi
1111 1584 1313 1690 nobilis.
1372 1597 1523 1690 Petrus
1558 1603 1766 1709 Sttozus,
1799 1589 1923 1689 amis·

463 1775 513 1834 so
549 1732 771 1854 exercitu,
808 1731 1110 1876 Lusignanum
1146 1730 1342 1871 primum
1378 1792 1393 1854 ,·
1437 1731 1597 1834 deinde
1655 1734 1760 1835 loco
1810 1728 1921 1833 diffi-

461 1918 528 1979 sus
572 1878 902 1979 Montalcinum
938 1916 1026 1976 sese
1060 1869 1168 2016 firga
1203 1874 1397 2017 recepit.
1422 1880 1425 1884 ’
1451 1887 1603 2019 ltaque
1637 1875 1727 1977 boc
1765 1876 1917 2016 praelio

460 2020 613 2163 copiae
661 2019 835 2121 hostiles
885 2022 1049 2123 deletae
1086 2054 1186 2119 sunt
1222 2096 1237 2138 ,
1273 2055 1404 2159 atque
1457 2019 1520 2120 ita
1573 2019 1841 2161 dissipatae,
1870 2052 1914 2119 ut

460 2203 630 2307 praeter
667 2203 828 2305 paucos
864 2174 1141 2281 Germanos,
1165 2163 1245 2300 qui
1281 2177 1406 2264 Senes
1443 2157 1783 2306 confugerunt,
1817 2202 1913 2263 nus·

330 2373 338 2385 *1
461 2347 597 2448 quam
653 2309 810 2408 deinde
864 2308 934 2407 vel
984 2305 1313 2446 quinquaginta
1363 2304 1602 2408 hominum
1651 2346 1805 2408 manus
1867 2346 1911 2405 er

457 2446 564 2592 fuga
602 2449 650 2549 in
686 2490 827 2553 unum
860 2451 1011 2550 locum
1058 2449 1316 2549 convenerit
1358 2487 1371 2557 3
1411 2449 1484 2550 sed
1521 2490 1576 2550 ne
1613 2450 1908 2552 victoriano-

456 2594 532 2696 stri
566 2627 788 2695 uterentut
818 2669 834 2712 ,
869 2603 1084 2731 Senasque
1135 2589 1183 2691 in
1237 2632 1292 2691 eo
1344 2590 1507 2693 timore
1545 2631 1589 2694 et
1624 2591 1906 2735 trepidatione

460 2755 770 2879 oppugnatum
808 2736 1119 2879 procederent,
1155 2733 1307 2875 inopia
1344 2735 1406 2835 rei
1443 2736 1719 2877 pecuniariae
1753 2730 1905 2834 factum

438 2886 562 2999 est,
595 2878 803 2980 militibus
836 2878 921 2982 nisi
956 2876 1177 3018 stipendio
1215 2879 1437 3019 persoluto
1473 2875 1639 2979 bellum
1676 2883 1906 2982 detrectan-

456 3019 605 3139 tibus,
642 3020 888 3161 praesertim
925 3021 1185 3139 Germanis,
1212 3020 1291 3161 qui
1319 3019 1488 3121 mensis
1525 3022 1696 3142 etiam,
1728 3062 1820 3164 quo
1851 3019 1904 3118 di·

458 3163 670 3265 micatum
705 3198 823 3281 erat,
860 3163 1133 3303 duplicatum
1167 3162 1437 3304 stipendium
1473 3203 1554 3264 suo
1591 3205 1718 3266 more
1763 3198 1902 3308 postu·

455 3306 630 3413 labant3
670 3307 781 3446 quin
818 3305 949 3406 etiam
984 3305 1123 3406 Italici
1157 3299 1248 3405 fere
1275 3383 1290 3426 ,
1320 3307 1399 3447 qui
1435 3305 1594 3449 reliqui
1628 3305 1835 3428 fuerant,
1852 3301 1904 3405 ob

457 3449 657 3551 eamdem
702 3488 876 3549 causam
927 3448 1071 3549 castris
1112 3482 1428 3568 excesserunt,
1465 3451 1652 3594 exceptis
1708 3451 1805 3571 iis,
1839 3446 1904 3590 qui

458 3631 534 3732 pet
569 3592 666 3692 loca
701 3635 726 3694 a
760 3592 924 3693 nostris.
966 3591 1131 3692 circum
1179 3592 1336 3695 urbem
1391 3596 1562 3697 munita
1612 3596 1660 3696 in
1696 3593 1906 3736 praesidiis

465 3771 612 3835 erant.
1189 3820 1213 3859 .·
1258 3859 1260 3861 Ι

528 3886 636 3978 ΧΧ.
710 3891 920 3981 Ceterum
957 3876 1111 3979 diebus
1148 3878 1321 4021 aliquot
1374 3878 1604 4012 interjectis
1647 3959 1662 4002 ,
1712 3880 1908 3983 Marchio

455 4059 560 4128 cum
596 4022 822 4122 Germanis
848 4030 940 4154 jam
963 4058 1145 4163 accepto
1182 4021 1402 4164 stipendio
1438 4023 1720 4145 volentibus,
1747 4061 1794 4126 et
1826 4024 1910 4126 Hi-

317 4184 320 4187 ’
455 4164 596 4303 spanis
634 4203 862 4279 movens,
899 4165 1066 4267 castella
1117 4166 1444 4300 circumjecta,
1479 4171 1595 4270 unde
1648 4202 1912 4270 commeatus

452 4319 578 4406 Senas
624 4304 1035 4428 submittebantur,
1074 4347 1286 4450 occupare
1323 4329 1491 4452 parata
1532 4314 1606 4412 sed
1656 4349 1775 4414 tanta
1825 4304 1914 4410 fuit

454 4450 778 4554 castellanorum
815 4449 1092 4572 obstinatio,
1125 4489 1173 4553 ut
1209 4455 1378 4554 nullum
1413 4448 1544 4558 fuerit
1579 4458 1714 4596 paulo
1760 4454 1908 4555 muni-

453 4590 538 4691 tius
574 4595 828 4716 castellum,
865 4595 991 4736 quod
1026 4591 1300 4698 deditionem
1334 4593 1473 4700 facere
1522 4600 1724 4702 animum
1782 4599 1914 4699 indu*

452 4769 601 4864 cereta
636 4738 784 4882 itaque
820 4739 1008 4863 omnia,
1047 4741 1225 4877 dejectis
1257 4743 1423 4887 muris,
1459 4744 1507 4851 vi
1541 4780 1671 4887 capta
1705 4777 1839 4860 sunt,
1876 4774 1917 4839 et

1832 4920 1915 5019 Pu·
