4192 5858
379 176 467 267 ομ
644 90 654 100 ’
751 150 834 235 ort
872 150 1086 236 nasus
1134 147 1362 236 susrrs

332 321 572 437 comitatu,
596 304 719 445 eujus
759 343 849 410 erat
880 306 1000 409 bona
1035 349 1132 452 pars
1167 344 1265 411 tum
1300 302 1548 430 nobilium,
1582 343 1680 415 turn
1706 321 1797 416 Ec.

332 464 670 571 clesiasricorum
708 455 1034 595 doctorumque
1077 455 1309 576 virorum,
1341 495 1394 555 ex
1433 455 1660 558 Valdolito
1697 499 1796 561 sex⁴

331 650 380 715 ro
429 606 641 710 Kalendas
695 595 960 737 Septembris
1015 595 1303 738 proficiscitur
1344 677 1360 719 ,
1395 635 1442 699 et
1491 604 1567 743 per
1606 601 1794 742 Methy·

331 794 486 859 mnam
526 780 847 886 campestrem,
879 740 1116 881 Hispaniae
1153 741 1480 845 celeberrimum
1514 743 1792 887 emporium,

330 896 632 1004 Salmanticam
669 887 859 1028 primam
902 883 1056 990 urbem
1089 887 1334 988 Lusitaniae
1382 887 1540 997 venit;
1576 925 1620 991 et
1662 901 1795 1025 traje-

333 1082 406 1145 cto
438 1035 651 1154 lintribus
682 1037 815 1172 Tago
836 1101 852 1151 ,
875 1067 951 1168 per
1000 1031 1220 1172 oppidum
1264 1044 1445 1134 Caceres
1475 1109 1491 1152 ,
1527 1032 1711 1157 idest,
1745 1070 1795 1137 ut

333 1174 518 1332 quidam
570 1182 941 1320 interpretantur,
976 1182 1126 1274 Castra
1161 1175 1384 1296 Caesaris,
1419 1177 1660 1278 Emeritam
1693 1188 1793 1280 Au-

334 1368 508 1475 gustam
549 1323 721 1441 venit,
759 1317 986 1419 coloniam
1033 1318 1144 1419 olim
1171 1374 1173 1381 ·
1197 1329 1507 1422 Romanorum
1544 1399 1557 1436 ,
1597 1322 1794 1425 deductis

334 1472 523 1616 Augusti
550 1463 749 1571 ¹Caesaris
783 1460 970 1561 emeritis
1010 1461 1261 1583 militibus,
1301 1473 1425 1596 cujus
1457 1499 1647 1567 veterem
1678 1506 1797 1609 opu·

334 1620 515 1721 lentiam
544 1613 760 1714 declarant
792 1600 1020 1707 manifesta
1056 1608 1267 1750 vestigia,
1286 1606 1392 1708 circi
1419 1608 1475 1708 ad
1508 1608 1635 1709 ludos
1667 1650 1795 1752 eque·

336 1801 475 1879 stres,
505 1755 786 1894 theatrique,
819 1784 863 1848 et
901 1751 1045 1891 stagni
1079 1753 1135 1852 ad
1178 1750 1466 1853 naumachiae
1511 1751 1678 1874 ludos,
1717 1753 1798 1894 qui

334 1907 455 2006 locus
505 1938 568 2002 est
605 1909 726 2030 juxta
764 1892 982 1994 theatrum
1021 1893 1266 2035 praealtus,
1300 1930 1343 1996 et
1380 1894 1505 2037 quasi
1558 1896 1616 1996 ad
1668 1897 1798 1997 circi·

334 2088 444 2152 num
478 2082 588 2147 terra
631 2038 785 2141 effossa
837 2032 1125 2140 orbiculatus.
1165 2041 1378 2140 Visuntur
1414 2073 1636 2178 praeterea
1680 2042 1800 2140 duo-

333 2230 432 2293 rum
465 2187 814 2330 aquaeductuum
848 2178 1053 2282 sublimes
1084 2221 1161 2324 per
1193 2182 1291 2281 loca
1319 2181 1497 2282 dimissa
1527 2219 1668 2323 partes
1709 2185 1803 2284 rui·

334 2372 535 2476 naeque,
565 2365 761 2471 quorum
795 2322 903 2423 alter
935 2324 993 2423 ad
1024 2321 1315 2427 >naumachiae
1351 2324 1495 2426 lacum
1529 2324 1800 2466 pertinebat.

331 2489 478 2580 Exstat
510 2474 643 2574 etiam
677 2508 795 2570 nunc
827 2466 901 2565 via
938 2467 1136 2568 militaris
1167 2468 1313 2610 glarea
1345 2501 1475 2568 strata
1510 2470 1813 2611 munitaque,

338 2661 453 2763 quae
481 2615 539 2718 ab
571 2612 764 2717 Emerita
793 2607 898 2710 hinc
932 2610 1270 2731 Salmanticam,
1307 2609 1427 2711 illinc
1459 2611 1685 2752 Hispalim
1723 2617 1805 2715 du·
1938 2646 1956 2744 ᾗ

334 2767 431 2882 cit,
469 2759 686 2900 lapidibus
720 2751 1026 2856 milliariorum
1060 2754 1319 2876 intervalla,
1357 2795 1452 2857 non
1485 2755 1704 2898 singulis,
1729 2761 1799 2861 sed
1945 2747 1969 2818 ²

336 2905 485 3050 quinis
521 2901 649 3002 simul
678 2900 877 3039 senisque
903 2894 1312 3039 distinguentibus,
1346 2900 1535 3000 rotunda
1574 2899 1797 3006 columna·
1949 2908 1983 2936 ‘

336 3087 524 3190 rumque
552 3040 695 3144 forma
734 3043 868 3182 paulo
899 3073 1062 3142 statura
1097 3041 1289 3169 humana
1311 3041 1669 3183 procerioribus.
1705 3055 1801 3147 Ho·
1950 3049 1998 3080 ‘

337 3233 436 3297 tum
476 3223 597 3291 erant
630 3185 828 3326 inscripti
856 3183 1026 3305 multi,
1059 3188 1134 3287 sed
1167 3185 1321 3288 litteris
1355 3196 1446 3319 jam
1480 3219 1695 3288 vetustate
1730 3191 1802 3290 de-
1954 3201 2004 3233 “
2068 3177 2076 3288 l

249 3447 251 3450 Α
340 3337 468 3456 letis,
501 3368 667 3473 praeter
697 3331 941 3437 admodum
973 3367 1172 3469 paucos,
1202 3368 1396 3473 quorum
1429 3368 1570 3431 unum
1607 3372 1660 3430 ex
1698 3372 1803 3456 sex,
1946 3374 2003 3426 ιι
2059 3330 2067 3446 l

340 3479 531 3621 opinor,
551 3476 662 3578 inter
696 3484 914 3614 Caparam
947 3508 991 3573 et
1028 3471 1326 3577 Carcabosum
1351 3474 1501 3576 vicum
1535 3475 1804 3615 reperimus,
1930 3529 1998 3578 υ

341 3625 481 3757 (nam
523 3655 568 3719 et
609 3658 695 3760 ego
734 3613 876 3723 officii
906 3616 1067 3764 ‘gratia
1104 3616 1497 3761 Carthaginensem
1542 3619 1805 3724 Pontificem
1909 3644 1990 3714 tn
2039 3664 2045 3761 p

341 3764 610 3900 assectabar)
639 3769 761 3894 cujus
793 3765 855 3867 sic
888 3759 1079 3867 habebat
1111 3761 1371 3906 inscriptio:

622 3982 757 4079 IMP.
812 3981 1090 4084 CAESAR

627 4156 775 4249 DIVI
831 4151 1143 4251 TRAIANI
1209 4149 1355 4254 PAR·

626 4321 838 4419 THICI.
889 4330 932 4418 Ρ.
981 4328 1150 4421 DIVI.
1210 4317 1356 4421 NER'

629 4488 788 4592 tVAE.
838 4489 1081 4593 NEPOS.
1131 4489 1366 4593 TRA1A·

2029 3808 2036 3919 l
