3998 5850
515 449 604 560 426
843 521 845 527 .
896 459 983 539 oe
1015 457 1212 539 nauus
1252 456 1482 541 cussis

552 624 744 718 xxm„
793 623 1106 713 Convenerunt
1141 648 1287 714 autem
1320 611 1568 719 Passavium
1604 618 1701 714 Rex
1754 624 1943 716 Fernan-

487 764 566 863 dus
617 796 660 859 et
699 758 897 858 Albettus
934 757 1135 856 Bauariae
1184 769 1332 864 Dux3
1374 792 1584 897 praeterea
1638 755 1790 856 Caroli
1824 770 1938 859 Cae·

489 906 586 1006 satis
636 898 679 1002 et
719 901 968 1001 Electorum
1019 899 1225 999 omnium
1269 900 1545 1039 aliorumque
1594 898 1851 1053 Principum
1889 939 1934 1003 et

392 1083 395 1088 ·
489 1044 849 1208 quarumdam
813 1044 1045 1143 civitatum
1077 1040 1536 1204 legati‚1nquorum
1564 1064 1787 1142 conventu
1810 1054 1933 1146 Mau

489 1229 617 1292 nctus
654 1187 784 1288 verba
822 1181 958 1305 facit,
991 1185 1338 1355 Germaniaeque
1374 1184 1675 1285 conditionem
1716 1187 1930 1326 deplorat,

492 1375 604 1474 quae
640 1333 694 1435 ab
724 1329 908 1431 externis
958 1369 1061 1430 cum
1100 1330 1260 1462 injuria
1293 1340 1613 1428 Germanorum
1661 1329 1927 1431 administre

491 1514 607 1576 tut
599 1544 610 1582 ,
645 1485 709 1637 jus
767 1511 810 1573 et
844 1475 1145 1574 auctoritatem
1189 1472 1440 1613 Principum
1475 1472 1726 1572 Electorum
1754 1471 1923 1612 plurifa-

491 1619 600 1719 riam
637 1617 779 1719 minui
808 1617 1124 1754 conqueritur,
1163 1651 1206 1713 et
1239 1617 1424 1716 rationes
1461 1615 1612 1756 excogi
1596 1616 1698 1723 itari
1723 1616 1918 1755 ,quibus

475 1772 559 1894 ¹jus
596 1759 788 1901 suffragii
835 1755 1103 1858 Electoribus
1156 1758 1420 1897 eripiatur,
1474 1796 1697 1858 externum
1750 1763 1912 1860 militem

493 1905 543 2005 in
579 1902 837 2005 Germaniae
874 1902 1144 2040 perniciem
1163 1901 1446 2021 inductum,
1485 1904 1687 2001 eamdem
1746 1904 1909 2041 pecuniis

494 2084 537 2147 et
573 2046 736 2147 bellicis
773 2047 1003 2144 tormentis
1052 2041 1270 2143 exhauriri
1307 1979 1626 2184 ,multaque
1616 2061 1668 2144 m'
1705 2085 1802 2147 eam
1834 2087 1907 2146 sen-

493 2190 679 2290 tentiam
717 2189 919 2305 disserit,
945 2223 995 2295 ut
1013 2188 1295 2289 Germaniam
1330 2227 1466 2327 paene
1492 2188 1540 2287 in
1559 2188 1809 2289 servitutem
1839 2191 1908 2290 red·

492 2369 634 2432 actam
673 2371 758 2431 csse
791 2332 971 2430 doceat.
1025 2331 1200 2452 Quibus
1235 2331 1357 2430 malis
1388 2332 1514 2439 latius
1546 2333 1593 2432 in
1627 2331 1720 2431 dies
1762 2371 1906 2472 serpen·

493 2475 608 2576 tibus
648 2511 872 2574 occurrere
909 2468 1041 2613 atque
1076 2473 1273 2593 mederi,
1310 2475 1500 2574 maxime
1538 2475 1721 2612 quidem
1758 2478 1809 2574 ad
1841 2487 1908 2574 Ca-

491 2619 574 2718 toli
612 2616 852 2735 Caesaris,
893 2618 965 2715 sed
1015 2617 1174 2757 partim
1212 2616 1345 2717 etiam
1383 2620 1438 2718 ad
1470 2617 1725 2759 Principum
1761 2629 1911 2720 Germa·

490 2800 650 2861 norum
689 2796 730 2861 et
763 2759 993 2860 civitatum
1026 2774 1199 2907 Senatus
1232 2836 1247 2880 ,
1281 2798 1324 2863 et
1360 2761 1698 2900 Magistratuum
1741 2756 1912 2863 officium

489 2905 731 3045 pertinere
723 2971 734 3010 ‚
753 2904 860 3003 illud
897 2903 1092 3002 veroin
1116 2904 1267 3045 primis
1307 2942 1402 3005 tum
1441 2905 1630 3036 justitiae
1665 2944 1708 3004 et
1748 2903 1913 3043 aequita-

368 3151 369 3158 Ν
493 3047 548 3145 tis
590 3046 754 3146 Caroli
776 3046 1003 3165 Caesaris,
1033 3081 1130 3145 tum
1168 3049 1428 3148 Germaniae
1466 3048 1689 3189 dignitatis
1726 3049 1915 3148 rationem

490 3190 756 3327 postulate,
796 3223 846 3287 ut
889 3191 1228 3329 Lantgtavius,
1265 3191 1346 3353 qui
1387 3200 1475 3322 jam
1514 3192 1721 3333 quintum
1777 3226 1916 3290 annum

491 3330 674 3472 indigna
716 3330 911 3431 custodia
956 3333 1234 3453 retineatur,
1272 3335 1320 3434 in
1365 3335 1612 3437 libertatem
1665 3334 1915 3435 vindicetur.

492 3479 560 3573 Ac
596 3474 836 3575 Mauricius
874 3473 1108 3635 quidem
1095 3515 1143 3575 rn
1178 3475 1291 3577 hanc
1333 3479 1590 3578 sententiam
1628 3477 1801 3578 locutus
1845 3512 1916 3576 est.

563 3628 713 3718 XXX
786 3619 1010 3717 Fraxineus
1047 3656 1195 3721 autem
1231 3621 1415 3721 Henrici
1439 3623 1576 3762 Regis
1607 3621 1775 3762 legatus
1813 3621 1920 3754 (narn

492 3754 578 3857 hic
597 3799 777 3901 quoque
819 3762 1064 3861 Passavium
1102 3768 1308 3898 venerat)
1349 3760 1525 3865 facta
1513 3804 1560 3865 m
1602 3801 1826 3865 conventu
1869 3761 1923 3861 di·

491 3904 619 4027 cendi
655 3900 905 4023 facultate,
956 3908 1010 4006 de
1067 3944 1213 4008 vetere
1250 3906 1477 4009 Gallorum
1520 3916 1925 4047 Germanorumque

490 4024 803 4146 necessitudine
835 4046 986 4146 multis
1021 4046 1165 4150 verbis
1215 4049 1441 4171 disseruit,
1483 4086 1527 4152 et
1566 4045 1714 4151 officia
1759 4089 1932 4168 mutua,

490 4188 652 4327 quibus
686 4190 884 4330 plurimis
915 4229 1070 4290 eorum
1106 4192 1301 4296 amicitia
1331 4128 1587 4296 conlirmata
1622 4190 1799 4312 fuisset,
1818 4231 1934 4292 com·

488 4336 785 4489 memoravit3
813 4368 906 4471 tum
932 4339 1163 4476 quaedam
1200 4338 1255 4436 ad
1292 4339 1440 4440 Caroli
1476 4337 1661 4438 Caesaris
1713 4372 1936 4499 tamquam

487 4470 639 4631 injuste
676 4513 719 4577 et
755 4517 880 4578 avare
911 4480 1183 4580 Germanis
1143 4483 1418 4644 imperantis
1454 4481 1669 4581 invidiam
1717 4516 1935 4622 pertmen·

487 4613 548 4712 tia
579 4622 836 4759 proposuit,
854 4659 896 4722 et
935 4623 1038 4722 de
1026 4625 1190 4754 tnjutiis
1226 4666 1250 4724 a
1288 4625 1450 4727 Carolo
1486 4625 1603 4765 Regi
1637 4662 1750 4743 sun,
1772 4659 1821 4724 et
1850 4623 1938 4723 illa·

485 4790 534 4858 to
570 4758 715 4884 bello,
748 4801 791 4864 et
823 4763 952 4870 rebus
987 4765 1176 4890 ablatis,
1196 4807 1306 4873 vana
1345 4803 1388 4870 ct
1423 4769 1676 4914 impudente
1714 4769 1938 4927 querimo-

1865 4947 1936 5011 ma
