3998 5850
363 369 365 372 ⁴
431 419 673 505 cauom
714 417 768 500 u.
814 419 930 499 trs.
967 419 1135 499 xxvu.
1396 423 1505 541 42¹)

68 580 273 689 consultis
310 576 557 722 quidquam
594 609 802 674 statuere.
842 584 994 713 Itaque
1031 571 1229 713 placuit,
1266 611 1317 678 ut
1334 581 1528 685 ''Mauri-

66 732 157 833 cius
194 729 251 828 ad
287 723 427 824 socios
462 754 775 837 reverteretur,
791 749 835 815 et
871 715 1056 818 consilio
1093 757 1199 821 cunr
1234 721 1292 821 eis
1327 764 1528 830 commu-

70 873 220 974 nicato
258 868 307 968 in
348 861 627 1002 colloquium
668 861 867 971 redirct3
906 860 979 962 cui
1022 861 1250 1003 colloquio
1293 865 1415 969 locus
1456 874 1533 974 di-

70 1052 164 1117 ctus
201 1011 354 1114 estad
390 1004 638 1108 Passavium
674 1004 895 1146 oppidum
945 1003 1060 1107 inter
1095 1007 1298 1108 Lincium
1353 1046 1395 1111 et
1438 1026 1530 1117 Ra.
1650 1029 1653 1041 '

71 1155 322 1274 risbouam,
366 1192 454 1294 qua
489 1158 641 1249 Ocnus
678 1147 834 1249 lluvius
869 1149 916 1250 in
949 1148 1210 1252 Danubium
1246 1152 1421 1265 inlluit3
1443 1158 1531 1259 dies

71 1335 218 1403 autem
254 1300 310 1399 ad
347 1293 594 1436 septimum
621 1288 917 1395 Kalendarum
955 1293 1114 1429 Junii,
1142 1333 1168 1392 a
1193 1334 1286 1435 quo
1322 1297 1394 1398 die
1424 1339 1532 1440 qua-

72 1443 324 1545 tuordecim
361 1439 530 1541 dierum
574 1433 777 1539 induciae
822 1435 954 1578 paulo
992 1470 1092 1575 post
1135 1475 1285 1576 pactae
1327 1434 1531 1568 fuerunt.v

74 1586 315 1687 Mauricius
353 1570 403 1684 in
439 1616 575 1681 eastra
610 1616 801 1679 reversus
814 1656 829 1700 ,
854 1619 966 1720 quac
983 1578 1241 1681 Guilielmus
1276 1587 1535 1727 Lantgravii

74 1727 218 1850 lilius,
240 1765 284 1829 et
321 1721 524 1829 Albertus
560 1719 873 1862 Melbergensis
909 1722 964 1820 ad
988 1722 1268 1863 Laugingam
1295 1723 1535 1849 habebant,

72 1869 266 1972 Othonis
298 1867 480 1969 Henrici
514 1862 698 1964 Palatini
733 1867 952 2005 oppidum
989 1865 1129 1993 (nam
1146 1865 1275 1997 hujus
1297 1867 1419 1969 >fines
1455 1912 1535 1971 oc*

74 2048 334 2157 cupaverant
351 2014 376 2144 )
407 2006 557 2147 copias
594 2039 830 2127 recenset,
868 2043 1136 2147 movensque
1181 2009 1264 2109 iter
1307 2013 1362 2111 ad
1405 2014 1539 2154 Alpes

74 2156 260 2264 flectits
309 2193 413 2255 nam
456 2147 854 2289 Brandeburgensis
891 2149 1056 2248 interea
1098 2188 1201 2251 cum
1243 2152 1327 2253 suis
1369 2157 1540 2295 copiis,

76 2337 272 2438 quarum
293 2331 517 2396 numerus
561 2324 649 2389 erat
685 2289 886 2429 equitum
922 2293 1146 2412 duorum,
1184 2296 1387 2432 peditum
1436 2338 1540 2401 vero

77 2443 135 2541 ad
177 2443 329 2543 decern
374 2435 586 2550 millium,
622 2429 679 2529 ab
715 2431 796 2534 illis
833 2433 1043 2575 digressus
1079 2431 1262 2561 luerat,
1299 2476 1342 2539 et
1390 2482 1457 2542 eas
1493 2442 1542 2543 in
1583 2564 1585 2568 ι

76 2581 185 2684 fines
233 2578 479 2722 Volsgangi
526 2570 691 2674 ordinis
734 2572 972 2676 Teutonici
1016 2579 1261 2717 Magistri,
1303 2583 1460 2683 deinde
1494 2585 1543 2684 in

77 2722 452 2866 Noribergensem
487 2753 645 2860 agrum
670 2712 781 2818 nihil
816 2714 873 2818 ab
903 2716 1073 2851 injuriis
1109 2753 1152 2817 ct
1177 2721 1397 2828 maleficio
1430 2761 1541 2827 tem-z

83 2907 238 3010 perans
274 2868 535 2969 induxerat·
1287 2950 1290 2955 Α
1368 2952 1370 2956 ,
1419 2955 1422 2961 ,
1521 2910 1538 2960 ·:

152 3020 311 3138 XXIH.
384 3022 508 3110 Dum
544 3001 650 3103 haec
686 3005 742 3103 ad
778 3004 1059 3109 Germaniam
1096 3042 1337 3149 geruntur,
1368 3013 1541 3113 ,Hemi-

84 3192 160 3254 cus
195 3148 291 3256 Rex
328 3151 551 3252 Gallorum
607 3184 710 3245 curn
752 3185 870 3289 parte
914 3149 1187 3289 copiarum,
1230 3192 1345 3293 quas·
1388 3154 1541 3294 ingen..

83 3331 147 3396 tes
182 3311 416 3436 coegerat,
456 3298 587 3392 Anna
623 3292 928 3392 Memoransio
964 3292 1255 3393 Comcstabili
1291 3301 1542 3398 antecedere

82 3447 239 3572 jusso,
275 3438 368 3575 ipse
403 3473 508 3535 cum
543 3428 720 3568 reliquis
757 3432 1071 3577 subsequitur,
1110 3434 1275 3536 nuntiis
1312 3473 1355 3536 et
1391 3438 1540 3540 litteris
1653 3490 1654 3493 Ν

86 3582 144 3681 ad
180 3578 347 3721 oppida
394 3572 703 3718 Imperatoriae
739 3577 958 3692 ditionis,
992 3616 1084 3716 qua
1118 3577 1201 3677 iter
1236 3571 1375 3681 facere
1411 3582 1539 3722 cogi÷

84 3720 237 3842 rabat,
274 3721 505 3842 dimissis,
546 3711 707 3859 quibus
743 3721 798 3821 de
834 3760 914 3822 suo
949 3721 995 3821 in
1030 3720 1314 3821 Germaniam
1347 3725 1539 3845 adventu

85 3865 287 3966 certiores
322 3861 521 3983 faceret,
557 3894 708 4000 petens
747 3863 875 3963 simul
922 3901 1211 4004 rogansque,
1251 3899 1303 3964 ut
1341 3863 1426 3965 sibi
1482 3870 1538 3966 ad

85 4044 372 4108 communem
423 4000 679 4106 Germaniae
739 4005 983 4107 libertatem
1043 4007 1312 4108 asserendam
1365 4005 1538 4147 profici-1

9 4185 14 4194 ·
86 4148 228 4249 scenti
271 4148 467 4289 ipsorum
512 4147 738 4250 voluntate
782 4149 927 4285 liceret
968 4187 1046 4287 per
1094 4188 1251 4248 eorum
1301 4147 1406 4249 fines
1447 4150 1538 4251 sine

86 4291 256 4422 injuriis
298 4292 356 4390 ct*
383 4290 598 4391 maleficio
642 4294 790 4432 copias
835 4293 1038 4393 inducere
1072 4368 1089 4411 ,
1139 4329 1217 4392 nec
1244 4330 1536 4432 gravarentur

90 4471 357 4536 commeatus
400 4432 632 4558 communi
678 4435 818 4575 pretio
864 4433 1190 4532 transeuntibus:
1229 4437 1537 4574 suppeditaret

88 4587 197 4693 Quo
233 4579 338 4678 dolo
375 4613 418 4680 et
453 4577 679 4681 amicitiae·
708 4575 985 4679 simulatione
1033 4576 1339 4679 Comcstabilis
1353 4581 1358 4589 ’
1374 4581 1538 4681 Metini

84 4721 414 4859 Imperatoriam
446 4718 626 4858 urbem
662 4763 719 4853 eu
761 4718 982 4862 primariis
1023 4719 1252 4862 occupauit
1285 4719 1537 4860 „deceptis

77 4902 83 4911 ’
1442 4870 1541 4962 Me-
