<?xml version="1.0" encoding="UTF-8"?>
<!DOCTYPE html PUBLIC "-//W3C//DTD XHTML 1.0 Transitional//EN"
    "http://www.w3.org/TR/xhtml1/DTD/xhtml1-transitional.dtd">
<html xmlns="http://www.w3.org/1999/xhtml" xml:lang="en" lang="en">
 <head>
  <title>
</title>
<meta http-equiv="Content-Type" content="text/html;charset=utf-8" />
  <meta name='ocr-system' content='tesseract 3.04.00' />
  <meta name='ocr-capabilities' content='ocr_page ocr_carea ocr_par ocr_line ocrx_word'/>
</head>
<body>
  <div class='ocr_page' id='page_1' title='image "./joannisgenesiis00sepgoog_0023.png"; bbox 0 0 4110 5888; ppageno 0'>
   <div class='ocr_carea' id='block_1_1' title="bbox 465 387 1398 479">
    <p class='ocr_par' dir='ltr' id='par_1_1' title="bbox 465 338 1398 479">
     <span class='ocr_line' id='line_1_1' title="bbox 465 387 1398 479; baseline -0.017 -6"><span class='ocrx_word' id='word_1_1' title='bbox 465 402 544 474; x_wconf 78' lang='lat' dir='ltr'>ma</span> <span class='ocrx_word' id='word_1_2' title='bbox 860 387 1398 479; x_wconf 54' lang='lat' dir='ltr'>,summnurum</span> 
     </span>
    </p>
   </div>
   <div class='ocr_carea' id='block_1_2' title="bbox 395 513 2046 4525">
    <p class='ocr_par' dir='ltr' id='par_1_2' title="bbox 395 513 1925 1222">
     <span class='ocr_line' id='line_1_2' title="bbox 520 513 1921 633; baseline -0.007 -24"><span class='ocrx_word' id='word_1_3' title='bbox 520 529 587 609; x_wconf 92' lang='lat' dir='ltr'>Vl.</span> <span class='ocrx_word' id='word_1_4' title='bbox 662 529 722 610; x_wconf 86' lang='lat' dir='ltr'>Ex</span> <span class='ocrx_word' id='word_1_5' title='bbox 773 518 941 607; x_wconf 68' lang='lat' dir='ltr'>&#39;Arevalo</span> <span class='ocrx_word' id='word_1_6' title='bbox 982 515 1158 602; x_wconf 89' lang='lat' dir='ltr'>Torsillas</span> <span class='ocrx_word' id='word_1_7' title='bbox 1218 572 1219 575; x_wconf 18' lang='grc' dir='ltr'><strong><em>κ</em></strong></span> <span class='ocrx_word' id='word_1_8' title='bbox 1270 519 1351 600; x_wconf 74' lang='lat' dir='ltr'>XI.</span> <span class='ocrx_word' id='word_1_9' title='bbox 1398 516 1671 603; x_wconf 89' lang='lat' dir='ltr'>Gandavenses</span> <span class='ocrx_word' id='word_1_10' title='bbox 1684 513 1830 633; x_wconf 82' lang='lat' dir='ltr'>legatos</span> <span class='ocrx_word' id='word_1_11' title='bbox 1847 515 1921 600; x_wconf 90' lang='lat' dir='ltr'>hoc</span> 
     </span>
     <span class='ocr_line' id='line_1_3' title="bbox 448 633 1922 759; baseline -0.005 -32"><span class='ocrx_word' id='word_1_12' title='bbox 448 642 727 759; x_wconf 77' lang='lat' dir='ltr'>progreditur,</span> <span class='ocrx_word' id='word_1_13' title='bbox 764 639 949 755; x_wconf 83' lang='lat' dir='ltr'>Reginam</span> <span class='ocrx_word' id='word_1_14' title='bbox 1004 659 1161 719; x_wconf 90' lang='lat' dir='ltr'>matrem</span> <span class='ocrx_word' id='word_1_15' title='bbox 1212 634 1399 720; x_wconf 89' lang='lat' dir='ltr'>initinere</span> <span class='ocrx_word' id='word_1_16' title='bbox 1440 636 1600 741; x_wconf 89' lang='lat' dir='ltr'>obvios,</span> <span class='ocrx_word' id='word_1_17' title='bbox 1628 664 1763 749; x_wconf 91' lang='lat' dir='ltr'>patum</span> <span class='ocrx_word' id='word_1_18' title='bbox 1794 633 1922 720; x_wconf 89' lang='lat' dir='ltr'>leniter</span> 
     </span>
     <span class='ocr_line' id='line_1_4' title="bbox 452 749 1917 871; baseline -0.004 -26"><span class='ocrx_word' id='word_1_19' title='bbox 452 762 694 845; x_wconf 90' lang='lat' dir='ltr'>salutaturus.</span> <span class='ocrx_word' id='word_1_20' title='bbox 737 757 931 842; x_wconf 89' lang='lat' dir='ltr'>Valdolito</span> <span class='ocrx_word' id='word_1_21' title='bbox 971 749 1157 869; x_wconf 84' lang='lat' dir='ltr'>profectus</span> <span class='ocrx_word' id='word_1_22' title='bbox 1214 780 1386 871; x_wconf 87' lang='lat' dir='ltr'>acceptos</span> <span class='ocrx_word' id='word_1_23' title='bbox 1432 755 1592 840; x_wconf 90' lang='lat' dir='ltr'>domum</span> <span class='ocrx_word' id='word_1_24' title='bbox 1635 753 1753 839; x_wconf 90' lang='lat' dir='ltr'>redire</span> <span class='ocrx_word' id='word_1_25' title='bbox 1798 755 1917 866; x_wconf 74' lang='lat' dir='ltr'>iubet.</span> 
     </span>
     <span class='ocr_line' id='line_1_5' title="bbox 453 870 1922 987; baseline -0.005 -23"><span class='ocrx_word' id='word_1_26' title='bbox 453 879 702 964; x_wconf 85' lang='lat' dir='ltr'>Fontisrabiae</span> <span class='ocrx_word' id='word_1_27' title='bbox 743 875 928 977; x_wconf 85' lang='lat' dir='ltr'>Catulum</span> <span class='ocrx_word' id='word_1_28' title='bbox 964 871 1162 956; x_wconf 81' lang='lat' dir='ltr'>Gallorum</span> <span class='ocrx_word' id='word_1_29' title='bbox 1216 873 1390 958; x_wconf 86' lang='lat' dir='ltr'>Bruxellis</span> <span class='ocrx_word' id='word_1_30' title='bbox 1408 870 1623 987; x_wconf 90' lang='lat' dir='ltr'>profectus,</span> <span class='ocrx_word' id='word_1_31' title='bbox 1640 877 1922 956; x_wconf 91' lang='lat' dir='ltr'>Germanorum</span> 
     </span>
     <span class='ocr_line' id='line_1_6' title="bbox 457 989 1925 1112; baseline -0.003 -32"><span class='ocrx_word' id='word_1_32' title='bbox 457 998 570 1112; x_wconf 90' lang='lat' dir='ltr'>Regis</span> <span class='ocrx_word' id='word_1_33' title='bbox 602 996 744 1097; x_wconf 85' lang='lat' dir='ltr'>lilium,</span> <span class='ocrx_word' id='word_1_34' title='bbox 772 1019 812 1078; x_wconf 93' lang='lat' dir='ltr'>et</span> <span class='ocrx_word' id='word_1_35' title='bbox 840 998 992 1078; x_wconf 83' lang='lat' dir='ltr'>Annam</span> <span class='ocrx_word' id='word_1_36' title='bbox 1024 993 1162 1074; x_wconf 89' lang='lat' dir='ltr'>Come·</span> <span class='ocrx_word' id='word_1_37' title='bbox 1217 990 1267 1074; x_wconf 92' lang='lat' dir='ltr'>ad</span> <span class='ocrx_word' id='word_1_38' title='bbox 1296 1016 1460 1105; x_wconf 88' lang='lat' dir='ltr'>quatuor</span> <span class='ocrx_word' id='word_1_39' title='bbox 1493 991 1602 1074; x_wconf 90' lang='lat' dir='ltr'>millia</span> <span class='ocrx_word' id='word_1_40' title='bbox 1633 989 1775 1075; x_wconf 88' lang='lat' dir='ltr'>delecta</span> <span class='ocrx_word' id='word_1_41' title='bbox 1809 1022 1925 1076; x_wconf 93' lang='lat' dir='ltr'>manu</span> 
     </span>
     <span class='ocr_line' id='line_1_7' title="bbox 395 1108 1923 1222; baseline -0.004 -23"><span class='ocrx_word' id='word_1_42' title='bbox 395 1157 396 1165; x_wconf 16' lang='grc' dir='ltr'><strong><em>Ν</em></strong></span> <span class='ocrx_word' id='word_1_43' title='bbox 459 1114 624 1199; x_wconf 88' lang='lat' dir='ltr'>stabilem</span> <span class='ocrx_word' id='word_1_44' title='bbox 657 1114 791 1198; x_wconf 90' lang='lat' dir='ltr'>obvios</span> <span class='ocrx_word' id='word_1_45' title='bbox 832 1111 967 1194; x_wconf 90' lang='lat' dir='ltr'>haber.</span> <span class='ocrx_word' id='word_1_46' title='bbox 1025 1112 1081 1191; x_wconf 91' lang='lat' dir='ltr'>Re</span> <span class='ocrx_word' id='word_1_47' title='bbox 1110 1110 1164 1192; x_wconf 92' lang='lat' dir='ltr'>ios</span> <span class='ocrx_word' id='word_1_48' title='bbox 1218 1109 1560 1213; x_wconf 84' lang='lat' dir='ltr'>antecedentibus,</span> <span class='ocrx_word' id='word_1_49' title='bbox 1594 1132 1633 1192; x_wconf 88' lang='lat' dir='ltr'>et</span> <span class='ocrx_word' id='word_1_50' title='bbox 1655 1108 1752 1191; x_wconf 91' lang='lat' dir='ltr'>mille</span> <span class='ocrx_word' id='word_1_51' title='bbox 1791 1109 1923 1222; x_wconf 89' lang='lat' dir='ltr'>equiti-</span> 
     </span>
    </p>

    <p class='ocr_par' dir='ltr' id='par_1_3' title="bbox 459 1139 1929 2168">
     <span class='ocr_line' id='line_1_8' title="bbox 460 1139 1923 1345; baseline -0.001 -31"><span class='ocrx_word' id='word_1_52' title='bbox 460 1230 552 1316; x_wconf 83' lang='lat' dir='ltr'>fines</span> <span class='ocrx_word' id='word_1_53' title='bbox 575 1232 738 1345; x_wconf 89' lang='lat' dir='ltr'>ingresso</span> <span class='ocrx_word' id='word_1_54' title='bbox 753 1229 937 1312; x_wconf 90' lang='lat' dir='ltr'>Henticus</span> <span class='ocrx_word' id='word_1_55' title='bbox 952 1225 1043 1310; x_wconf 89' lang='lat' dir='ltr'>alter</span> <span class='ocrx_word' id='word_1_56' title='bbox 1072 1139 1164 1311; x_wconf 58' lang='lat' dir='ltr'>dius</span> <span class='ocrx_word' id='word_1_57' title='bbox 1220 1225 1289 1310; x_wconf 92' lang='lat' dir='ltr'>bus</span> <span class='ocrx_word' id='word_1_58' title='bbox 1326 1226 1566 1340; x_wconf 85' lang='lat' dir='ltr'>cataphractis</span> <span class='ocrx_word' id='word_1_59' title='bbox 1597 1227 1923 1340; x_wconf 88' lang='lat' dir='ltr'>subsequentibus,</span> 
     </span>
     <span class='ocr_line' id='line_1_9' title="bbox 461 1343 1698 1460; baseline -0.008 -26"><span class='ocrx_word' id='word_1_60' title='bbox 461 1350 596 1435; x_wconf 90' lang='lat' dir='ltr'>obvius</span> <span class='ocrx_word' id='word_1_61' title='bbox 616 1347 686 1449; x_wconf 89' lang='lat' dir='ltr'>ht,</span> <span class='ocrx_word' id='word_1_62' title='bbox 708 1348 966 1460; x_wconf 72' lang='lat' dir='ltr'>Baionamque</span> <span class='ocrx_word' id='word_1_63' title='bbox 991 1344 1164 1449; x_wconf 84' lang='lat' dir='ltr'>intranti,</span> <span class='ocrx_word' id='word_1_64' title='bbox 1220 1345 1451 1432; x_wconf 90' lang='lat' dir='ltr'>Gandavum</span> <span class='ocrx_word' id='word_1_65' title='bbox 1476 1343 1698 1459; x_wconf 84' lang='lat' dir='ltr'>ingreditur.</span> 
     </span>
     <span class='ocr_line' id='line_1_10' title="bbox 460 1462 1924 1582; baseline -0.002 -30"><span class='ocrx_word' id='word_1_66' title='bbox 460 1495 500 1552; x_wconf 90' lang='lat' dir='ltr'>et</span> <span class='ocrx_word' id='word_1_67' title='bbox 533 1496 774 1582; x_wconf 88' lang='lat' dir='ltr'>quacumque</span> <span class='ocrx_word' id='word_1_68' title='bbox 804 1465 959 1567; x_wconf 84' lang='lat' dir='ltr'>transit,</span> <span class='ocrx_word' id='word_1_69' title='bbox 983 1463 1021 1545; x_wconf 93' lang='lat' dir='ltr'>in</span> <span class='ocrx_word' id='word_1_70' title='bbox 1046 1462 1165 1545; x_wconf 91' lang='lat' dir='ltr'>omni·</span> <span class='ocrx_word' id='word_1_71' title='bbox 1280 1466 1362 1547; x_wconf 90' lang='lat' dir='ltr'>Xll.</span> <span class='ocrx_word' id='word_1_72' title='bbox 1404 1462 1645 1576; x_wconf 83' lang='lat' dir='ltr'>Popularium</span> <span class='ocrx_word' id='word_1_73' title='bbox 1669 1464 1924 1576; x_wconf 86' lang='lat' dir='ltr'>quorumdam</span> 
     </span>
     <span class='ocr_line' id='line_1_11' title="bbox 462 1580 1925 1698; baseline -0.001 -29"><span class='ocrx_word' id='word_1_74' title='bbox 462 1586 532 1668; x_wconf 94' lang='lat' dir='ltr'>bus</span> <span class='ocrx_word' id='word_1_75' title='bbox 559 1584 702 1669; x_wconf 87' lang='lat' dir='ltr'>Galliae</span> <span class='ocrx_word' id='word_1_76' title='bbox 733 1584 877 1698; x_wconf 84' lang='lat' dir='ltr'>oppidis</span> <span class='ocrx_word' id='word_1_77' title='bbox 907 1581 1029 1668; x_wconf 87' lang='lat' dir='ltr'>claves</span> <span class='ocrx_word' id='word_1_78' title='bbox 1054 1580 1166 1697; x_wconf 90' lang='lat' dir='ltr'>Regis</span> <span class='ocrx_word' id='word_1_79' title='bbox 1222 1581 1401 1694; x_wconf 89' lang='lat' dir='ltr'>cupiditas</span> <span class='ocrx_word' id='word_1_80' title='bbox 1442 1581 1564 1697; x_wconf 92' lang='lat' dir='ltr'>legem</span> <span class='ocrx_word' id='word_1_81' title='bbox 1596 1581 1734 1693; x_wconf 75' lang='lat' dir='ltr'>jactans</span> <span class='ocrx_word' id='word_1_82' title='bbox 1767 1583 1817 1666; x_wconf 94' lang='lat' dir='ltr'>ad</span> <span class='ocrx_word' id='word_1_83' title='bbox 1856 1584 1925 1668; x_wconf 79' lang='lat' dir='ltr'>bo</span> 
     </span>
     <span class='ocr_line' id='line_1_12' title="bbox 462 1700 1921 1816; baseline -0.001 -29"><span class='ocrx_word' id='word_1_84' title='bbox 462 1703 561 1816; x_wconf 79' lang='lat' dir='ltr'>jussu</span> <span class='ocrx_word' id='word_1_85' title='bbox 581 1703 797 1788; x_wconf 90' lang='lat' dir='ltr'>traduntur.</span> <span class='ocrx_word' id='word_1_86' title='bbox 1223 1726 1360 1783; x_wconf 91' lang='lat' dir='ltr'>notum</span> <span class='ocrx_word' id='word_1_87' title='bbox 1376 1701 1638 1814; x_wconf 88' lang='lat' dir='ltr'>aequationem</span> <span class='ocrx_word' id='word_1_88' title='bbox 1654 1700 1921 1813; x_wconf 86' lang='lat' dir='ltr'>pertinentem:</span> 
     </span>
     <span class='ocr_line' id='line_1_13' title="bbox 460 1814 1929 1935; baseline -0.001 -32"><span class='ocrx_word' id='word_1_89' title='bbox 460 1826 462 1831; x_wconf 73' lang='grc'>’</span> <span class='ocrx_word' id='word_1_90' title='bbox 537 1824 620 1904; x_wconf 91' lang='lat' dir='ltr'>VII.</span> <span class='ocrx_word' id='word_1_91' title='bbox 692 1817 891 1935; x_wconf 77' lang='lat' dir='ltr'>Burdigala</span> <span class='ocrx_word' id='word_1_92' title='bbox 924 1879 936 1923; x_wconf 95' lang='lat'>,</span> <span class='ocrx_word' id='word_1_93' title='bbox 969 1817 1167 1923; x_wconf 88' lang='lat' dir='ltr'>Pictavio,</span> <span class='ocrx_word' id='word_1_94' title='bbox 1223 1817 1283 1899; x_wconf 92' lang='lat' dir='ltr'>cui</span> <span class='ocrx_word' id='word_1_95' title='bbox 1328 1814 1552 1933; x_wconf 84' lang='lat' dir='ltr'>refragantes</span> <span class='ocrx_word' id='word_1_96' title='bbox 1594 1817 1766 1922; x_wconf 89' lang='lat' dir='ltr'>divites,</span> <span class='ocrx_word' id='word_1_97' title='bbox 1811 1819 1929 1932; x_wconf 85' lang='lat' dir='ltr'>pristi-</span> 
     </span>
     <span class='ocr_line' id='line_1_14' title="bbox 459 1934 1927 2049; baseline -0.002 -22"><span class='ocrx_word' id='word_1_98' title='bbox 459 1937 636 2027; x_wconf 85' lang='lat' dir='ltr'>Ambasia</span> <span class='ocrx_word' id='word_1_99' title='bbox 670 1998 682 2041; x_wconf 97' lang='lat'>,</span> <span class='ocrx_word' id='word_1_100' title='bbox 726 1961 765 2022; x_wconf 91' lang='lat' dir='ltr'>et</span> <span class='ocrx_word' id='word_1_101' title='bbox 805 1936 954 2021; x_wconf 84' lang='lat' dir='ltr'>Aurelia</span> <span class='ocrx_word' id='word_1_102' title='bbox 1018 1935 1163 2049; x_wconf 93' lang='lat' dir='ltr'>oppidis</span> <span class='ocrx_word' id='word_1_103' title='bbox 1223 1963 1316 2017; x_wconf 93' lang='lat' dir='ltr'>num</span> <span class='ocrx_word' id='word_1_104' title='bbox 1348 1935 1502 2021; x_wconf 88' lang='lat' dir='ltr'>civitatis</span> <span class='ocrx_word' id='word_1_105' title='bbox 1542 1960 1681 2020; x_wconf 91' lang='lat' dir='ltr'>statum</span> <span class='ocrx_word' id='word_1_106' title='bbox 1720 1934 1793 2046; x_wconf 76' lang='lat' dir='ltr'>jam</span> <span class='ocrx_word' id='word_1_107' title='bbox 1818 1938 1927 2024; x_wconf 91' lang='lat' dir='ltr'>rebus</span> 
     </span>
     <span class='ocr_line' id='line_1_15' title="bbox 459 2051 1785 2168; baseline -0.002 -28"><span class='ocrx_word' id='word_1_108' title='bbox 459 2055 671 2140; x_wconf 88' lang='lat' dir='ltr'>transmissis</span> <span class='ocrx_word' id='word_1_109' title='bbox 705 2116 717 2159; x_wconf 95' lang='lat'>,</span> <span class='ocrx_word' id='word_1_110' title='bbox 764 2053 927 2139; x_wconf 78' lang='lat' dir='ltr'>lotchas</span> <span class='ocrx_word' id='word_1_111' title='bbox 974 2054 1166 2138; x_wconf 89' lang='lat' dir='ltr'>accedenti</span> <span class='ocrx_word' id='word_1_112' title='bbox 1224 2053 1333 2137; x_wconf 90' lang='lat' dir='ltr'>novis</span> <span class='ocrx_word' id='word_1_113' title='bbox 1361 2051 1541 2139; x_wconf 84' lang='lat' dir='ltr'>anteferre</span> <span class='ocrx_word' id='word_1_114' title='bbox 1564 2080 1785 2168; x_wconf 91' lang='lat' dir='ltr'>coeperant.</span> 
     </span>
    </p>

    <p class='ocr_par' dir='ltr' id='par_1_4' title="bbox 458 2172 1928 2521">
     <span class='ocr_line' id='line_1_16' title="bbox 458 2172 1927 2288; baseline 0.001 -30"><span class='ocrx_word' id='word_1_115' title='bbox 458 2177 542 2258; x_wconf 86' lang='lat' dir='ltr'>Rex</span> <span class='ocrx_word' id='word_1_116' title='bbox 566 2199 604 2259; x_wconf 92' lang='lat' dir='ltr'>et</span> <span class='ocrx_word' id='word_1_117' title='bbox 632 2173 781 2288; x_wconf 64' lang='lat' dir='ltr'>&#39;Regina</span> <span class='ocrx_word' id='word_1_118' title='bbox 820 2173 973 2259; x_wconf 87' lang='lat' dir='ltr'>obviam</span> <span class='ocrx_word' id='word_1_119' title='bbox 1018 2200 1165 2286; x_wconf 88' lang='lat' dir='ltr'>progte·</span> <span class='ocrx_word' id='word_1_120' title='bbox 1283 2173 1382 2256; x_wconf 89' lang='grc' dir='ltr'><strong>ΧΙΠ.</strong></span> <span class='ocrx_word' id='word_1_121' title='bbox 1442 2175 1587 2256; x_wconf 90' lang='lat' dir='ltr'>Verum</span> <span class='ocrx_word' id='word_1_122' title='bbox 1612 2172 1842 2258; x_wconf 88' lang='lat' dir='ltr'>adventante</span> <span class='ocrx_word' id='word_1_123' title='bbox 1857 2178 1927 2260; x_wconf 81' lang='lat' dir='ltr'>Ct-</span> 
     </span>
     <span class='ocr_line' id='line_1_17' title="bbox 462 2287 1928 2402; baseline 0.001 -26"><span class='ocrx_word' id='word_1_124' title='bbox 462 2291 651 2394; x_wconf 90' lang='lat' dir='ltr'>diuntur,</span> <span class='ocrx_word' id='word_1_125' title='bbox 684 2315 723 2375; x_wconf 87' lang='lat' dir='ltr'>et</span> <span class='ocrx_word' id='word_1_126' title='bbox 770 2291 809 2373; x_wconf 93' lang='lat' dir='ltr'>in</span> <span class='ocrx_word' id='word_1_127' title='bbox 847 2289 1168 2374; x_wconf 84' lang='lat' dir='ltr'>Fontenoblaeum</span> <span class='ocrx_word' id='word_1_128' title='bbox 1225 2287 1336 2393; x_wconf 92' lang='lat' dir='ltr'>rolo,</span> <span class='ocrx_word' id='word_1_129' title='bbox 1365 2319 1445 2374; x_wconf 92' lang='lat' dir='ltr'>non</span> <span class='ocrx_word' id='word_1_130' title='bbox 1478 2291 1599 2374; x_wconf 91' lang='lat' dir='ltr'>solum</span> <span class='ocrx_word' id='word_1_131' title='bbox 1622 2290 1753 2402; x_wconf 91' lang='lat' dir='ltr'>culpae</span> <span class='ocrx_word' id='word_1_132' title='bbox 1779 2293 1928 2378; x_wconf 81' lang='lat' dir='ltr'>ueniam</span> 
     </span>
     <span class='ocr_line' id='line_1_18' title="bbox 462 2404 1928 2521; baseline 0.003 -29"><span class='ocrx_word' id='word_1_133' title='bbox 462 2410 693 2520; x_wconf 86' lang='lat' dir='ltr'>praetorium</span> <span class='ocrx_word' id='word_1_134' title='bbox 724 2407 934 2493; x_wconf 88' lang='lat' dir='ltr'>deducunt.</span> <span class='ocrx_word' id='word_1_135' title='bbox 1226 2404 1291 2488; x_wconf 90' lang='lat' dir='ltr'>sibi</span> <span class='ocrx_word' id='word_1_136' title='bbox 1322 2406 1448 2491; x_wconf 89' lang='lat' dir='ltr'>civitas</span> <span class='ocrx_word' id='word_1_137' title='bbox 1476 2408 1597 2492; x_wconf 92' lang='lat' dir='ltr'>omnis</span> <span class='ocrx_word' id='word_1_138' title='bbox 1617 2408 1839 2521; x_wconf 89' lang='lat' dir='ltr'>pollicetur,</span> <span class='ocrx_word' id='word_1_139' title='bbox 1863 2412 1928 2496; x_wconf 91' lang='lat' dir='ltr'>sed</span> 
     </span>
    </p>

    <p class='ocr_par' dir='ltr' id='par_1_5' title="bbox 462 2519 2046 3584">
     <span class='ocr_line' id='line_1_19' title="bbox 532 2519 2046 2640; baseline 0.002 -30"><span class='ocrx_word' id='word_1_140' title='bbox 532 2530 630 2611; x_wconf 92' lang='lat' dir='ltr'>Vlll.</span> <span class='ocrx_word' id='word_1_141' title='bbox 703 2527 889 2610; x_wconf 90' lang='lat' dir='ltr'>Lutetiam</span> <span class='ocrx_word' id='word_1_142' title='bbox 928 2524 1168 2608; x_wconf 86' lang='lat' dir='ltr'>Parisiorum</span> <span class='ocrx_word' id='word_1_143' title='bbox 1226 2519 1381 2609; x_wconf 87' lang='lat' dir='ltr'>defendi</span> <span class='ocrx_word' id='word_1_144' title='bbox 1396 2554 1554 2640; x_wconf 86' lang='lat' dir='ltr'>quoque</span> <span class='ocrx_word' id='word_1_145' title='bbox 1581 2556 1690 2640; x_wconf 88' lang='lat' dir='ltr'>posse</span> <span class='ocrx_word' id='word_1_146' title='bbox 1712 2556 1815 2611; x_wconf 91' lang='lat' dir='ltr'>suam</span> <span class='ocrx_word' id='word_1_147' title='bbox 1844 2559 1925 2613; x_wconf 89' lang='lat' dir='ltr'>cau·</span> <span class='ocrx_word' id='word_1_148' title='bbox 2044 2620 2046 2624; x_wconf 11' lang='grc' dir='ltr'><em>Α</em></span> 
     </span>
     <span class='ocr_line' id='line_1_20' title="bbox 462 2641 1929 2760; baseline 0.003 -32"><span class='ocrx_word' id='word_1_149' title='bbox 462 2642 637 2729; x_wconf 89' lang='lat' dir='ltr'>subeunti</span> <span class='ocrx_word' id='word_1_150' title='bbox 683 2643 804 2727; x_wconf 91' lang='lat' dir='ltr'>omnis</span> <span class='ocrx_word' id='word_1_151' title='bbox 845 2642 971 2728; x_wconf 89' lang='lat' dir='ltr'>civitas</span> <span class='ocrx_word' id='word_1_152' title='bbox 1017 2643 1169 2727; x_wconf 89' lang='lat' dir='ltr'>obviam</span> <span class='ocrx_word' id='word_1_153' title='bbox 1226 2668 1304 2724; x_wconf 92' lang='lat' dir='ltr'>sam</span> <span class='ocrx_word' id='word_1_154' title='bbox 1336 2641 1412 2751; x_wconf 85' lang='lat' dir='ltr'>jure</span> <span class='ocrx_word' id='word_1_155' title='bbox 1431 2644 1707 2760; x_wconf 90' lang='lat' dir='ltr'>privilegiorum</span> <span class='ocrx_word' id='word_1_156' title='bbox 1730 2646 1929 2733; x_wconf 86' lang='lat' dir='ltr'>existimat.</span> 
     </span>
     <span class='ocr_line' id='line_1_21' title="bbox 463 2760 1931 2879; baseline 0.004 -35"><span class='ocrx_word' id='word_1_157' title='bbox 463 2761 651 2875; x_wconf 88' lang='lat' dir='ltr'>procedit.</span> <span class='ocrx_word' id='word_1_158' title='bbox 702 2760 860 2846; x_wconf 88' lang='lat' dir='ltr'>Carolus</span> <span class='ocrx_word' id='word_1_159' title='bbox 891 2762 1023 2844; x_wconf 88' lang='lat' dir='ltr'>urbem</span> <span class='ocrx_word' id='word_1_160' title='bbox 1051 2761 1169 2876; x_wconf 88' lang='lat' dir='ltr'>ingre·</span> <span class='ocrx_word' id='word_1_161' title='bbox 1226 2761 1539 2848; x_wconf 90' lang='lat' dir='ltr'>Gandavensibus</span> <span class='ocrx_word' id='word_1_162' title='bbox 1570 2762 1683 2879; x_wconf 91' lang='lat' dir='ltr'>igitur</span> <span class='ocrx_word' id='word_1_163' title='bbox 1713 2794 1784 2878; x_wconf 89' lang='lat' dir='ltr'>pto</span> <span class='ocrx_word' id='word_1_164' title='bbox 1808 2795 1847 2850; x_wconf 91' lang='lat' dir='ltr'>se</span> <span class='ocrx_word' id='word_1_165' title='bbox 1873 2795 1931 2850; x_wconf 93' lang='lat' dir='ltr'>co·</span> 
     </span>
     <span class='ocr_line' id='line_1_22' title="bbox 464 2878 1930 2993; baseline 0.004 -30"><span class='ocrx_word' id='word_1_166' title='bbox 464 2879 592 2983; x_wconf 91' lang='lat' dir='ltr'>ditur,</span> <span class='ocrx_word' id='word_1_167' title='bbox 622 2878 742 2993; x_wconf 89' lang='lat' dir='ltr'>Regiis</span> <span class='ocrx_word' id='word_1_168' title='bbox 774 2878 993 2963; x_wconf 87' lang='lat' dir='ltr'>Consiliariis</span> <span class='ocrx_word' id='word_1_169' title='bbox 1016 2902 1054 2963; x_wconf 87' lang='lat' dir='ltr'>et</span> <span class='ocrx_word' id='word_1_170' title='bbox 1071 2880 1169 2960; x_wconf 87' lang='lat' dir='ltr'>Par·</span> <span class='ocrx_word' id='word_1_171' title='bbox 1227 2906 1306 2960; x_wconf 90' lang='lat' dir='ltr'>ram</span> <span class='ocrx_word' id='word_1_172' title='bbox 1348 2879 1559 2982; x_wconf 79' lang='lat' dir='ltr'>flandrensi</span> <span class='ocrx_word' id='word_1_173' title='bbox 1576 2882 1760 2967; x_wconf 90' lang='lat' dir='ltr'>Consilio</span> <span class='ocrx_word' id='word_1_174' title='bbox 1810 2883 1930 2969; x_wconf 89' lang='lat' dir='ltr'>dicere</span> 
     </span>
     <span class='ocr_line' id='line_1_23' title="bbox 463 2996 1927 3114; baseline 0.007 -38"><span class='ocrx_word' id='word_1_175' title='bbox 463 3002 613 3079; x_wconf 82' lang='lat' dir='ltr'>lamenti</span> <span class='ocrx_word' id='word_1_176' title='bbox 656 2997 892 3081; x_wconf 88' lang='lat' dir='ltr'>Senatoribus</span> <span class='ocrx_word' id='word_1_177' title='bbox 958 2998 1171 3081; x_wconf 86' lang='lat' dir='ltr'>assectanti-</span> <span class='ocrx_word' id='word_1_178' title='bbox 1226 2996 1362 3105; x_wconf 81' lang='lat' dir='ltr'>jussis,</span> <span class='ocrx_word' id='word_1_179' title='bbox 1405 3028 1545 3086; x_wconf 89' lang='lat' dir='ltr'>novem</span> <span class='ocrx_word' id='word_1_180' title='bbox 1581 3000 1678 3085; x_wconf 90' lang='lat' dir='ltr'>cives</span> <span class='ocrx_word' id='word_1_181' title='bbox 1708 3001 1826 3112; x_wconf 92' lang='lat' dir='ltr'>capite</span> <span class='ocrx_word' id='word_1_182' title='bbox 1853 3001 1927 3114; x_wconf 91' lang='lat' dir='ltr'>ple-</span> 
     </span>
     <span class='ocr_line' id='line_1_24' title="bbox 464 3113 1930 3232; baseline 0.003 -34"><span class='ocrx_word' id='word_1_183' title='bbox 464 3113 560 3219; x_wconf 93' lang='lat' dir='ltr'>bus,</span> <span class='ocrx_word' id='word_1_184' title='bbox 592 3115 741 3228; x_wconf 90' lang='lat' dir='ltr'>aliisque</span> <span class='ocrx_word' id='word_1_185' title='bbox 770 3115 875 3199; x_wconf 88' lang='lat' dir='ltr'>editis</span> <span class='ocrx_word' id='word_1_186' title='bbox 900 3114 1091 3198; x_wconf 94' lang='lat' dir='ltr'>honorum</span> <span class='ocrx_word' id='word_1_187' title='bbox 1118 3116 1169 3198; x_wconf 88' lang='lat' dir='ltr'>in·</span> <span class='ocrx_word' id='word_1_188' title='bbox 1227 3138 1397 3200; x_wconf 88' lang='lat' dir='ltr'>ctuntur.</span> <span class='ocrx_word' id='word_1_189' title='bbox 1430 3118 1689 3202; x_wconf 89' lang='lat' dir='ltr'>Gandavensis</span> <span class='ocrx_word' id='word_1_190' title='bbox 1717 3118 1843 3201; x_wconf 90' lang='lat' dir='ltr'>civitas</span> <span class='ocrx_word' id='word_1_191' title='bbox 1865 3150 1930 3232; x_wconf 91' lang='lat' dir='ltr'>pu-</span> 
     </span>
     <span class='ocr_line' id='line_1_25' title="bbox 465 3230 1931 3348; baseline 0.005 -34"><span class='ocrx_word' id='word_1_192' title='bbox 465 3231 626 3346; x_wconf 89' lang='lat' dir='ltr'>signibus</span> <span class='ocrx_word' id='word_1_193' title='bbox 653 3293 665 3336; x_wconf 89' lang='lat'>,</span> <span class='ocrx_word' id='word_1_194' title='bbox 692 3232 827 3346; x_wconf 89' lang='lat' dir='ltr'>quibus</span> <span class='ocrx_word' id='word_1_195' title='bbox 852 3238 933 3317; x_wconf 89' lang='lat' dir='ltr'>Rex</span> <span class='ocrx_word' id='word_1_196' title='bbox 974 3262 1079 3316; x_wconf 92' lang='lat' dir='ltr'>suam</span> <span class='ocrx_word' id='word_1_197' title='bbox 1123 3263 1172 3316; x_wconf 86' lang='grc' dir='ltr'>ο-</span> <span class='ocrx_word' id='word_1_198' title='bbox 1228 3230 1319 3317; x_wconf 88' lang='lat' dir='ltr'>blice</span> <span class='ocrx_word' id='word_1_199' title='bbox 1368 3235 1606 3346; x_wconf 72' lang='lat' dir='ltr'>Maiestatem</span> <span class='ocrx_word' id='word_1_200' title='bbox 1651 3232 1824 3348; x_wconf 90' lang='lat' dir='ltr'>Principis</span> <span class='ocrx_word' id='word_1_201' title='bbox 1869 3237 1931 3321; x_wconf 89' lang='lat' dir='ltr'>mi·</span> 
     </span>
     <span class='ocr_line' id='line_1_26' title="bbox 462 3349 1931 3466; baseline 0.003 -32"><span class='ocrx_word' id='word_1_202' title='bbox 462 3378 593 3434; x_wconf 89' lang='lat' dir='ltr'>mnem</span> <span class='ocrx_word' id='word_1_203' title='bbox 625 3350 884 3434; x_wconf 88' lang='lat' dir='ltr'>auctoritatem</span> <span class='ocrx_word' id='word_1_204' title='bbox 908 3349 947 3432; x_wconf 93' lang='lat' dir='ltr'>in</span> <span class='ocrx_word' id='word_1_205' title='bbox 973 3353 1173 3435; x_wconf 88' lang='lat' dir='ltr'>Caesarem</span> <span class='ocrx_word' id='word_1_206' title='bbox 1227 3351 1347 3435; x_wconf 88' lang='lat' dir='ltr'>nuisse</span> <span class='ocrx_word' id='word_1_207' title='bbox 1373 3352 1624 3464; x_wconf 89' lang='lat' dir='ltr'>comperitur,</span> <span class='ocrx_word' id='word_1_208' title='bbox 1648 3352 1756 3466; x_wconf 92' lang='lat' dir='ltr'>quod</span> <span class='ocrx_word' id='word_1_209' title='bbox 1792 3353 1931 3438; x_wconf 90' lang='lat' dir='ltr'>crimen</span> 
     </span>
     <span class='ocr_line' id='line_1_27' title="bbox 464 3467 1932 3584; baseline 0.003 -33"><span class='ocrx_word' id='word_1_210' title='bbox 464 3469 685 3552; x_wconf 87' lang='lat' dir='ltr'>transtulisse</span> <span class='ocrx_word' id='word_1_211' title='bbox 718 3469 833 3553; x_wconf 89' lang='lat' dir='ltr'>videri</span> <span class='ocrx_word' id='word_1_212' title='bbox 876 3467 1052 3554; x_wconf 86' lang='lat' dir='ltr'>volebat.</span> <span class='ocrx_word' id='word_1_213' title='bbox 1228 3469 1388 3580; x_wconf 88' lang='lat' dir='ltr'>supremi</span> <span class='ocrx_word' id='word_1_214' title='bbox 1447 3469 1610 3582; x_wconf 89' lang='lat' dir='ltr'>supplicii</span> <span class='ocrx_word' id='word_1_215' title='bbox 1664 3471 1932 3584; x_wconf 88' lang='lat' dir='ltr'>bonorumque</span> 
     </span>
    </p>

    <p class='ocr_par' dir='ltr' id='par_1_6' title="bbox 432 3585 1938 4525">
     <span class='ocr_line' id='line_1_28' title="bbox 523 3585 1932 3706; baseline 0.004 -38"><span class='ocrx_word' id='word_1_216' title='bbox 523 3589 588 3669; x_wconf 91' lang='lat' dir='ltr'>IX.</span> <span class='ocrx_word' id='word_1_217' title='bbox 650 3585 857 3699; x_wconf 88' lang='lat' dir='ltr'>Singulares</span> <span class='ocrx_word' id='word_1_218' title='bbox 888 3585 1051 3671; x_wconf 89' lang='lat' dir='ltr'>honores</span> <span class='ocrx_word' id='word_1_219' title='bbox 1079 3590 1171 3672; x_wconf 87' lang='lat' dir='ltr'>Cae·</span> <span class='ocrx_word' id='word_1_220' title='bbox 1227 3585 1481 3705; x_wconf 85' lang='lat' dir='ltr'>publicationis</span> <span class='ocrx_word' id='word_1_221' title='bbox 1501 3616 1628 3699; x_wconf 86' lang='lat' dir='ltr'>poena</span> <span class='ocrx_word' id='word_1_222' title='bbox 1652 3589 1828 3706; x_wconf 93' lang='lat' dir='ltr'>dignum.</span> <span class='ocrx_word' id='word_1_223' title='bbox 1858 3593 1932 3674; x_wconf 87' lang='lat' dir='ltr'>Ca-</span> 
     </span>
     <span class='ocr_line' id='line_1_29' title="bbox 463 3702 1678 3789; baseline 0.002 -4"><span class='ocrx_word' id='word_1_224' title='bbox 463 3702 533 3785; x_wconf 89' lang='lat' dir='ltr'>sati</span> <span class='ocrx_word' id='word_1_225' title='bbox 572 3703 710 3787; x_wconf 88' lang='lat' dir='ltr'>habiti.</span> <span class='ocrx_word' id='word_1_226' title='bbox 766 3702 953 3787; x_wconf 88' lang='lat' dir='ltr'>Coenanti</span> <span class='ocrx_word' id='word_1_227' title='bbox 1006 3728 1044 3787; x_wconf 91' lang='lat' dir='ltr'>et</span> <span class='ocrx_word' id='word_1_228' title='bbox 1097 3736 1170 3788; x_wconf 92' lang='lat' dir='ltr'>ma·</span> <span class='ocrx_word' id='word_1_229' title='bbox 1226 3704 1294 3786; x_wconf 92' lang='lat' dir='ltr'>roli</span> <span class='ocrx_word' id='word_1_230' title='bbox 1328 3702 1444 3788; x_wconf 91' lang='lat' dir='ltr'>lenior</span> <span class='ocrx_word' id='word_1_231' title='bbox 1477 3706 1678 3789; x_wconf 88' lang='lat' dir='ltr'>sententia.</span> 
     </span>
     <span class='ocr_line' id='line_1_30' title="bbox 462 3819 1931 3910; baseline 0.005 -8"><span class='ocrx_word' id='word_1_232' title='bbox 462 3846 534 3904; x_wconf 90' lang='lat' dir='ltr'>nus</span> <span class='ocrx_word' id='word_1_233' title='bbox 561 3819 699 3906; x_wconf 87' lang='lat' dir='ltr'>lavanti</span> <span class='ocrx_word' id='word_1_234' title='bbox 729 3820 879 3905; x_wconf 91' lang='lat' dir='ltr'>mantile</span> <span class='ocrx_word' id='word_1_235' title='bbox 916 3821 966 3905; x_wconf 92' lang='lat' dir='ltr'>ad</span> <span class='ocrx_word' id='word_1_236' title='bbox 998 3822 1171 3906; x_wconf 88' lang='lat' dir='ltr'>assiccan·</span> <span class='ocrx_word' id='word_1_237' title='bbox 1287 3822 1390 3904; x_wconf 87' lang='lat' dir='ltr'>XIV.</span> <span class='ocrx_word' id='word_1_238' title='bbox 1451 3824 1720 3909; x_wconf 90' lang='lat' dir='ltr'>Gandavenses</span> <span class='ocrx_word' id='word_1_239' title='bbox 1744 3825 1852 3910; x_wconf 88' lang='lat' dir='ltr'>atrati</span> <span class='ocrx_word' id='word_1_240' title='bbox 1868 3826 1931 3910; x_wconf 93' lang='lat' dir='ltr'>mi-</span> 
     </span>
     <span class='ocr_line' id='line_1_31' title="bbox 460 3936 1933 4051; baseline 0.005 -30"><span class='ocrx_word' id='word_1_241' title='bbox 460 3936 580 4041; x_wconf 91' lang='lat' dir='ltr'>dum,</span> <span class='ocrx_word' id='word_1_242' title='bbox 601 3937 685 4021; x_wconf 86' lang='lat' dir='ltr'>licet</span> <span class='ocrx_word' id='word_1_243' title='bbox 716 3937 781 4020; x_wconf 86' lang='lat' dir='ltr'>diu</span> <span class='ocrx_word' id='word_1_244' title='bbox 807 3936 1082 4051; x_wconf 87' lang='lat' dir='ltr'>perhumaniter</span> <span class='ocrx_word' id='word_1_245' title='bbox 1109 3970 1170 4024; x_wconf 89' lang='lat' dir='ltr'>re·</span> <span class='ocrx_word' id='word_1_246' title='bbox 1227 3937 1460 4024; x_wconf 81' lang='lat' dir='ltr'>sericortliam</span> <span class='ocrx_word' id='word_1_247' title='bbox 1501 3941 1727 4026; x_wconf 87' lang='lat' dir='ltr'>inclamant.</span> <span class='ocrx_word' id='word_1_248' title='bbox 1795 3949 1933 4029; x_wconf 84' lang='lat' dir='ltr'>Caesar</span> 
     </span>
     <span class='ocr_line' id='line_1_32' title="bbox 458 4053 1933 4173; baseline 0.005 -35"><span class='ocrx_word' id='word_1_249' title='bbox 458 4055 626 4158; x_wconf 83' lang='lat' dir='ltr'>curanti,</span> <span class='ocrx_word' id='word_1_250' title='bbox 652 4053 811 4138; x_wconf 87' lang='lat' dir='ltr'>filiorum</span> <span class='ocrx_word' id='word_1_251' title='bbox 829 4057 941 4171; x_wconf 88' lang='lat' dir='ltr'>Regis</span> <span class='ocrx_word' id='word_1_252' title='bbox 973 4083 1067 4140; x_wconf 89' lang='lat' dir='ltr'>natu</span> <span class='ocrx_word' id='word_1_253' title='bbox 1098 4088 1169 4142; x_wconf 89' lang='lat' dir='ltr'>ma·</span> <span class='ocrx_word' id='word_1_254' title='bbox 1209 4056 1371 4160; x_wconf 12' lang='lat' dir='ltr'>‘Mariae</span> <span class='ocrx_word' id='word_1_255' title='bbox 1398 4057 1516 4142; x_wconf 91' lang='lat' dir='ltr'>sorori</span> <span class='ocrx_word' id='word_1_256' title='bbox 1549 4058 1598 4142; x_wconf 91' lang='lat' dir='ltr'>ad</span> <span class='ocrx_word' id='word_1_257' title='bbox 1625 4059 1739 4173; x_wconf 89' lang='lat' dir='ltr'>pedes</span> <span class='ocrx_word' id='word_1_258' title='bbox 1770 4060 1933 4148; x_wconf 89' lang='lat' dir='ltr'>obvolu-</span> 
     </span>
     <span class='ocr_line' id='line_1_33' title="bbox 457 4169 1938 4291; baseline 0.006 -36"><span class='ocrx_word' id='word_1_259' title='bbox 457 4169 514 4282; x_wconf 83' lang='lat' dir='ltr'>jor</span> <span class='ocrx_word' id='word_1_260' title='bbox 547 4173 820 4258; x_wconf 89' lang='lat' dir='ltr'>subministrare</span> <span class='ocrx_word' id='word_1_261' title='bbox 850 4199 1078 4285; x_wconf 87' lang='lat' dir='ltr'>perseverat.</span> <span class='ocrx_word' id='word_1_262' title='bbox 1224 4178 1285 4256; x_wconf 89' lang='lat' dir='ltr'>tae</span> <span class='ocrx_word' id='word_1_263' title='bbox 1310 4174 1622 4261; x_wconf 84' lang='lat' dir='ltr'>Gandavensium</span> <span class='ocrx_word' id='word_1_264' title='bbox 1650 4208 1789 4291; x_wconf 91' lang='lat' dir='ltr'>poenas</span> <span class='ocrx_word' id='word_1_265' title='bbox 1831 4180 1938 4264; x_wconf 88' lang='lat' dir='ltr'>debi-</span> 
     </span>
     <span class='ocr_line' id='line_1_34' title="bbox 432 4290 1932 4395; baseline 0.007 -22"><span class='ocrx_word' id='word_1_266' title='bbox 432 4301 467 4329; x_wconf 78' lang='lat'><strong>²</strong></span> <span class='ocrx_word' id='word_1_267' title='bbox 518 4292 568 4373; x_wconf 91' lang='lat' dir='ltr'>X.</span> <span class='ocrx_word' id='word_1_268' title='bbox 631 4290 777 4377; x_wconf 89' lang='lat' dir='ltr'>Lutetia</span> <span class='ocrx_word' id='word_1_269' title='bbox 810 4291 1060 4376; x_wconf 88' lang='lat' dir='ltr'>discedentem</span> <span class='ocrx_word' id='word_1_270' title='bbox 1087 4296 1167 4376; x_wconf 89' lang='lat' dir='ltr'>Rex</span> <span class='ocrx_word' id='word_1_271' title='bbox 1220 4314 1279 4373; x_wconf 87' lang='lat' dir='ltr'>tas</span> <span class='ocrx_word' id='word_1_272' title='bbox 1308 4293 1504 4379; x_wconf 87' lang='lat' dir='ltr'>condonat</span> <span class='ocrx_word' id='word_1_273' title='bbox 1536 4356 1548 4395; x_wconf 91' lang='lat'>,</span> <span class='ocrx_word' id='word_1_274' title='bbox 1575 4295 1713 4380; x_wconf 89' lang='lat' dir='ltr'>mulcta</span> <span class='ocrx_word' id='word_1_275' title='bbox 1740 4323 1779 4381; x_wconf 91' lang='lat' dir='ltr'>et</span> <span class='ocrx_word' id='word_1_276' title='bbox 1813 4297 1932 4383; x_wconf 85' lang='lat' dir='ltr'>mitio-</span> 
     </span>
     <span class='ocr_line' id='line_1_35' title="bbox 456 4408 1922 4525; baseline 0.006 -35"><span class='ocrx_word' id='word_1_277' title='bbox 456 4434 544 4490; x_wconf 93' lang='lat' dir='ltr'>cum</span> <span class='ocrx_word' id='word_1_278' title='bbox 590 4439 706 4493; x_wconf 90' lang='lat' dir='ltr'>uxore</span> <span class='ocrx_word' id='word_1_279' title='bbox 754 4433 795 4493; x_wconf 92' lang='lat' dir='ltr'>et</span> <span class='ocrx_word' id='word_1_280' title='bbox 837 4408 954 4492; x_wconf 91' lang='lat' dir='ltr'>liberis</span> <span class='ocrx_word' id='word_1_281' title='bbox 1008 4408 1059 4491; x_wconf 93' lang='lat' dir='ltr'>ad</span> <span class='ocrx_word' id='word_1_282' title='bbox 1106 4411 1160 4493; x_wconf 89' lang='lat' dir='ltr'>sui</span> <span class='ocrx_word' id='word_1_283' title='bbox 1223 4408 1321 4492; x_wconf 89' lang='lat' dir='ltr'>ribus</span> <span class='ocrx_word' id='word_1_284' title='bbox 1353 4412 1482 4525; x_wconf 90' lang='lat' dir='ltr'>poenis</span> <span class='ocrx_word' id='word_1_285' title='bbox 1512 4432 1729 4498; x_wconf 85' lang='lat' dir='ltr'>contentus.</span> <span class='ocrx_word' id='word_1_286' title='bbox 1919 4431 1922 4437; x_wconf 81' lang='grc'>’</span> 
     </span>
    </p>
   </div>
   <div class='ocr_carea' id='block_1_3' title="bbox 454 4523 1932 4971">
    <p class='ocr_par' dir='ltr' id='par_1_7' title="bbox 454 4523 1932 4854">
     <span class='ocr_line' id='line_1_36' title="bbox 455 4523 1932 4643; baseline 0.009 -36"><span class='ocrx_word' id='word_1_287' title='bbox 455 4527 559 4640; x_wconf 88' lang='lat' dir='ltr'>regni</span> <span class='ocrx_word' id='word_1_288' title='bbox 573 4527 841 4639; x_wconf 77' lang='lat' dir='ltr'>flandriaeque</span> <span class='ocrx_word' id='word_1_289' title='bbox 862 4523 1067 4609; x_wconf 84' lang='lat' dir='ltr'>confinium</span> <span class='ocrx_word' id='word_1_290' title='bbox 1082 4556 1164 4638; x_wconf 86' lang='lat' dir='ltr'>pro</span> <span class='ocrx_word' id='word_1_291' title='bbox 1219 4589 1226 4596; x_wconf 81' lang='lat'>-</span> <span class='ocrx_word' id='word_1_292' title='bbox 1282 4530 1386 4619; x_wconf 68' lang='lat' dir='ltr'>XV.</span> <span class='ocrx_word' id='word_1_293' title='bbox 1431 4531 1661 4643; x_wconf 82' lang='lat' dir='ltr'>&#39;Antuerpiae</span> <span class='ocrx_word' id='word_1_294' title='bbox 1708 4534 1932 4621; x_wconf 87' lang='lat' dir='ltr'>Bravantiae</span> 
     </span>
     <span class='ocr_line' id='line_1_37' title="bbox 454 4643 1930 4765; baseline 0.009 -41"><span class='ocrx_word' id='word_1_295' title='bbox 454 4669 681 4755; x_wconf 88' lang='lat' dir='ltr'>sequuntur.</span> <span class='ocrx_word' id='word_1_296' title='bbox 719 4644 877 4727; x_wconf 90' lang='lat' dir='ltr'>Carolus</span> <span class='ocrx_word' id='word_1_297' title='bbox 903 4643 1159 4753; x_wconf 88' lang='lat' dir='ltr'>Valentianas,</span> <span class='ocrx_word' id='word_1_298' title='bbox 1221 4648 1390 4727; x_wconf 90' lang='lat' dir='ltr'>Ducatus</span> <span class='ocrx_word' id='word_1_299' title='bbox 1404 4674 1655 4751; x_wconf 87' lang='lat' dir='ltr'>conventum,</span> <span class='ocrx_word' id='word_1_300' title='bbox 1674 4648 1805 4765; x_wconf 86' lang='lat' dir='ltr'>Brugis</span> <span class='ocrx_word' id='word_1_301' title='bbox 1829 4653 1930 4739; x_wconf 79' lang='lat' dir='ltr'>Flan-</span> 
     </span>
     <span class='ocr_line' id='line_1_38' title="bbox 454 4758 1932 4854; baseline 0.006 -11"><span class='ocrx_word' id='word_1_302' title='bbox 454 4758 589 4847; x_wconf 89' lang='lat' dir='ltr'>deinde</span> <span class='ocrx_word' id='word_1_303' title='bbox 622 4760 808 4848; x_wconf 81' lang='lat' dir='ltr'>Bruxellas</span> <span class='ocrx_word' id='word_1_304' title='bbox 837 4761 1052 4848; x_wconf 85' lang='lat' dir='ltr'>contendit.</span> <span class='ocrx_word' id='word_1_305' title='bbox 1221 4760 1357 4846; x_wconf 88' lang='lat' dir='ltr'>drensis</span> <span class='ocrx_word' id='word_1_306' title='bbox 1380 4767 1591 4852; x_wconf 92' lang='lat' dir='ltr'>Comitatus</span> <span class='ocrx_word' id='word_1_307' title='bbox 1614 4792 1847 4854; x_wconf 92' lang='lat' dir='ltr'>conventum</span> <span class='ocrx_word' id='word_1_308' title='bbox 1867 4771 1932 4852; x_wconf 86' lang='lat' dir='ltr'>ha-</span> 
     </span>
    </p>

    <p class='ocr_par' dir='ltr' id='par_1_8' title="bbox 1839 4889 1920 4971">
     <span class='ocr_line' id='line_1_39' title="bbox 1839 4889 1920 4971; baseline 0 0"><span class='ocrx_word' id='word_1_309' title='bbox 1839 4889 1920 4971; x_wconf 91' lang='lat' dir='ltr'>bet.</span> 
     </span>
    </p>
   </div>
   <div class='ocr_carea' id='block_1_4' title="bbox 0 0 2061 5888">
    <p class='ocr_par' dir='ltr' id='par_1_9' title="bbox 0 0 2061 5888">
     <span class='ocr_line' id='line_1_40' title="bbox 0 0 2061 5888; baseline 0 0"><span class='ocrx_word' id='word_1_310' title='bbox 0 0 2061 5888; x_wconf 95' lang='lat' dir='ltr'> </span> 
     </span>
    </p>
   </div>
  </div>
 </body>
</html>
