4034 5858
531 410 871 547 οιιιοιιι.
919 462 1036 542 rm.
1078 463 1219 544 xxx
1449 472 1531 569 539

115 618 188 718 sed
216 617 273 718 ab
302 616 454 760 aliquo
492 619 809 720 calumniatore
826 618 941 758 ,qui
978 616 1231 719 hostilem
1218 657 1266 718 m
1302 659 1345 720 se
1369 620 1568 731 animum

114 798 307 904 gereret,
332 762 568 863 confictam
587 771 853 900 ,aJoanne
875 772 999 862 Luna
1033 758 1212 863 fortasse
1248 763 1355 863 arcis
1389 768 1569 868 Medio·

115 907 300 1006 lanensis
335 902 588 1047 praefecto,
605 906 675 1007 vel
710 946 735 1004 a
766 906 989 1007 Francisco
1011 912 1217 1009 Taverna
1254 945 1419 1050 magno
1444 921 1568 1015 Cau-¹

114 1049 325 1170 cellario,
356 1051 424 1152 vel
459 1092 484 1150 a
519 1049 741 1150 Francisco
777 1046 917 1150 lbarra
934 1050 1050 1190 ,qui
1084 1045 1323 1212 praefectus
1361 1090 1451 1153 erat
1486 1056 1566 1156 sti·

113 1193 280 1331 pendiis
316 1190 578 1295 militaribus
615 1192 862 1295 solvendis:
883 1232 987 1292 narn
1023 1234 1098 1313 se,
1137 1208 1188 1294 ιιι
1223 1234 1344 1335 saepe
1381 1194 1463 1314 fit,
1494 1236 1566 1297 re-

113 1331 287 1475 publica
309 1373 531 1476 poscente,
545 1335 610 1438 his
631 1336 835 1456 consciis,
859 1332 998 1437 tribus
1024 1271 1226 1440 noirdum
1255 1338 1423 1478 scriptis
1446 1337 1565 1440 char

115 1477 169 1577 tis
206 1517 372 1580 nomen
420 1519 549 1581 suum
584 1477 908 1620 subscripsisse,
948 1520 1136 1621 quarum
1172 1479 1419 1582 chartarum
1455 1483 1564 1583 duae
1611 1513 1613 1516 ⁴

111 1621 339 1723 dumtaxat
372 1618 551 1724 fuissent
596 1622 649 1724 ad
686 1662 813 1723 usum
865 1623 1130 1725 destinatum
1177 1626 1564 1787 accommodatae,

113 1760 224 1866 hanc
259 1766 461 1869 videlicet
496 1808 583 1866 esse
620 1766 796 1867 tertiam
832 1763 936 1865 ab
923 1767 1114 1866 mimicis
1150 1769 1478 1928 conscriptam,
1519 1804 1563 1869 et

111 1905 331 2047 flagitioso
368 1908 641 2013 mendacio
628 1946 675 2007 ιιι
711 1947 838 2008 suam
892 1902 1122 2008 infamiam
1157 1943 1200 2008 et
1225 1910 1458 2069 perniciem
1494 1907 1561 2011 fa

112 2046 355 2151 bricatam.
408 2061 512 2151 Hoc
547 2051 730 2150 Carolus
767 2091 819 2149 ex
856 2086 957 2150 ante
992 2087 1085 2155 acta
1120 2061 1354 2194 Gonzagae
1390 2052 1561 2153 vitaer

111 2191 204 2291 aliis
237 2196 494 2326 conjecturis
522 2190 648 2295 facile
678 2192 762 2294 sibi
797 2193 1034 2333 persuasit3
1055 2195 1203 2336 itaque
1218 2204 1451 2358 Joannem
1475 2205 1561 2296 Lu

109 2373 216 2436 nam
251 2372 295 2437 et
328 2372 534 2457 ceteros,
574 2337 655 2478 qui
689 2336 737 2437 in
774 2335 1068 2477 suspicionem
1103 2339 1296 2439 criminis
1332 2373 1560 2456 venerant,

108 2473 386 2618 praefecturis
423 2519 467 2582 et
501 2415 825 2622 magistratibus
860 2478 1077 2618 privavit
1117 2517 1167 2581 ut
1200 2481 1452 2581 doceret
1410 2520 1561 2601 vrros,

110 2622 191 2761 qui
227 2622 488 2763 reipublicae
525 2623 737 2763 praesint,
758 2655 985 2783 oportere
993 2661 1086 2724 non
1120 2625 1264 2726 solum
1289 2619 1531 2722 talibus
1473 2661 1561 2722 crr-

107 2765 331 2885 minibus,
367 2768 439 2867 sed
474 2767 606 2867 etiam
641 2802 798 2865 eorum
832 2762 1078 2929 suspicione
1121 2805 1294 2872 careret
1330 2766 1555 2866 Fernando

109 2947 215 3009 vero
251 2920 487 3052 Gonzagae
522 2945 811 3011 successorem
848 2907 1066 3028 dedit,
1036 2949 1086 3009 ιιι
1122 2910 1399 3071 potissimum
1433 2908 1560 3008 ratio

108 3051 233 3152 nibus
269 3054 422 3152 ductus
437 3050 632 3195 ,quibus
669 3052 783 3193 leges
821 3051 1150 3189 prudentissime
1186 3055 1292 3154 latae
1327 3053 1555 3169 nituntur,

109 3236 220 3337 quae
272 3196 602 3337 provinciarum
641 3236 691 3297 ac
726 3194 956 3297 civitatum
991 3192 1274 3334 praefecturas
1312 3194 1558 3305 diuturnio
1607 3256 1608 3259 ι

110 3378 176 3440 res
213 3380 298 3440 esse
335 3376 510 3441 vetant.

176 3491 391 3586 XXXIX.
466 3494 570 3585 Post
606 3498 771 3585 annum
805 3480 954 3583 aetatis
990 3479 1437 3645 quinquagesimum,
1462 3517 1558 3618 pre

104 3625 322 3730 mentibus
359 3626 564 3747 morbis,
600 3663 828 3769 tantopere
863 3628 1147 3766 negotiorum
1198 3625 1355 3725 odium
1404 3623 1556 3762 cepit,

106 3806 156 3870 ut
191 3771 351 3873 diutius
387 3706 609 3872 iutetdtim
643 3810 726 3870 nec
776 3810 819 3869 se
855 3771 967 3868 aditi
1002 3805 1079 3869 aut
1114 3766 1393 3884 conveniri,
1431 3803 1558 3905 prae-

107 3949 307 4054 terquam
333 3907 446 4015 ab
435 3915 600 4016 1ntimis
638 3947 878 4075 pateretur,
901 3951 981 4012 nec
1017 3912 1171 4013 libellis
1207 3843 1560 4010 subscriberes

108 4096 283 4159 nrmum
318 4060 578 4179 induceret,
613 4098 705 4158 non
741 4095 832 4158 sme
866 4054 1111 4195 suspicione
1145 4055 1305 4155 mentis
1341 4049 1560 4152 imminu-
1592 4176 1595 4179 Ι

105 4236 205 4309 taes
237 4202 392 4343 itaque
426 4239 596 4303 constat
647 4237 813 4302 novem
864 4199 1082 4335 mensibus
1118 4196 1226 4300 nulli
1279 4235 1359 4296 nec
1408 4191 1558 4292 libello

106 4384 186 4444 nec
222 4346 455 4488 diplomati
490 4345 808 4486 subscripsisse,
829 4345 952 4485 quod
980 4360 1085 4444 cum
1121 4382 1283 4482 magno
1312 4340 1559 4439 incommo-

106 4492 167 4586 do
200 4489 465 4641 reipublicae
503 4489 871 4630 populariumque
914 4487 1144 4627 dispendio
1181 4483 1362 4602 fiebat,
1399 4517 1560 4580 cuma

82 4665 179 4729 tot
214 4632 495 4754 nationibus,
531 4669 573 4735 et
607 4632 872 4772 quibusdam
908 4630 1214 4770 longissime
1197 4669 1264 4761 Jus
1300 4561 1400 4726 inde
1438 4658 1561 4764 pete

107 4808 256 4896 retur,
301 4813 345 4876 et
380 4817 494 4903 cette
530 4815 700 4902 summa
736 4776 914 4915 negotia
948 4773 1049 4874 ad
1039 4811 1182 4913 rpsum
1215 4769 1317 4874 fere
1339 4768 1564 4903 rejiceren-

1010 4926 1162 5053 Yyy
1138 4958 1158 4995 ν
1472 4942 1561 5005 tur.
