4102 5864
531 424 618 535 358
883 434 1010 518 DE
1039 432 1239 518 REBUS
1286 434 1537 520 Gusrrs

486 632 597 745 pum
648 583 812 693 Nuntii
854 594 1038 692 nomine
1086 592 1278 733 legatum
1332 587 1607 693 chandus
1626 580 1951 696 Romanorum

487 736 583 841 Rex
633 734 858 835 Lodromi
885 736 1111 836 Comitem
1156 734 1351 875 legatum
1400 772 1503 834 cum
1546 770 1653 859 sex
1649 733 1948 872 optimorum

488 916 710 1023 equorum
752 878 1043 978 Turcieorum
1089 914 1267 976 munere
1321 876 1493 976 misit.-
1516 884 1691 976 Senarus
1729 874 1947 1016 populus

490 1062 576 1164 que
620 1029 815 1120 Venetus
896 1019 1061 1161 legatos
1119 1022 1249 1118 duos
1275 1017 1392 1117 viros
1444 1016 1717 1164 primarios
1709 1081 1722 1124 s
1758 1029 1944 1119 Cosmus

488 1162 684 1265 Medices
719 1174 822 1262 Dux
856 1161 1092 1263 Florentiae
1144 1159 1412 1261 Franciscum
1448 1155 1587 1260 lilium
1623 1158 1765 1300 stirpis
1801 1158 1942 1258 maxi-

491 1341 650 1428 ιιιιιιιι
687 1340 730 1403 et
765 1305 922 1402 duos
911 1338 1017 1406 rtem
1059 1312 1252 1443 legatos,
1299 1303 1486 1403 alterum
1521 1343 1631 1421 suo,
1666 1299 1920 1405 alterum
1884 1338 1941 1400 cr·

491 1481 638 1549 vitatis
680 1483 907 1565 nomme,
953 1437 1169 1605 simulque
1211 1450 1367 1544 munus
1419 1379 1737 1582 amplissiinum
1790 1441 1935 1542 misit.

491 1432 907 1731 Ducesbuoque
885 1585 1154 1705 Sabaudiae,
1187 1587 1429 1704 Ferrariae,
1470 1593 1708 1706 Mantuae,
1746 1583 1938 1707 Parmae

494 1770 608 1871 que,
646 1766 690 1828 er
724 1717 907 1868 quidam
943 1727 1223 1846 Cardinales,
1258 1741 1458 1829 senenses
1495 1760 1755 1868 praeterea,
1777 1759 1830 1826 et
1852 1734 1937 1824 Lu-

493 1911 634 1972 censes
690 1869 875 1970 liberae
897 1869 1091 1969 civitates
1145 1908 1243 1970 suos
1302 1869 1514 2009 legatos
1520 1870 1756 1974 miserunt
1815 1865 1936 1967 civi-

490 2047 552 2113 tas
556 2027 783 2175 ‘quoque
835 2011 1132 2152 Neapolitana
1176 2043 1368 2151 tapetem
1414 2011 1584 2110 muneri
1627 2008 1778 2153 misit
1802 2040 1934 2108 assuto

491 2155 623 2294 serico
659 2184 754 2253 raso
781 2151 906 2253 rubri
943 2153 1131 2272 coloris,
1170 2153 1383 2292 simulque
1410 2141 1720 2313 pulvinum
1677 2149 1832 2312 magni
1856 2176 1935 2293 pro

487 2291 544 2395 tii
596 2337 674 2395 ex
685 2294 848 2394 serico
883 2334 1040 2435 pexo,
1057 2293 1166 2411 item
1202 2293 1376 2412 ιιιιιιο,
1397 2292 1552 2393 multis
1580 2291 1802 2441 gemmis,
1840 2293 1936 2390 ada·

494 2409 754 2554 mantibus,
794 2436 1072 2598 smaragdis,
1115 2471 1158 2534 et
1200 2434 1469 2534 carbunculis
1510 2467 1770 2533 exornatum
1799 2464 1936 2573 atque

490 2569 824 2700 distinctum,
810 2610 873 2676 ιιι
893 2617 986 2716 quo
1023 2576 1178 2676 medio
1197 2575 1458 2738 ‘Philippi
1446 2574 1650 2738 msignia
1662 2580 1838 2724 magno
1875 2611 1940 2674 ar

487 2716 670 2819 silicio
658 2753 887 2820 intertexta
924 2752 1082 2836 crant,
1110 2754 1153 2818 et
1195 2717 1304 2819 item
1345 2716 1554 2817 civitatis
1572 2707 1800 2858 insigne.-
1795 2724 1943 2815 Mes·-

491 2897 592 2963 sana
627 2858 726 2959 urbs
763 2859 966 2999 primaria
992 2794 1156 2960 Siciliae
1188 2897 1294 2958 curn
1310 2860 1482 3020 legato
1516 2888 1782 2959 scutatorum
1810 2895 1946 2956 num

470 3038 669 3102 morum
694 3001 903 3100 tredecim
934 3000 1070 3099 millia
1094 3000 1242 3107 misitt
1278 3000 1578 3140 vicissimque
1581 2989 1869 3139 Philippus
1851 3025 1948 3141 ipse

489 3144 545 3242 ad
579 3140 771 3242 Paulum
810 3140 1069 3243 Pontificem
1120 3139 1346 3280 Jacobum
1390 3143 1687 3247 Azevedum3‘
1724 3141 1779 3239 ad
1818 3137 1950 3239 Sena'·

488 3318 583 3384 tum
615 3292 837 3384 Venetum
877 3287 1118 3416 Joannem
1153 3292 1333 3385 Nuzam
1372 3284 1517 3382 virum
1553 3281 1748 3382 nobilem
1775 3277 1833 3378 ex
1865 3281 1952 3382 suis

487 3420 772 3526 familiaribus
808 3420 958 3524 officii
983 3424 1348 3566 salutandique
1320 3425 1458 3524 cratia
1489 3425 1655 3564 legatos
1690 3421 1840 3522 misit.

532 3576 671 3667 -.XX
746 3576 952 3669 Genuam
983 3604 1165 3726 quoque
1201 3596 1499 3666 convenerant
1528 3595 1592 3663 ιιι
1616 3563 1801 3705 Belgicis
1831 3596 1958 3702 prae·

442 3712 443 3717 ‘
497 3707 614 3808 sidiis
649 3706 996 3847 Hispanorum,
1020 3708 1111 3847 qui
1146 3707 1300 3846 equis
1292 3741 1367 3806 et
1396 3698 1644 3806 Archibusi‘s
1659 3703 1958 3827 militabant,

494 3850 606 3948 duae
643 3849 863 3982 centuriae
909 3887 1010 3948 cum
1045 3843 1310 3987 praefectis
1315 3849 1560 3967 Fernando
1583 3840 1745 3987 Aguila
1782 3882 1846 3945 et
1868 3848 1958 3946 Al»

489 3987 621 4091 fonso
641 3998 798 4130 Vatga
796 4063 819 4108 ‚
853 3989 933 4130 qui
968 3991 1212 4126 custodiae
1224 4017 1352 4089 causa
1386 3987 1657 4150 Philippum
1676 4017 1948 4105 assectarem

491 4168 592 4240 turs
633 4129 812 4272 quibus
826 4127 1061 4248 omnibus
1082 4164 1162 4229 et
1174 4131 1321 4230 ceteris
1357 4132 1599 4270 praetoriae
1630 4123 1836 4231 cohortis
1869 4143 1957 4270 pe-

492 4274 653 4374 ditibus
700 4297 799 4404 tum
833 4270 1076 4412 Hispanis,
1124 4306 1302 4405 tumet
1336 4274 1593 4392 Germanis,
1624 4271 1831 4413 itemque
1870 4311 1958 4415 pe-

494 4415 703 4573 dissequis
738 4449 782 4513 et
817 4411 1027 4521 ambactis
1069 4413 1239 4554 singula
1286 4416 1565 4517 vestimenta
1587 4453 1640 4514 ex
1673 4404 1957 4515 versicolore

481 4592 629 4654 ·ser1c0
667 4593 777 4693 pexo
819 4549 919 4656 data
953 4591 1083 4655 sunt.
1113 4564 1240 4719 Jam
1283 4557 1398 4658 dies
1413 4557 1609 4698 aliquot
1608 4544 1957 4698 processerant,

495 4733 617 4909 quos
664 4693 889 4840 Philippus
936 4698 992 4801 ad
1047 4699 1329 4839 praetorium
1354 4697 1596 4805 audiendis
1649 4697 1956 4843 legationibus

1834 4879 1954 4942 COR-
