4042 5864
477 497 733 627 Mediolanensis
755 451 894 624 &iiiii
913 551 1124 649 populusque
1138 551 1193 623 vi-

528 649 613 748 ginti
641 651 712 722 duo
738 673 944 724 scutatorum
972 675 1192 723 nummorum

511 749 631 821 millia
666 751 818 847 Philippo
846 752 1192 850 Asturuml'rincipi

510 850 750 921 muneridat.
777 857 823 921 ΙΙ.
844 855 923 946 366.
1004 902 1008 908 a

478 947 776 1029 Mediolanensium
805 951 990 1028 „tumultus
1007 980 1019 1034 's
1035 969 1070 1020 et
1097 949 1192 1021 Vasti

509 1051 730 1125 -Marchionis
757 1049 878 1121 domus
903 1049 1136 1148 oppugnatio.
1160 1050 1190 1118 Ι.

533 1151 611 1220 188.
798 1172 800 1175 ·

478 1249 618 1327 Medula
641 1249 813 1320 castellum
830 1265 1058 1346 expugnatum
1067 1263 1122 1330 ,et
1137 1243 1190 1315 in·

508 1372 682 1421 scensum.
702 1354 731 1419 1.
745 1352 831 1417 216.

1286 452 1657 652 exploratanuniihteix
1674 549 1864 626 Gallorum
1882 566 1958 630 tuto

1274 654 1334 728 -ad
1348 654 1415 743 ejus
1433 677 1529 726 naves
1548 655 1658 727 venire
1676 657 1812 753 possit.
1841 658 1883 725 ll.
1897 678 1956 748 45.

1275 755 1455 827 Catulum
1472 775 1582 854 rogat,
1594 776 1633 825 ut
1649 757 1684 827 in
1701 753 1951 853 oppidumfos·

1273 876 1358 927 ‹sam
1396 853 1583 925 Marianam
1629 855 1857 947 colloquendi
1885 880 1952 954 gra·

1274 953 1334 1024 itia
1358 975 1436 1024 cum
1451 954 1621 1024 Fraucisco
1643 955 1832 1029 Gallorum
1866 961 1954 1056 Rege

1273 1052 1403 1122 -venire
1418 1076 1488 1123 non
1505 1071 1685 1152 gravetur.
1714 1055 1761 1123 ΙΙ.
1777 1075 1841 1145 47.
1867 1058 1955 1126 Heu⁴

1273 1153 1396 1222 -ricum
1418 1175 1497 1222 cum
1514 1172 1604 1250 parte
1620 1150 1800 1248 copiarum
1815 1155 1850 1224 in
1870 1157 1955 1226 Ger·

1290 1250 1434 1321 maniam
1453 1250 1658 1334 antecedens,
1672 1251 1799 1324 Metim
1822 1275 1879 1349 per
1894 1253 1953 1324 do·

1272 1352 1358 1419 lum
1374 1369 1542 1446 occupat.
1568 1352 1613 1418 ll.
1629 1372 1675 1439 42
1686 1375 1716 1420 ι.

391 1542 392 1545 ¹
477 1447 760 1547 Megelburgensis
779 1451 862 1518 Dux
875 1452 889 1532 (
904 1441 1188 1539 christophorus)
1240 1449 1522 1523 Memoransiacus
1555 1448 1678 1519 Gallici
1719 1448 1951 1521 Comestabilis

526 1551 621 1620 obses
651 1547 800 1619 Henrico
829 1546 1009 1616 Gallorum
1046 1541 1134 1640 Regi
1168 1565 1188 1610 a

509 1685 510 1688 ¹
527 1647 721 1718 Germanis·
737 1641 943 1740 Principibus
979 1640 1101 1711 datur.
1138 1643 1185 1710 ΙΙ.

508 1766 611 1837 ·419·
667 1792 695 1803 --

1274 1546 1375 1618 ‘filius
1392 1550 1609 1617 Tarvannam
1630 1546 1768 1618 fortiter
1785 1547 1950 1619 defendit.

1287 1648 1333 1716 ΙΙ.
1357 1651 1441 1736 460.
1480 1646 1683 1716 Vulneratus
1704 1670 1725 1716 a
1768 1648 1950 1719 Venictuto

1276 1764 1456 1814 servatur.
1483 1750 1530 1814 ΙΙ.
1545 1749 1629 1836 462.

475 1842 717 1921 Melanchthon
742 1839 939 1937 (Philippus
956 1839 973 1922 )
990 1836 1100 1910 Theol
1147 1857 1185 1905 us
1237 1838 1382 1913 Mendez
1406 1842 1518 1912 Parius
1547 1843 1793 1929 (Ludovicus)
1813 1810 1858 1916 ex
1876 1844 1948 1914 inti·

405 1983 407 1988 ι
523 1943 731 2018 Lutheranus
776 1964 855 2011 eum
903 1942 1030 2031 Joanne
1074 1938 1125 2006 Ec
1150 1935 1183 2004 ‘o

506 2044 703 2139 ·Theologo
719 2039 906 2109 ‘Catholico
927 2039 961 2107 in
989 2036 1183 2105 Votmatiae

513 2136 692 2212 eonvehtu
735 2160 792 2235 per
820 2134 985 2222 triduum
1023 2133 1182 2229 disputat.

1285 1941 1347 2012 ntis
1374 1937 1590 2011 familiaribus
1608 1942 1754 2038 Philippi
1789 1943 1824 2012 in
1860 1965 1945 2039 prae·

1269 2039 1408 2110 totiam
1421 2040 1488 2131 ejus
1504 2042 1680 2111 uoluntate
1706 2040 1944 2139 recipitur.ll.

1290 2160 1371 2232 354·

523 2244 569 2311 ll·
592 2258 670 2328 124·
703 2241 794 2307 Cum
816 2234 951 2305 duobus
976 2232 1044 2301 aliis
1062 2231 1181 2301 Theo·
1235 2235 1380 2311 Mendez
1395 2235 1585 2326 Sotomajot
1602 2234 1851 2321 (ludovicus)
1867 2239 1943 2308 Baa-

521 2337 605 2434 logis
639 2333 832 2406 Luthetanis
860 2331 1064 2405 Ratisbonae
1094 2328 1180 2400 deli·

1276 2336 1366 2407 ·ticae
1383 2342 1526 2433 Legatus
1545 2334 1590 2404 ad
1608 2339 1802 2421 carolum,
1818 2340 1942 2430 ejusque

519 2436 610 2532 gitur
628 2434 672 2505 ad
683 2430 920 2528 disputandum
945 2427 1098 2513 adversas
1113 2432 1181 2500 Ca'-
1281 2433 1451 2532 singularis
1490 2432 1686 2504 liberalitas.
1717 2440 1748 2505 1.
1764 2459 1821 2530 72.

518 2532 681 2605 tholicos·
704 2534 750 2601 ΙΙ.
771 2551 850 2617 125.

1233 2531 1404 2604 Mendoza
1437 2540 1453 2619 (
1479 2529 1641 2604 Alfonsus
1665 2533 1704 2616 ).
1737 2545 1769 2606 V·
1804 2532 1935 2605 Cluniae

468 2628 706 2729 Melbergensis
734 2625 963 2716 (Albertus)
992 2642 1097 2695 castra
1132 2620 1177 2715 ad
1268 2635 1427 2702 ··Comes.

516 2731 722 2827 Laugingam
747 2726 847 2798 habet
860 2771 874 2792 .
894 2728 941 2794 ΙΙ.
957 2743 1044 2814 421.

468 2829 599 2926 Malgar
617 2826 802 2924 oppidum.
822 2827 851 2893 1.
874 2824 932 2894 81.

1231 2727 1402 2801 Mendoza
1427 2729 1655 2815 (Antonius)
1683 2724 1869 2800 Bematdini
1892 2747 1933 2798 ex

1204 2862 1205 2869 ι
1279 2851 1392 2897 sorore
1406 2849 1527 2921 nepos.
1551 2831 1596 2896 ΙΙ.
1619 2829 1704 2898 118.

467 2927 650 3024 Meliguani
664 2924 848 2996 Marchio.
876 2935 910 2996 V·
926 2917 1072 2995 Medicas
1088 2916 1175 3011 (Jo-
1231 2924 1402 2997 Mendoza
1424 2926 1625 3011 (Antonius
1638 2929 1682 3009 ).
1727 2938 1760 2998 V.
1799 2922 1933 2997 Montis·

517 3049 616 3095 annes
629 3024 778 3115 ,Iacobus
788 3024 826 3103 ).

469 3123 716 3219 Melignauuut.
740 3125 769 3189 I.
791 3141 871 3212 123.

469 3220 594 3295 Melilla
605 3220 788 3316 oppidum.
816 3223 863 3287 11.
884 3218 963 3285 116.

467 3319 576 3396 Manis
597 3315 944 3417 colligendi'inventor
965 3311 1039 3408 quis
1047 3310 1174 3389 fueriti

465 3517 576 3593 Meliti
603 3522 727 3589 Comes
759 3512 941 3606 (Jacobus
971 3507 1173 3592 Mendoza)

515 3619 675 3687 Castellae
694 3612 849 3686 Concilio
873 3613 1026 3681 interest.
1048 3615 1095 3679 II.
1112 3609 1170 3678 68.

513 3715 629 3787 Caroli
658 3716 803 3784 Caesaris
826 3708 869 3779 ad
897 3707 1094 3780 Pontificem
1105 3709 1172 3777 le·

502 3832 608 3910 :gatus
633 3829 751 3881 auctor
776 3828 822 3880 est
853 3807 934 3879 arcis
954 3808 1048 3897 juxta
1081 3803 1173 3876 urbis

512 3933 647 3982 murum
672 3906 924 3979 aedificandae.
937 3911 984 3975 ll.
1001 3926 1086 3996 442.
1113 3906 1170 3973 Se-

502 4032 568 4081 *uas
600 4009 744 4097 ejusdem
778 4007 1097 4077 Caroli-voluntate
1126 3999 1170 4072 ad

500 4107 667 4180 sedandas
690 4105 863 4177 seditiones
885 4102 991 4173 lenit.
1019 4106 1065 4171 11.
1083 4122 1168 4191 442.

460 4278 466 4284 ,
507 4208 568 4279 Ad
591 4207 753 4279 Carolum
781 4209 955 4275 Caesarem
979 4200 1020 4270 de
1046 4204 1169 4270 Senen-

498 4305 593 4377 ·sium
625 4325 723 4375 motu
753 4322 786 4372 et
824 4302 973 4398 periculo
1006 4324 1027 4372 a
1063 4297 1170 4372 Gallis

507 4403 641 4475 scribit.
668 4409 715 4473 Π.
731 4424 818 4496 443.

456 4501 586 4597 Melphi
603 4502 792 4598 oppidum.
819 4502 847 4569 1.
866 4519 949 4591 254.

456 4596 671 4695 Melphomm
689 4601 863 4697 Princeps.
881 4612 914 4672 V.
936 4594 1044 4670 Doria
1060 4596 1166 4683 (An-

504 4698 658 4779 dieas).
1129 4756 1132 4763 .

453 4795 869 4883 Memoransiacus(hnna
882 4794 897 4878 )
912 4844 921 4865 .
938 4797 966 4866 1.
984 4812 1066 4886 294.
1086 4791 1167 4864 Gal·

438 4949 441 4954 -
499 4899 560 4977 liae
583 4894 817 4974 eomestabitn
846 4898 997 4970 animum
1021 4891 1167 4969 Caesaris

1198 3038 1200 3042 ’
1268 3024 1369 3094 acuti
1389 3027 1531 3094 Comes.

1231 3120 1400 3196 Mendoza
1434 3119 1701 3208 (Bemardinus
1723 3122 1738 3202 )
1764 3120 1931 3218 negotium

1267 3220 1412 3316 'suscipit
1437 3219 1580 3312 aliquem
1594 3242 1635 3290 ex
1661 3219 1816 3291 hostibus
1831 3223 1931 3289 Tune-

1267 3317 1424 3389 ·tensibus
1447 3316 1657 3412 excipiendi.
1685 3323 1715 3388 1.
1743 3340 1824 3411 375.
1851 3322 1931 3389 Cum

1264 3413 1488 3488 ·Nomadibus
1513 3414 1693 3488 fortissime
1725 3417 1883 3489 dimicat.
1906 3420 1930 3485 Ι.

1281 3519 1360 3608 376.
1384 3512 1550 3587 Ludovici
1583 3515 1797 3587 Marchionis
1820 3512 1927 3596 frater,

1265 3612 1348 3685 dux
1378 3632 1480 3706 atque
1510 3631 1628 3683 auctor
1663 3612 1861 3687 Caesarianis
1880 3611 1928 3694 fat,

1275 3729 1315 3781 ut
1341 3710 1401 3807 ipsi
1426 3734 1564 3804 quoque
1585 3710 1748 3783 adversus
1779 3713 1880 3784 hosta
1902 3731 1929 3780 se

1265 3810 1467 3892 sustineant,
1490 3831 1523 3879 et
1545 3810 1688 3881 subinde
1704 3812 1883 3908 colligant.
1904 3813 1927 3878 1.

1280 3897 1635 4000 378.Qtatuordecim
1647 3909 1839 3981 triremibus
1848 3928 1929 4004 prae-

1274 4007 1387 4079 ficitur
1417 4005 1461 4076 ad
1484 4007 1666 4103 Hispaniae
1693 4032 1795 4079 oram
1824 4028 1927 4077 tutan·

1274 4104 1371 4178 dam.
1400 4105 1460 4174 ΙΙ.
1481 4129 1560 4175 ιιι.
1599 4108 1804 4202 Hispanicae
1834 4105 1928 4176 classis

1271 4202 1457 4301 praefectus
1474 4227 1552 4274 cum
1574 4205 1701 4277 Turcis
1730 4205 1850 4302 praelio
1871 4203 1926 4272 de·

1256 4299 1403 4372 ⁴cernere
1422 4321 1589 4385 statuens,
1603 4304 1819 4375 Arboranam
1841 4304 1925 4371 insu-

1269 4403 1337 4472 lam
1353 4400 1526 4497 procedit.
1550 4407 1596 4470 ΙΙ.
1621 4408 1703 4473 116.
1721 4408 1832 4476 Hostes
1842 4422 1926 4471 con·

1270 4500 1412 4596 spicatus
1447 4523 1521 4570 suos
1558 4499 1601 4571 ad
1642 4525 1793 4602 pugnam
1829 4499 1927 4570 tehe-

1261 4618 1397 4669 menter
1418 4597 1639 4670 cohortatur.
1662 4602 1714 4671 Π.
1738 4625 1812 4693 117·
1835 4607 1927 4671 Prte-

1266 4698 1353 4770 toria
1376 4697 1501 4768 triremi
1525 4719 1680 4771 vectusa
1721 4701 1852 4773 duabus
1871 4699 1928 4770 ho-

1263 4798 1364 4866 stium
1387 4796 1596 4882 triremibus,
1614 4803 1790 4895 praetoria
1805 4821 1838 4872 et
1863 4803 1926 4872 Ca·

1262 4895 1464 4985 ramamini,
1487 4920 1736 4998 oppugnatur.
1764 4908 1814 4976 11.
1859 4915 1923 4981 119.

1858 5001 1920 5071 liae
