4034 5858
117 572 189 624 ram
210 547 330 620 habere
348 551 454 639 jusso.
483 552 628 644 II.434.
656 550 784 622 perlita

116 670 202 721 teras
232 670 265 718 et
294 650 430 720 nuntios
456 649 582 722 Albani
610 651 783 723 consilium

115 749 221 826 Metis
242 747 444 821 obsidendae
476 750 596 847 probat
623 800 635 837 ,
670 750 785 821 ceteris

116 847 290 949 praefectis
312 868 346 919 et
379 848 458 920 anni
484 871 635 947 tempore
660 848 784 920 dehor-

116 948 288 1020 tantibus.
326 953 373 1017 II.
405 954 491 1044 436.
529 953 633 1046 Supra
665 947 783 1046 viginti
835 973 837 977 ⁴

117 1048 270 1144 quinque
286 1047 464 1121 hominum
493 1047 635 1120 millibus
662 1048 783 1118 morbo

116 1148 238 1218 amissis
249 1148 429 1219 necessitati
446 1146 547 1232 cedit,
563 1170 597 1220 et
609 1148 652 1218 ab
668 1171 781 1244 oppu÷

116 1247 274 1347 gnatione
306 1249 408 1346 Metis
436 1247 594 1319 desistere
625 1251 782 1348 cogitur.

116 1354 164 1419 ll.
181 1369 263 1442 437.
291 1352 345 1419 Ex
361 1347 538 1419 Teunvilla
562 1366 621 1445 per
636 1354 783 1419 Lucem-

116 1447 265 1547 burgum
293 1449 461 1519 Bruxellas
497 1448 582 1518 circa
615 1444 783 1518 Februarii

115 1547 283 1618 Kalendas
306 1543 428 1624 afflicta
453 1546 640 1618 valetudine
661 1568 780 1644 perve-

117 1646 202 1733 nit.
221 1649 266 1718 Π.
291 1669 374 1740 437.
402 1651 466 1718 De.
482 1648 646 1718 Turcicae
675 1645 781 1718 classis

116 1746 263 1841 adventu
286 1770 305 1816 a
327 1747 510 1842 Solymano
524 1746 675 1815 Henrico
691 1745 781 1817 Gal-

115 1849 227 1917 lorum
243 1846 330 1944 Regi
347 1846 381 1917 in
402 1845 560 1916 auxilium
580 1846 690 1915 missae
706 1868 781 1914 cera

114 1947 185 2015 tior
194 1945 325 2028 factus,
342 1945 375 2013 in
393 1945 522 2014 Italiam
540 1942 582 2012 ad
599 1967 674 2013 suos
690 1966 781 2040 prae·

115 2043 245 2128 fectos,
271 2066 357 2137 quae
374 2042 446 2113 lieri
461 2044 561 2125 velit,
578 2042 709 2113 scribit.
733 2046 780 2110 ΙΙ.

116 2146 201 2236 438.
228 2141 420 2212 Senensibus
452 2166 521 2212 non
549 2141 658 2211 invitis
684 2163 780 2236 prae-

118 2245 238 2315 sidium
257 2242 400 2337 imponit
421 2240 464 2311 ad
486 2239 646 2311 factiones
667 2259 700 2310 et
713 2239 781 2310 do·

117 2344 268 2414 mesticas
298 2339 471 2410 seditiones
494 2339 716 2411 cohibendas.
732 2344 779 2409 II.

16 2518 19 2523 .
101 2453 202 2535 441.
219 2447 341 2513 Arcem
356 2441 448 2528 juxta
464 2439 553 2510 urbis
563 2463 697 2511 murum
723 2461 781 2508 ae-

117 2543 243 2616 dificari
258 2541 350 2629 jubet
366 2563 403 2608 ea
415 2537 456 2608 de
467 2563 576 2623 causa,
593 2537 690 2633 quod
701 2539 780 2634 qui-

117 2644 195 2714 dam
207 2666 246 2711 ex
258 2639 588 2737 primoribuscivibus
605 2639 701 2710 rebus
715 2664 781 2709 no-

115 2744 165 2813 vis
179 2741 335 2812 student.
364 2744 410 2808 11.
427 2760 511 2828 442.
541 2739 696 2837 Cognitis
723 2742 781 2808 Se-

116 2842 266 2914 nensium
283 2856 380 2907 motu
411 2855 444 2905 et
468 2839 613 2932 periculo
627 2862 645 2906 a
660 2837 778 2921 Gallis,

117 2940 162 3013 ad
192 2945 354 3012 Cosmum
380 2934 545 3006 Medicem
569 2938 781 3007 Florentino-

117 3065 192 3113 rum
204 3043 339 3110 Ducem
352 3032 482 3118 scribit,
499 3054 537 3105 ut
552 3035 779 3133 Hispanorum

117 3138 276 3240 praesidio
289 3158 389 3231 opem
404 3132 488 3204 serre
503 3158 544 3204 ne
556 3155 723 3233 gravetur.
733 3140 779 3205 II.

5 3302 8 3306 .
116 3262 201 3332 443.
225 3235 433 3308 Franciscum
448 3235 610 3305 Toletum
629 3237 709 3320 cuni
726 3235 780 3306 lit-

115 3341 242 3410 teris-et
266 3333 430 3405 mandatis
452 3333 485 3403 in
504 3335 633 3404 Italiam
658 3358 781 3432 prope-

117 3463 189 3511 rare
215 3435 330 3528 jubet.
369 3435 415 3501 11.
444 3430 530 3525 443.
567 3440 696 3508 Rursus
736 3432 781 3505 ad

117 3544 283 3609 Cosmum
321 3531 489 3606 Medicem
518 3551 552 3602 et
573 3533 779 3605 Franciscum

115 3638 279 3708 Toletum
294 3631 406 3704 scribit
424 3684 435 3718 ,
454 3653 492 3704 ut
511 3631 635 3702 bellum
661 3633 694 3704 in
722 3637 781 3704 Se-

116 3758 226 3807 nenses
237 3752 416 3816 renovent,
429 3732 551 3803 tradita
569 3731 676 3802 eidem
692 3737 781 3804 Cos-

117 3861 176 3909 mo
188 3832 370 3931 imperandi
381 3855 521 3903 summa.
544 3837 676 3925 II.447.
696 3833 781 3903 Tria
806 3875 823 3920 5

117 3937 366 4007 Germanorum
384 3933 485 4003 millia
508 3931 542 4001 in
569 3935 781 4030 supplemen-

50 4089 51 4092 η
114 4053 189 4104 tum
211 4030 381 4103 imminuti
409 4031 569 4103 exercitus
598 4026 781 4130 Melignani

117 4131 306 4208 Marchioni
330 4132 455 4201 mittit.
492 4136 538 4201 ΙΙ.
564 4140 649 4223 436.
685 4137 781 4202 Senas

116 4257 175 4334 per
198 4229 383 4327 Melignani
398 4230 628 4304 Marchionem
640 4231 780 4304 tandem

116 4331 256 4429 recipit.
288 4335 335 4400 Il.
358 4335 442 4420 456.
480 4333 696 4404 Tarvannam
717 4357 780 4429 op-

116 4430 258 4530 pugnari
275 4429 386 4516 jubet.
410 4434 456 4498 ll.
477 4451 559 4519 457.
590 4433 780 4502 Vehemen-

115 4551 167 4600 ter
186 4531 277 4601 dolet
289 4530 399 4600 irritos
421 4553 556 4599 suorum
580 4531 614 4600 in
631 4534 782 4602 Tarvan·

117 4653 195 4700 nam
230 4630 487 4727 irrumpentium
528 4649 689 4701 conatus.
733 4636 781 4701 Il.

115 4729 200 4820 458.
226 4729 441 4799 Tarvannam
468 4752 694 4830 expugnatam
727 4729 782 4800 di-

114 4829 167 4900 rui
203 4826 383 4922 praecipit.
414 4833 461 4898 ll.
487 4833 573 4919 462.
609 4834 781 4902 Summam

114 4927 196 5001 belli
222 4924 265 4997 ad
280 4924 430 5000 Hesdini
443 4951 551 5003 arcem
578 4955 784 5032 oppugnan-

893 548 973 622 dam
994 548 1175 647 Subalpino
1202 550 1343 647 Principi
1367 547 1493 622 defert.
1510 553 1557 621 IL

893 658 978 744 463.
1009 672 1042 722 et
1067 657 1152 743 464.
1190 649 1327 720 Hesdini
1357 675 1465 723 arcem
1496 673 1557 719 ex-

893 770 1078 851 pugnatam
1110 752 1182 820 solo
1213 750 1344 842 aequari
1370 750 1482 838 jubet.
1508 754 1554 819 II.

889 857 973 943 466.
1013 851 1248 922 Gratissimum
1284 848 1439 920 nuntium
1468 848 1555 918 acci-

889 953 937 1049 pit
966 948 1008 1019 de
1042 950 1168 1021 Mariae
1197 948 1230 1019 in
1263 948 1453 1019 Britanniae
1484 953 1553 1022 Re-

888 1075 994 1149 gnum
1023 1050 1244 1120 successione.
1278 1053 1325 1116 II.
1353 1052 1434 1138 467.
1462 1051 1553 1118 Cum

887 1150 1038 1222 Henrico
1060 1149 1299 1219 Britannorum
1334 1150 1428 1243 Rege
1463 1147 1553 1242 paci-

887 1252 1015 1333 scitur,
1043 1248 1186 1320 Mariam
1224 1268 1346 1344 septem
1383 1269 1553 1316 annorum
1597 1276 1599 1280 ⁴

888 1352 1034 1448 puellam
1058 1373 1091 1418 se
1109 1370 1247 1419 uxorem
1275 1346 1478 1418 ductumm.
1501 1349 1548 1415 II.
1572 1374 1574 1379 ·

886 1456 971 1542 467.
1004 1453 1209 1519 Trecentum
1236 1446 1438 1517 ducatorum
1475 1444 1552 1515 mil-

886 1552 931 1622 lia
966 1549 1008 1624 ab
1043 1546 1193 1619 Henrico
1225 1545 1416 1619 Britanniae
1456 1549 1552 1643 Rege

886 1668 1009 1722 mutuo
1028 1647 1171 1744 accipit.
1200 1648 1246 1716 II.
1261 1651 1345 1736 467'.
1372 1644 1548 1740 Hispaniae

885 1747 1077 1822 civitatibus
1090 1765 1125 1815 et
1147 1745 1341 1820 Proceribus
1362 1745 1548 1828 orantibus,

886 1848 1061 1920 consilium
1101 1844 1144 1915 de
1175 1843 1389 1915 matrimonio
1418 1863 1547 1937 mutat.

885 1955 933 2019 II.
971 1947 1055 2038 468.
1104 1944 1274 2015 lsabellam
1313 1942 1548 2014 consobrinam

884 2072 978 2118 suam
1008 2047 1041 2116 in
1073 2044 1324 2115 matrimonium
1351 2040 1392 2111 ad
1424 2042 1548 2137 Hispa·

886 2149 945 2218 lim
980 2144 1097 2216 ducit.
1135 2148 1183 2215 11.
1214 2145 1297 2236 468.
1332 2139 1546 2213 catherinam

887 2266 1097 2317 materteram
1117 2244 1151 2314 in
1181 2242 1309 2342 repudii
1330 2263 1425 2311 causa
1456 2240 1549 2337 apud

884 2345 1083 2419 Pontificem
1126 2346 1221 2415 Max.
1264 2342 1357 2414 fovet
1397 2338 1548 2414 adversus

886 2446 1072 2517 Henricum
1106 2440 1294 2515 Britanniae
1317 2446 1468 2537 Regem.
1500 2447 1547 2511 Il.

886 2550 969 2637 469.
998 2545 1199 2643 Agamontis
1214 2541 1385 2614 Comitem
1403 2542 1548 2639 legatum

887 2645 929 2715 de
944 2645 1084 2741 Philippi
1109 2641 1323 2712 matrimonio
1347 2638 1390 2708 ad
1406 2642 1548 2714 Mariam

887 2743 1048 2842 Reginam
1070 2742 1197 2812 mittit.
1224 2745 1271 2809 ΙΙ.
1287 2741 1370 2831 487.
1399 2738 1457 2808 nd
1472 2740 1551 2810 Phi-

886 2844 1013 2940 lippum
1038 2841 1147 2914 lilium
1175 2840 1315 2922 scribit,
1340 2856 1379 2907 ut
1409 2837 1444 2907 in
1476 2839 1549 2909 Bri·
1599 2856 1609 2865 ²

886 2943 1035 3014 tanniam
1056 2938 1260 3013 matrimonii
1279 2962 1374 3008 causa
1391 2936 1548 3036 naviget.

886 3048 933 3113 Il.
946 3047 1029 3134 496.
1042 3045 1214 3112 Navarum
1226 3037 1456 3110 Marchionem
1473 3062 1552 3108 cum

887 3142 1080 3212 muneribus
1107 3140 1141 3209 in
1180 3138 1383 3211 Britanniam
1424 3135 1551 3223 mittit,

886 3242 947 3336 qui
975 3242 1138 3340 Reginam
1161 3240 1209 3309 sui
1245 3239 1351 3308 verbis
1388 3254 1428 3307 ut
1450 3260 1552 3333 spon-

887 3365 957 3413 sam
984 3343 1124 3411 salutet.
1152 3344 1198 3408 II.
1222 3341 1305 3429 496.
1330 3336 1481 3433 Philippo
1509 3335 1551 3406 fi-

886 3442 933 3513 lio
968 3439 1173 3523 Britanniam
1204 3434 1374 3509 accedenti
1403 3438 1550 3532 legatum

887 3540 1024 3611 obviam
1041 3537 1166 3608 mittit.
1184 3543 1229 3607 II.
1253 3537 1337 3628 498.
1364 3540 1476 3630 Ipsum
1493 3557 1551 3630 per

889 3640 1038 3735 deloma
1051 3638 1310 3733 Neapolitanum
1325 3641 1455 3733 Regem
1471 3658 1550 3704 con·

887 3739 1018 3810 stituit.
1053 3743 1100 3808 Il·
1140 3756 1223 3826 499·
1267 3734 1548 3807 Mediolanensem

888 3842 1022 3910 Ducem
1061 3836 1227 3908 eumdem
1253 3835 1384 3907 occulte
1426 3832 1551 3905 consti-

887 3937 978 4007 tuit.
1013 3942 1059 4006 ΙΙ.
1088 3959 1166 4026 501.
1204 3934 1359 4006 Inducias
1399 3933 1552 4028 quinque

889 4060 1053 4108 annorum
1083 4060 1162 4106 cum
1188 4036 1336 4107 Henrico
1371 4035 1552 4124 Gallorum

889 4143 984 4235 Rege
1008 4136 1204 4233 paciscitur.
1224 4140 1273 4207 11.
1291 4155 1371 4224 512.
1400 4131 1459 4204 Ad
1484 4156 1552 4202 ma·

884 4249 993 4337 gnam'
1011 4258 1231 4308 nummorum
1257 4234 1405 4330 inopiam
1432 4229 1551 4330 redigi·

888 4358 967 4407 tur.
996 4341 1042 4406 II.
1071 4358 1151 4427 512.
1177 4337 1258 4405 Non
1285 4337 1392 4404 solum
1414 4333 1486 4403 auri
1514 4351 1549 4402 et

888 4435 1015 4532 argenti
1045 4457 1087 4506 cx
1122 4432 1217 4504 Orbe
1248 4456 1339 4504 novo
1384 4431 1551 4529 deportati

888 4535 958 4605 vim
995 4533 1221 4605 incredibilem
1251 4534 1454 4616 consumit,
1493 4529 1550 4602 sed

888 4632 1003 4705 omnia
1032 4658 1089 4705 sua
1114 4640 1255 4731 Regna,
1272 4634 1414 4705 maxime
1430 4632 1553 4728 Hispa-

888 4734 979 4806 niam
994 4783 1003 4816 ,
1017 4733 1185 4804 exinanit.
1206 4735 1259 4802 ll.
1278 4753 1357 4822 512.
1389 4738 1550 4832 Magnam

889 4832 1003 4931 regalis
1037 4831 1228 4931 patrimonii
1264 4853 1394 4929 partem
1444 4831 1550 4927 pretio

890 4932 1059 5007 distrahit.
1083 4939 1130 5006 II.
1153 4955 1231 5028 513.
1263 4939 1383 5032 Ingens
1400 4954 1450 5003 aes
1471 4929 1552 5023 alie-
1599 4995 1604 5005 ,s

1225 5043 1249 5101 F
1260 5056 1279 5102 2
1469 5052 1550 5102 num
