4034 5858
391 382 488 459 FRA

1144 318 1240 463 mo

117 487 306 571 facultate,
332 505 530 580 seruosque
558 483 645 556 intra
680 503 783 559 castra
837 484 1042 559 Franconia.
1057 485 1104 554 Π.
1128 511 1207 580 301.

37 618 39 622 ’
118 588 293 660 continet.
318 591 364 656 ΙΙ.
395 589 481 656 206.
505 586 630 657 Castris
653 586 784 658 silentio
837 586 1043 671 Praxincus(
1056 585 1221 676 Joannes)
1246 587 1430 685 Episcopus
1449 586 1552 680 Bajo·

117 689 283 789 digressus
298 686 402 757 citato
427 710 518 802 equo
538 707 604 755 sese
634 685 668 756 in
693 686 783 756 viam

119 745 204 872 dat,
225 810 286 858 nec
304 809 437 857 cursum
454 783 658 899 intermittit,
675 785 783 856 donec

121 888 261 961 Guisam
288 884 454 1002 oppidum
485 885 595 956 venit.
622 889 668 955 ΙΙ.
702 888 783 954 ιο6.

115 987 331 1067 Barbaroxae
350 985 478 1069 mittit,
494 1005 533 1055 ut
549 984 701 1080 exposito
722 983 786 1054 mi·

119 1087 176 1160 lite
200 1086 358 1157 Nicaeam
380 1085 497 1155 urbem
518 1104 711 1182 oppugnet.
735 1087 781 1154 II.

122 1189 203 1258 208.
241 1185 409 1254 Omnium
443 1184 711 1256 Christianorum
744 1207 786 1252 o-

120 1285 222 1358 dium
248 1284 387 1355 incurrit
424 1303 562 1381 propter
599 1285 667 1372 ejus
705 1305 784 1353 cum

118 1384 241 1456 Turcis
259 1384 468 1455 societatem.
483 1390 535 1455 ΙΙ.
547 1401 626 1467 209.
647 1391 784 1454 Petrum

887 684 994 756 nensis
1013 685 1151 755 chrici
1171 688 1271 782 Regis
1297 690 1422 785 legatus
1439 691 1553 784 copia

889 809 964 856 rum
991 781 1089 854 duces
1113 783 1265 854 adversus
1284 789 1446 857 Carolum
1463 793 1553 859 Cae·

887 906 993 955 sarem
1024 883 1266 955 Donauerdam
1314 885 1553 958 contendentes

858 985 860 989 ’
889 1000 1089 1054 assectatur.
1126 987 1172 1053 ΙΙ.
1196 1006 1280 1077 417.
1313 990 1352 1055 In
1381 986 1552 1059 consilium

890 1081 1090 1153 adhibetur.
1110 1086 1213 1152 ΙΙ.
1172 1103 1217 1172 42
1222 1108 1254 1153 0.
1276 1083 1555 1166 Passaviumcon·

890 1181 1012 1265 venit,
1046 1199 1080 1250 et
1104 1181 1138 1251 in
1170 1183 1360 1280 Principum
1384 1204 1554 1254 conventu

890 1279 1056 1397 quaedam
1078 1280 1121 1352 ad
1140 1285 1287 1353 Caesaris
1305 1281 1466 1353 invidiam
1480 1306 1556 1380 per
1647 1310 1648 1314 ¹

890 1380 1030 1452 tinentia
1043 1381 1224 1478 proponit,
1248 1381 1367 1453 etde
1362 1382 1493 1472 injuriis
1509 1382 1554 1452 ab

118 1489 274 1556 Strozum
287 1482 330 1554 ad
346 1503 506 1567 sevocat,
523 1501 562 1552 ut
574 1482 692 1552 milites
706 1504 784 1552 con-

118 1583 245 1656 ducat.
266 1589 313 1653 II.
328 1603 409 1672 214.
440 1576 785 1675 Helvetiorum'qua·

118 1681 307 1754 tuordecim
324 1682 426 1753 millia
442 1679 626 1753 conducit.
651 1686 781 1771 II.245.

115 1783 303 1855 Brisaceum
323 1779 526 1879 praefectum
558 1802 635 1851 curn
659 1780 782 1850 anxilio

116 1881 287 1954 Sandesirii
314 1881 446 1952 obsessis
470 1879 592 1951 mittit.
619 1884 667 1948 II.
699 1880 781 1969 248.

38 1981 43 1990 ’
116 1981 312 2053 Gabrielem
336 1982 557 2051 Guzmanum
573 1976 782 2049 Monachum

890 1481 1008 1551 eodem
1029 1483 1116 1578 Regi
1145 1504 1206 1550 suo
1227 1481 1331 1557 illatis
1346 1483 1555 1578 expostulat.
1590 1481 1592 1487 ’

843 1584 1054 1778 ΡιιΙςΙΙιιΙμιΙό)
1071 1679 1219 1749 Adornis
1253 1681 1375 1751 Genua
1412 1678 1556 1776 depulsi3

891 1782 934 1850 ab
962 1779 1115 1875 Hispanis
1131 1778 1359 1850 reducuntur.
1379 1783 1407 1849 1.
1422 1801 1507 1871 444.
1545 1862 1548 1867 Γ

840 1882 1057 1977 Fregosorum
1072 1876 1173 1949 factio
1188 1880 1349 1949 Genuae.
1373 1887 1401 1951 I.
1424 1902 1502 1974 134.

839 1989 999 2075 Fregosus
1022 1978 1202 2063 (Caesar)
1229 1979 1385 2048 Genuam
1419 1977 1555 2076 recipit.

117 2080 338 2162 adhortatur,
351 2097 388 2147 ut
412 2075 649 2173 pacificationis
662 2098 783 2146 aucto-

117 2201 190 2251 rem
223 2195 257 2246 et
288 2179 501 2272 interpretem
529 2198 562 2245 se
609 2176 786 2272 praebeat..

119 2282 167 2349 ΙΙ.
197 2298 278 2365 250.
307 2281 450 2374 Legatos
471 2297 527 2346 sex
552 2273 598 2343 dc
632 2298 716 2372 pace.
738 2274 787 2346 ad·

118 2377 282 2448 Carolum
308 2374 435 2445 mittit.
467 2380 514 2445 11.
540 2394 631 2464 251..
663 2381 779 2445 Pacem

117 2498 177 2572 per
193 2499 280 2545 suos
304 2476 432 2572 legatos
454 2473 550 2544 certis
578 2471 782 2544 conditioni-

117 2575 181 2646 bus
200 2573 244 2645 ad
261 2575 447 2671 Crepinum
471 2575 648 2645 castellum-
662 2574 783 2644 consti·

118 2674 207 2744 tuit.
244 2679 290 2744 ΙΙ.
316 2695 399 2764 254.
429 2674 607 2744 Auxilium
630 2671 805 2744 adversus·

117 2775 249 2855 *furcas
278 2796 309 2843 se
333 2772 561 2868 praebiturum
595 2771 781 2886 pollicetur.

9 2947 17 2973 ‚
119 2874 166 2944 ΙΙ.
186 2891 269 2962 255.
296 2868 509 2962 Quidquid
499 2871 578 2959 5uris
604 2870 757 2940 habeat
747 2895 782 2940 ιιι

119 2976 279 3070 Regnum
321 2969 579 3068 Neapolitanum
596 2968 788 3054 ,remittit.

120 3072 166 3140 ΙΙ.
198 3090 281 3158 255.
308 3069 422 3140 Fidem
450 3063 505 3138 dat
539 3093 729 3162 numquam
752 3091 784 3139 se

120 3190 292 3239 auctorem
312 3167 518 3240 santorcmve
534 3167 606 3239 fore
623 3174 782 3267 Regnum

119 3269 286 3339 Navarrae
305 3267 392 3340 bello
409 3267 599 3365 repetendi.
624 3272 670 3338 11.
701 3288 783 3357 255.

119 3368 211 3439 Pacis
231 3366 366 3437 obsides
376 3387 524 3462 quatuor
539 3368 618 3437 dat.
643 3372 688 3438 II.
700 3387 783 3457 255.

118 3471 212 3536 Cum
236 3467 378 3541 maxime
417 3467 645 3564 periclitatur,
668 3487 783 3560 pacem
831 3539 833 3545 ,

118 3565 250 3635 obtinet
270 3589 289 3635 a
316 3568 477 3637 Caesare.
500 3567 549 3636 ΙΙ.
565 3569 650 3656 25-6.
675 3565 784 3636 Nullis

120 3665 211 3761 pacis
229 3663 479 3736 conditionibus
505 3684 596 3734 stat.
630 3668 682 3734 ΙΙ.
701 3668 782 3755 256.

119 3765 266 3834 Varveni
300 3762 456 3860 praefecti
497 3766 635 3860 culpam
666 3766 792 3835 Bono-

117 3864 209 3932 niam
242 3862 376 3933 tradere
405 3863 557 3936 hostibus
593 3863 708 3934 coacti·
746 3863 781 3934 in

118 3961 207 4031 Ubia
257 3986 395 4057 quoque
440 3985 553 4033 socurn
603 3960 781 4047 vindicat,

37 4085 39 4089 ’
117 4083 219 4154 quern
245 4060 287 4130 de
315 4086 348 4132 se
375 4062 614 4132 benemerituru
648 4061 682 4130 Ιιι
706 4062 781 4131 vin-

117 4161 191 4230 cula
218 4159 379 4248 conjicit,
408 4181 442 4230 et
466 4158 673 4258 praefectura
701 4183 780 4231 cnm

115 4258 299 4357 ignominia
324 4259 454 4355 privat.
480 4262 525 4330 ΙΙ.
546 4264 626 4331 260.
652 4261 781 4330 Occul-

114 4376 149 4428 te
179 4359 430 4428 Germanorum
457 4357 677 4430 defectionem
698 4359 779 4444 alit,

886 2083 919 2147 Ι.
937 2097 1018 2168 247.
1044 2076 1205 2153 Adornos
1236 2079 1362 2156 Genua,
1400 2076 1556 2174 expellit.

890 2180 919 2247 1.
935 2197 1020 2267 445·
1048 2178 1106 2247 Ab
1132 2174 1269 2246 Andrea
1297 2175 1404 2247 Doria
1433 2181 1558 2250 Genua

891 2277 1054 2372 pellitur.
1075 2281 1106 2345 ΙΙ.
1127 2295 1212 2366 445.
1241 2275 1381 2346 Pecunia
1405 2300 1422 2346 a
1452 2281 1556 2347 Fran-

893 2375 981 2446 cisco
1008 2378 1101 2470 Rege
1131 2376 1225 2444 missa
1255 2374 1378 2444 milites·
1392 2374 1433 2445 in·
1460 2374 1558 2447 Italia

851 2528 852 2531 ,
875 2472 1131 2545 ¹conducendos
1153 2492 1271 2544 cruat.
1297 2480 1325 2544 I.
1349 2481 1444 2568 446..
1463 2481 1557 2547 Cum

894 2575 1000 2645 Gallis
1027 2575 1185 2644 Genuam
1210 2594 1402 2671 oppugnat.
1427 2580 1460 2646 Ι.
1471 2597 1557 2669 447.

891 2679 953 2744 Per
976 2673 1228 2743 caduceatorem
1250 2674 1481 2745 Genuensibus
1500 2675 1559 2744 de·

889 2773 1056 2854 nuntiat,
1054 2791 1102 2840 ut
1116 2796 1181 2841 mar
1166 2771 1319 2841 hostilia
1333 2793 1402 2868 patr
1393 2774 1560 2844 urbem·

891 2893 958 2963 que
978 2869 1086 2982 diripi
1105 2871 1242 2954 velint,
1269 2893 1332 2940 sese
1351 2874 1385 2943 in
1411 2893 1558 2968 potcsta-

892 2988 961 3039 tem
982 2966 1196 3065 permittant.
1225 2975 1361 3064 I..447
1384 2972 1556 3045 Rinconio

892 3069 1059 3138 Venetias
1076 3068 1295 3161 proficiscenti
1318 3095 1350 3141 se
1373 3073 1503 3144 socium
1522 3090 1558 3142 et

892 3167 1050 3239 ducem
1040 3167 1163 3238 ttineris
1192 3166 1265 3240 fore
1296 3170 1495 3266 pollicetur,
1523 3189 1558 3242 et

892 3270 1033 3339 salutare
1053 3268 1227 3351 consilium
1250 3269 1310 3365 ipsi
1333 3270 1490 3367 praebet.
1507 3274 1556 3340 ΙΙ.

898 3369 982 3456 158.
1022 3372 1114 3440 Cum
1153 3368 1324 3440 Rinconio
1367 3369 1557 3440 naviculam

890 3463 1111 3537 conscendens
1131 3465 1276 3537 secundo
1299 3465 1391 3537 Pado
1406 3468 1559 3539 Venetiae

891 3567 1051 3662 navigat.
1040 3566 1113 3634 ..ΙΙ
1135 3578 1212 3654 159.
1242 3565 1426 3637 Aduobus
1446 3566 1557 3638 militi

890 3665 953 3736 bus
968 3663 1123 3761 Hispanis
1138 3663 1315 3735 occiditur.
1333 3667 1380 3733 ΙΙ.
1402 3668 1444 3735 16
1451 3689 1490 3734 ι

841 3765 999 3864 Frcgosus
1022 3761 1280 3850 (Octavianus)
1304 3787 1378 3834 suae
1401 3760 1564 3837 factionis-

889 3865 1045 3963 princeps
1086 3863 1266 3934 Gallorum
1306 3863 1488 3936 studiosus.
1524 3868 1561 3935 Ι..

887 3986 974 4058 1134.
1002 3959 1156 4058 Capitur.
1174 3965 1202 4030 I.
1228 3966 1305 4056 146.
1339 3968 1420 4033 Suae
1435 3961 1557 4034 factio-

888 4064 939 4133 nis
963 4060 1112 4158 princeps
1146 3986 1325 4132 Gallorum
1363 4082 1470 4158 partes
1506 4084 1556 4130 se-

890 4161 1036 4255 quitur..
1052 4163 1080 4228 I.
1096 4180 1189 4249 444.
1216 4162 1446 4233 Genuensium
1470 4163 1563 4233 Dux:

888 4260 996 4333 factus
1015 4260 1107 4329 Galli
1126 4265 1229 4356 Regis
1249 4259 1384 4329 nomine
1400 4261 1564 4332 remGe·
1615 4322 1616 4327 ,

888 4381 1046 4430 nnensem
1065 4357 1292 4428 administrat.
1308 4364 1431 4452 I.445.

114 4455 268 4528 aduersus
291 4459 462 4556 Carolum
470 4457 656 4550 ,idemque
677 4481 780 4528 num·
838 4461 990 4533 Friarurn
1014 4460 1125 4527 Dux.
1144 4471 1178 4532 V.
1219 4459 1376 4533 Velascus
1410 4464 1565 4546 (Petrus.

115 4578 248 4625 morum
269 4574 515 4628 coronatorum
532 4555 682 4629 ducenta
704 4556 780 4628 mil

887 4554 1170 4637 Pernandus).

113 4654 159 4723 lia
180 4654 310 4725 Hessiae
338 4655 542 4753 Lantgrauio
565 4676 598 4725 et
622 4657 779 4730 Senoniae
837 4656 1051 4755 Pridigemns
1073 4652 1286 4727 Gottbonrm
1310 4662 1407 4732 Rex.
1429 4661 1541 4748 I..25

114 4752 208 4822 Duci
230 4753 355 4824 mittit.
391 4761 444 4827 ΙΙ.
467 4755 545 4849 408.
577 4759 707 4826 Annos
719 4758 780 4825 tri
838 4757 1084 4853 Frodcspcrgus
1099 4756 1280 4852 (Gaspar)
1304 4758 1557 4832 Germanorum

114 4868 206 5023 44ὓῐ3
226 4851 300 5022 {1110
328 4872 506 4950 regnat,et
523 4878 542 4928 a
558 4843 626 4937 rita
639 4854 779 4954 migrat.

181 4973 223 5045 40

888 4815 1076 4957 praefectus
1126 4855 1405 4934 Mediolanensem
1446 4874 1559 5028 arcelrpa⁴

1491 4980 1515 5027 0
