4110 5888
366 332 370 337 ’
468 372 601 443 txu.
953 363 1463 439 suMMnnruM.

532 492 710 578 XXVIII.
770 489 986 576 Britannicis
1012 490 1184 575 tumulti·
1234 489 1342 592 lum,
1374 491 1565 606 tripudia,
1589 488 1837 578 saltationes.
1947 538 1953 562 κ

473 614 543 699 bus
559 612 722 717 sedatis,
745 609 902 695 Carolus
925 612 1038 693 Cesar
1066 609 1104 693 in
1118 609 1184 694 Hi·
1293 613 1478 695 XXXIV.
1538 609 1694 723 Vesperi
1727 615 1833 728 Rege
1878 617 1951 698 Re·

471 732 639 848 spaniam
666 731 715 817 ad
734 729 945 841 Philippum
963 725 1080 812 filium
1106 728 1182 815 mit·
1233 729 1396 846 ginaque
1413 728 1608 845 separatim
1639 731 1832 836 coenatis,
1865 735 1956 818 Un-

469 853 551 957 tit,
585 875 629 936 ut
659 851 698 935 in
724 845 955 932 Britanniam
1002 846 1180 962 naviget.
1232 849 1436 933 chestrinus
1466 847 1673 963 Episcopus
1715 847 1832 936 thoro
1872 881 1946 937 nu-

468 970 657 1086 Philippus
680 960 952 1083 profectionem
985 991 1122 1080 urget,
1144 988 1184 1050 et
1232 966 1334 1080 ptiali
1373 965 1576 1053 benedicit.
1621 966 1790 1083 Reginae
1837 968 1949 1056 bene·

467 1082 636 1206 legatum
669 1116 758 1171 cum
788 1083 1002 1169 muneribus
1034 1084 1084 1168 ad
1110 1088 1182 1168 Re·
1233 1083 1400 1172 volentia
1426 1111 1466 1172 et
1497 1084 1707 1171 humanitas
1753 1115 1846 1204 erga
1883 1088 1953 1177 Al·

468 1206 594 1323 ginam
623 1205 674 1292 ite
703 1204 898 1321 praecipit.
1175 1278 1177 1283 s
1234 1201 1320 1288 bani
1343 1205 1458 1290 Ducis
1490 1232 1666 1288 uxorem.
1704 1204 1862 1320 Hispani
1888 1239 1951 1320 pa·

525 1328 670 1411 XXIX.
728 1328 832 1406 Tum
848 1384 860 1428 ‚
878 1321 1031 1433 Joanna
1054 1318 1190 1407 sorore*
1234 1351 1319 1407 rum
1350 1323 1578 1439 hospitaliter
1609 1352 1633 1405 a
1664 1322 1847 1408 Britannis
1876 1349 1953 1412 tra·

464 1471 511 1530 ex
526 1439 756 1560 Porrugallia
775 1441 824 1527 ad
853 1441 1035 1527 Castellae
1049 1469 1181 1557 procu·
1233 1460 1406 1527 crantur.
1456 1441 1625 1527 Militum
1667 1439 1707 1524 in
1753 1442 1948 1559 Belgium,

464 1562 649 1648 rationem
679 1584 865 1664 evocata,
891 1561 930 1645 In
952 1559 1180 1644 Gallaeciam
1233 1561 1388 1647 navium
1420 1560 1460 1645 in
1494 1558 1713 1673 Hispaniam
1744 1560 1907 1646 reditus.
1946 1558 1949 1562 ⁴

465 1681 599 1788 venir,
626 1681 692 1767 ubi
721 1679 863 1795 legatos
904 1681 1001 1765 duos
1044 1679 1180 1765 obvios
1293 1681 1461 1764 XXXV.
1524 1677 1684 1763 Carolus
1710 1681 1848 1763 Caesar
1876 1683 1947 1795 pria

461 1799 581 1885 habet
615 1830 638 1883 a
673 1798 885 1884 Britanniae
919 1797 1064 1914 Regina
1106 1802 1178 1882 Re·
1232 1829 1339 1883 mum
1386 1798 1536 1884 occulte
1573 1859 1586 1903 ,
1641 1794 1777 1882 deinde
1825 1798 1953 1912 palam

465 1947 639 2120 gnpggpp<
654 1916 800 2119 puplhphe
827 1915 972 2050 missos.
1231 1916 1521 2122 Meppplhanensis
1549 1921 1719 2121 {lucano
1747 1919 1945 2031 possessio-

642 2094 686 2118 -
819 2063 856 2149 pr
888 2064 935 2121 ex
961 2058 1172 2148 portuma·
1229 2063 1281 2121 ne
1515 2064 1559 2122 ce
1598 2060 1639 2121 t.

490 2181 543 2239 no
567 2183 656 2240 curn
680 2067 896 2239 classepexx.
918 2153 1071 2240 navium
1092 2182 1176 2269 pro
1291 2069 1483 2243 XXXVIi
1536 2151 1754 2241 Ludovicus
1798 2154 1947 2246 Cordu-

461 2182 601 2357 iectio.
627 2278 831 2359 Procerum
857 2333 869 2377 ,
899 2296 938 2357 et
968 2271 1176 2388 principum
1230 2270 1281 2357 ba
1323 2299 1408 2362 tum
1447 2270 1657 2361 Mediolani
1700 2273 1828 2381 urbis,
1864 2300 1949 2364 tum

459 2391 630 2478 urorum
675 2420 765 2479 eunt
810 2390 1069 2487 assectantium
1106 2419 1176 2480 no·
1229 2391 1322 2477 arcis
1364 2422 1436 2510 pro
1465 2391 1637 2507 Philippo
1679 2393 1949 2506 possessionem

458 2510 587 2607 mina.
621 2586 625 2594 .
1231 2511 1497 2626 apprehendit.
1547 2510 1654 2596 Idem
1716 2510 1755 2595 in
1805 2515 1947 2628 Regno

520 2631 668 2716 XXXI.
728 2627 861 2716 Classis
893 2629 933 2717 in
971 2652 1045 2716 tres
1083 2629 1177 2717 acles
1230 2632 1487 2745 Neapolitano
1539 2626 1712 2713 Piscariae
1764 2630 1947 2716 Marchio

460 2749 635 2862 partitio.
668 2747 838 2864 Philippo
866 2751 918 2836 ad
944 2748 1175 2835 Britanniam
1230 2748 1401 2863 perlicit,
1433 2747 1638 2864 diplomate
1683 2743 1872 2834 clientelae
1923 2780 1948 2836 a

420 2866 654 2954 ·accedenti
681 2867 807 2953 Caroli
839 2892 879 2955 et
909 2867 1093 2956 Pernandi
1124 2869 1177 2958 le·
1230 2867 1333 2979 Julio
1358 2875 1419 2955 III.
1447 2864 1629 2955 Pontifice
1660 2866 1832 2954 Maximo
1875 2866 1946 2955 irn-

462 2986 541 3100 gati
581 3014 670 3073 cum
710 2985 866 3103 Belgicis
911 2987 1069 3072 navibus
1119 3023 1174 3072 xr.
1230 3013 1400 3100 pettato.

461 3103 587 3190 obvii:
607 3105 874 3191 Britannorum
908 3106 1076 3220 Reginae
1110 3135 1178 3192 na·
1289 3107 1488 3192 XXXVII.
1514 3146 1517 3148 ·
1546 3102 1737 3192 Pontificis
1765 3104 1943 3191 Cardina·

464 3222 625 3308 varchus
655 3251 743 3309 cum
789 3223 951 3309 navibus
993 3223 1177 3309 Britanni·
1230 3219 1397 3341 liumque
1427 3229 1583 3310 Senatus
1620 3224 1849 3309 Britanniam
1893 3225 1946 3313 ad

465 3338 542 3445 cis,
559 3341 625 3456 qui
655 3371 743 3427 eum
777 3340 1054 3455 nonnullosque
1086 3347 1177 3429 Pro·
1229 3343 1465 3430 Catholicam
1481 3342 1610 3429 Fidem
1631 3341 1835 3428 revocandi
1853 3369 1942 3429 con-

463 3460 627 3543 ceresin
657 3460 832 3574 scapham
865 3459 1071 3572 praetoriae
1111 3489 1178 3547 na·
1229 3459 1366 3547 silium.
1404 3459 1601 3578 Reginaldi
1634 3459 1715 3548 Poli
1745 3458 1942 3568 doctrina,

468 3574 523 3664 vis
547 3603 722 3692 exceptos
745 3583 941 3664 Antonam
973 3572 1144 3664 devehit.
1225 3577 1341 3665 virtus
1356 3579 1423 3684 ,in
1462 3578 1718 3665 Cardinalium
1741 3578 1943 3695 collegium

514 3695 675 3780 XXXII.
727 3696 820 3782 Inde
844 3695 1100 3783 Unchestrum
1116 3725 1176 3810 pe·
1226 3697 1451 3813 cooptatio,
1478 3722 1517 3783 et
1545 3697 1595 3783 ad
1628 3696 1811 3782 Carolum
1841 3696 1939 3783 Cae-

465 3806 574 3898 dibus
605 3812 776 3927 procedit
806 3812 994 3930 Philippus
1023 3814 1073 3900 ad
1109 3819 1180 3900 Re·
1227 3844 1346 3901 satem
1380 3816 1418 3900 in
1453 3816 1624 3932 Belgium
1669 3843 1758 3900 curn
1789 3815 1940 3902 Pontifi·

464 3930 594 4047 ginam
632 3962 848 4046 sponsam,
896 3932 957 4018 cui
997 3931 1179 4018 annulum
1226 3933 1276 4020 cis
1307 3931 1490 4019 mandatis
1519 3936 1608 4019 iter.

464 4077 622 4135 aureum
635 4113 645 4157 ,
658 4049 883 4165 sponsalium
898 4049 1076 4156 arrham,
1099 4084 1179 4139 mu·
1286 4054 1499 4139 XXXVIII.
1561 4047 1717 4165 Philippi
1753 4076 1792 4138 et
1836 4054 1943 4170 Regi·

464 4189 536 4253 tuo
555 4169 683 4255 mittit.
724 4169 909 4284 PhilippI,
941 4193 980 4256 et
1010 4171 1179 4286 Reginae
1226 4198 1297 4255 nae
1324 4169 1427 4284 apud
1455 4168 1647 4281 primarios
1680 4169 1779 4258 cives
1809 4171 1945 4259 eadem

464 4284 729 4401 colloquium,
759 4318 842 4403 quo
874 4288 1027 4404 quidem
1072 4295 1173 4373 Nea·
1225 4289 1273 4374 de
1299 4316 1339 4373 re
1362 4283 1507 4373 officia.
1541 4286 1678 4374 Totius
1710 4286 1834 4403 Regni
1862 4290 1942 4373 Bri·

464 4403 636 4518 pohtano
661 4408 767 4521 Rege
798 4406 985 4513 salutato,
1004 4434 1060 4495 res
1085 4406 1177 4495 divi·
1222 4405 1371 4493 tanniae
1404 4404 1562 4491 Concilii
1601 4407 1659 4489 lex
1686 4405 1736 4489 de
1768 4404 1948 4518 Reginal-

462 4550 514 4607 na
560 4521 789 4640 nuptiaeque
820 4525 952 4645 Regali
997 4524 1174 4613 caerimo
1223 4523 1277 4611 do
1306 4525 1403 4611 Polo
1434 4552 1523 4607 suae
1542 4521 1712 4638 dignitati
1734 4547 1774 4607 et
1792 4519 1949 4635 patriae

462 4640 524 4728 nia
552 4640 805 4732 celebrantur.
1223 4639 1478 4728 restituendo.
1628 4694 1631 4699 >
1946 4717 1947 4721 Ν

543 4761 722 4849 ΧΧΧΠΙ.
797 4759 1043 4878 Splendidam
1085 4790 1178 4881 epu-
1269 4762 1456 4853 XXXIX.
1504 4757 1718 4876 Reginaldo
1729 4757 1831 4852 Polo
1846 4766 1948 4848 Lon·
