3998 5850
428 419 669 504 canon
711 420 765 500 v.
810 418 927 499 trs.
965 417 1122 499 xxx.
1418 430 1502 521 513

85 612 294 683 'consueta
345 572 522 676 tributa
582 611 624 675 et
673 574 919 675 exactiones
962 610 1286 713 suppeterent,
1336 579 1549 720 magnanr

79 724 259 867 Regalis
311 719 569 863 patrimonii
618 757 787 862 partem
838 717 980 860 pretio
1023 718 1264 839 distraxit,
1315 725 1548 866 multaque

77 876 295 1015 praeterea
349 866 534 1004 oppida
577 899 619 963 et
662 867 827 991 vicos,
868 900 1059 1003 quorum
1103 859 1265 963 finctus
1311 868 1542 1007 Religiosis

79 1011 299 1157 equitibus
333 1019 432 1107 'aur
484 1004 715 1108 Monachis
752 1008 916 1106 alendis
953 1043 1073 1107 eraut
1110 1006 1341 1126 attributi,
1359 1013 1430 1112 sed
1466 1054 1540 1113 au·

81 1191 280 1258 ctoritate
329 1149 575 1252 Pontificia¹
601 1150 798 1250 vendidit
830 1228 846 1270 ,
880 1163 923 1249 et
965 1152 1070 1250 item
1107 1192 1176 1250 aes
1217 1152 1404 1255 alienum
1447 1164 1544 1260 tam

81 1300 295 1443 ingens,
317 1331 359 1397 et
394 1332 485 1395 tam
520 1296 644 1436 gravi
678 1286 903 1413 foenore,
941 1296 1065 1435 quod
1101 1337 1232 1395 census
1268 1334 1310 1397 et
1346 1308 1540 1402 camr'r'om's

82 1444 265 1547 nomine
309 1439 620 1581 praetexitur,
666 1439 924 1558 contraxit,
965 1473 1014 1536 ut
1065 1437 1107 1537 ei
1156 1441 1419 1579 exsolvendo
1463 1445 1539 1546 vix

83 1588 284 1728 quinque
320 1622 394 1684 aut
430 1590 501 1683 sex
536 1582 898 1724 consequentium
933 1598 1147 1687 annorum
1186 1584 1412 1728 vectigalia
1447 1584 1539 1689 suf-

77 1731 280 1836 ficerent.
763 1772 765 1780 '

169 1888 227 1977 V.
314 1884 467 2017 ltaque
510 1875 560 1976 in
602 1874 736 1976 tantis
779 1874 989 2019 angustiis
1031 1875 1180 1976 aerarii
1223 1877 1294 1976 ad?
1322 1875 1537 2018 quasdam

77 2020 288 2163 pecuniae
330 2018 627 2119 conficiendae
679 2056 832 2159 parunt
874 2058 917 2117 se
959 2021 1112 2161 dignas
1156 2020 1343 2119 rationes
1394 2020 1534 2120 inrer-

28 2157 31 2162 *
80 2166 192 2262 dum
228 2163 484 2263 descendere
520 2162 784 2303 cogebatur.
828 2175 1113 2303 Quamquam
1151 2161 1267 2274 nihil
1306 2161 1536 2303 pervim,

82 2305 196 2406 nihil
239 2306 462 2440 tyrannice
520 2309 787 2409 conabatur.
853 2308 994 2423 Quod
1035 2304 1155 2405 enim
1202 2305 1407 2405 Ecclesias
1456 2307 1537 2409 diu

77 2449 357 2588 Clericosque
399 2449 630 2589 vectigales
675 2446 827 2547 habuit
872 2486 948 2586 per
993 2488 1162 2549 causam
1206 2447 1535 2553 Mahumetanis
1617 2519 1620 2525 ·

77 2591 242 2696 Christi
277 2592 469 2691 nominis
505 2591 700 2693 hostibus
736 2591 1006 2710 obsistendi,
1042 2592 1087 2690 id
1124 2630 1217 2689 nou
1253 2592 1340 2690 sine
1376 2594 1534 2692 volun·
1668 2622 1670 2634 ·
1815 2600 1820 2609 '

75 2770 167 2836 rate
221 2773 265 2833 et
315 2734 565 2873 interposita
609 2730 829 2833 Pontificis
865 2732 1059 2834 Maximi
1094 2735 1350 2833 auctoritate
1397 2729 1533 2834 facie⁴
1626 2794 1627 2797 κ

76 2877 183 2979 bat.
224 2876 350 2996 Quin
386 2878 657 2976 etiamtum
693 2913 871 3015 cuperet
924 2877 1076 2977 eadem
1127 2875 1350 2978 Pontificis
1385 2916 1532 2979 aucto*

78 3022 204 3122 ritate
256 3020 430 3159 oppida
462 3054 505 3120 et
549 3019 669 3120 vicos
705 3059 857 3118 omnes
892 3018 1209 3118 Ecclesiasticae
1245 3020 1422 3120 ditionis
1456 3060 1533 3163 pet

50 3162 318 3266 'Castellam
371 3166 606 3283 vendere,
657 3162 874 3304 religione
940 3198 1085 3262 tamen
1142 3160 1391 3303 prohibitus
1441 3202 1533 3286 est,

78 3343 354 3449 quamquam
392 3307 584 3407 maxima
625 3306 692 3404 vis
726 3307 830 3405 inde
874 3307 1158 3448 pecuniarum
1205 3305 1362 3405 confici
1399 3338 1531 3446 pore-

75 3487 174 3570 rat,
208 3487 250 3550 et
285 3449 383 3550 eam
417 3443 671 3550 facultatem
706 3490 732 3550 a
775 3448 902 3586 Julio
938 3448 1094 3548 Tertio
1131 3446 1344 3548 Pontifice
1380 3452 1531 3552 Maxi-

79 3633 160 3696 mo
197 3593 435 3736 impetrare
479 3631 697 3694 nouerat
739 3588 955 3710 difficile,-
988 3631 1038 3694 ut
1073 3601 1164 3725 ejus
1199 3594 1411 3712 leatus,
1451 3595 1532 3735 qui

76 3738 277 3838 animum
314 3739 360 3837 in
398 3738 528 3879 pretii
564 3775 733 3878 partem
769 3737 1032 3853 intenderat,
1069 3632 1355 3858 ostendebat,
1376 3773 1420 3838 et
1452 3778 1531 3840 cu·

71 3882 176 4023 pide
206 3882 361 4024 ¹Caroli
394 3882 667 3983 administros
704 3881 862 3981 eodem
898 3874 1240 3983 adhortabatur.

146 4033 222 4124 VI.
296 4026 469 4125 Veritus
505 4025 659 4144 enim,
696 4025 743 4124 id
781 4024 903 4163 quod
941 4059 1059 4141 erat,
1094 4023 1303 4142 Carolus,
1323 4062 1378 4123 ne
1413 4030 1531 4124 Pon-

71 4163 202 4266 tificis
239 4168 466 4308 permissio
493 4169 731 4309 cupiditate
768 4169 906 4311 magis
936 4205 1116 4307 propter
1152 4169 1282 4307 pretii
1311 4169 1530 4305 paciscen-

76 4310 181 4409 dam
225 4311 479 4452 portionem
515 4390 527 4430 ,
565 4352 700 4450 quam
741 4320 832 4442 jure
876 4312 1130 4430 niteretur,
1165 4351 1217 4409 ex
1259 4310 1411 4451 Belgio
1456 4349 1531 4451 per

72 4450 235 4552 litteras
273 4452 527 4595 Philippum
564 4453 734 4574 filium,
775 4457 854 4596 qui
890 4491 994 4553 tunc
1029 4455 1287 4595 Hispaniam
1326 4493 1529 4594 procura·
1634 4501 1637 4505 ·

72 4589 152 4694 bar
184 4671 199 4713 ,
236 4595 302 4695 his
338 4601 395 4699 de
428 4595 556 4698 rebus
599 4640 769 4740 suoque
804 4600 985 4698 consilio
1028 4599 1256 4697 certiorem
1300 4592 1405 4698 facit
1439 4671 1456 4721 ,
1490 4632 1532 4700 et

69 4740 181 4880 quid
205 4735 298 4838 fieri
326 4743 432 4843 velit
444 4820 459 4864 ,
479 4744 700 4846 ostendit.
734 4741 992 4885 Philippus,
1021 4740 1285 4881 quibusdam
1312 4779 1532 4885 praestan

143 4887 254 4986 Tou.
270 4893 325 4986 II.
971 4893 1057 4986 Ttt
1490 4916 1535 4983 te
