<?xml version="1.0" encoding="UTF-8"?>
<!DOCTYPE html PUBLIC "-//W3C//DTD XHTML 1.0 Transitional//EN"
    "http://www.w3.org/TR/xhtml1/DTD/xhtml1-transitional.dtd">
<html xmlns="http://www.w3.org/1999/xhtml" xml:lang="en" lang="en">
 <head>
  <title>
</title>
<meta http-equiv="Content-Type" content="text/html;charset=utf-8" />
  <meta name='ocr-system' content='tesseract 3.04.00' />
  <meta name='ocr-capabilities' content='ocr_page ocr_carea ocr_par ocr_line ocrx_word'/>
</head>
<body>
  <div class='ocr_page' id='page_1' title='image "./joannisgenesiis00sepgoog_0248.png"; bbox 0 0 4170 5866; ppageno 0'>
   <div class='ocr_carea' id='block_1_1' title="bbox 440 454 1486 576">
    <p class='ocr_par' dir='ltr' id='par_1_1' title="bbox 440 454 1486 576">
     <span class='ocr_line' id='line_1_1' title="bbox 440 454 1486 576; baseline 0.009 -37"><span class='ocrx_word' id='word_1_1' title='bbox 440 454 685 539; x_wconf 74' lang='lat' dir='ltr'>ernotr</span> <span class='ocrx_word' id='word_1_2' title='bbox 727 457 780 537; x_wconf 79' lang='lat' dir='ltr'>v,</span> <span class='ocrx_word' id='word_1_3' title='bbox 824 460 941 539; x_wconf 79' lang='lat' dir='ltr'>tiu.</span> <span class='ocrx_word' id='word_1_4' title='bbox 982 464 1131 544; x_wconf 87' lang='lat' dir='ltr'>xxn.</span> <span class='ocrx_word' id='word_1_5' title='bbox 1400 490 1486 576; x_wconf 80' lang='lat'>213</span> 
     </span>
    </p>
   </div>
   <div class='ocr_carea' id='block_1_2' title="bbox 84 610 1635 4783">
    <p class='ocr_par' dir='ltr' id='par_1_2' title="bbox 86 610 1635 1477">
     <span class='ocr_line' id='line_1_2' title="bbox 88 610 1635 761; baseline 0.004 -40.992"><span class='ocrx_word' id='word_1_6' title='bbox 88 619 189 724; x_wconf 92' lang='lat' dir='ltr'>ione</span> <span class='ocrx_word' id='word_1_7' title='bbox 224 613 454 761; x_wconf 79' lang='lat' dir='ltr'>permisit,</span> <span class='ocrx_word' id='word_1_8' title='bbox 493 651 544 717; x_wconf 94' lang='lat' dir='ltr'>ut</span> <span class='ocrx_word' id='word_1_9' title='bbox 580 618 685 716; x_wconf 89' lang='lat' dir='ltr'>dato</span> <span class='ocrx_word' id='word_1_10' title='bbox 720 620 1039 748; x_wconf 83' lang='lat' dir='ltr'>jurejurando,</span> <span class='ocrx_word' id='word_1_11' title='bbox 1078 661 1122 719; x_wconf 93' lang='lat' dir='ltr'>se</span> <span class='ocrx_word' id='word_1_12' title='bbox 1164 658 1284 723; x_wconf 88' lang='lat' dir='ltr'>arma</span> <span class='ocrx_word' id='word_1_13' title='bbox 1339 623 1386 726; x_wconf 91' lang='lat' dir='ltr'>in</span> <span class='ocrx_word' id='word_1_14' title='bbox 1423 630 1529 731; x_wconf 75' lang='lat' dir='ltr'>Gal⁴</span> <span class='ocrx_word' id='word_1_15' title='bbox 1630 610 1635 627; x_wconf 25' lang='lat' dir='ltr'>i</span> 
     </span>
     <span class='ocr_line' id='line_1_3' title="bbox 86 761 1532 907; baseline 0.006 -43"><span class='ocrx_word' id='word_1_16' title='bbox 86 805 132 864; x_wconf 93' lang='lat' dir='ltr'>os</span> <span class='ocrx_word' id='word_1_17' title='bbox 169 766 286 864; x_wconf 89' lang='lat' dir='ltr'>intra</span> <span class='ocrx_word' id='word_1_18' title='bbox 323 801 393 862; x_wconf 84' lang='lat' dir='ltr'>sex</span> <span class='ocrx_word' id='word_1_19' title='bbox 429 761 655 901; x_wconf 87' lang='lat' dir='ltr'>proximos</span> <span class='ocrx_word' id='word_1_20' title='bbox 690 799 857 860; x_wconf 89' lang='lat' dir='ltr'>menses</span> <span class='ocrx_word' id='word_1_21' title='bbox 894 800 984 860; x_wconf 93' lang='lat' dir='ltr'>non</span> <span class='ocrx_word' id='word_1_22' title='bbox 1020 799 1239 866; x_wconf 91' lang='lat' dir='ltr'>sumturos</span> <span class='ocrx_word' id='word_1_23' title='bbox 1269 771 1532 907; x_wconf 87' lang='lat' dir='ltr'>polliceren-</span> 
     </span>
     <span class='ocr_line' id='line_1_4' title="bbox 86 903 1531 1046; baseline 0.006 -39"><span class='ocrx_word' id='word_1_24' title='bbox 86 948 168 1010; x_wconf 91' lang='lat' dir='ltr'>ur.</span> <span class='ocrx_word' id='word_1_25' title='bbox 209 920 359 1046; x_wconf 89' lang='lat' dir='ltr'>Itaque</span> <span class='ocrx_word' id='word_1_26' title='bbox 408 903 651 1024; x_wconf 82' lang='lat' dir='ltr'>Germani,</span> <span class='ocrx_word' id='word_1_27' title='bbox 693 942 781 1045; x_wconf 87' lang='lat' dir='ltr'>qua</span> <span class='ocrx_word' id='word_1_28' title='bbox 833 906 1092 1044; x_wconf 87' lang='lat' dir='ltr'>proximum</span> <span class='ocrx_word' id='word_1_29' title='bbox 1143 904 1228 1009; x_wconf 90' lang='lat' dir='ltr'>fuit</span> <span class='ocrx_word' id='word_1_30' title='bbox 1262 988 1277 1028; x_wconf 91' lang='lat'>,</span> <span class='ocrx_word' id='word_1_31' title='bbox 1315 912 1531 1038; x_wconf 91' lang='lat' dir='ltr'>domum,</span> 
     </span>
     <span class='ocr_line' id='line_1_5' title="bbox 86 1048 1532 1192; baseline 0.008 -42"><span class='ocrx_word' id='word_1_32' title='bbox 86 1052 258 1192; x_wconf 82' lang='lat' dir='ltr'>Iispani</span> <span class='ocrx_word' id='word_1_33' title='bbox 292 1086 369 1186; x_wconf 92' lang='lat' dir='ltr'>per</span> <span class='ocrx_word' id='word_1_34' title='bbox 404 1049 591 1149; x_wconf 82' lang='lat' dir='ltr'>Galliam</span> <span class='ocrx_word' id='word_1_35' title='bbox 628 1048 676 1147; x_wconf 91' lang='lat' dir='ltr'>in</span> <span class='ocrx_word' id='word_1_36' title='bbox 712 1049 978 1189; x_wconf 81' lang='lat' dir='ltr'><strong>Hispaniam</strong></span> <span class='ocrx_word' id='word_1_37' title='bbox 1015 1088 1314 1154; x_wconf 91' lang='lat' dir='ltr'>revertuntur.</span> <span class='ocrx_word' id='word_1_38' title='bbox 1367 1061 1448 1158; x_wconf 87' lang='lat' dir='ltr'>Sed</span> <span class='ocrx_word' id='word_1_39' title='bbox 1484 1060 1532 1161; x_wconf 90' lang='lat' dir='ltr'>hi</span> 
     </span>
     <span class='ocr_line' id='line_1_6' title="bbox 86 1193 1533 1341; baseline 0.007 -49"><span class='ocrx_word' id='word_1_40' title='bbox 86 1236 115 1292; x_wconf 96' lang='lat' dir='ltr'>n</span> <span class='ocrx_word' id='word_1_41' title='bbox 151 1193 311 1293; x_wconf 88' lang='lat' dir='ltr'>saltum</span> <span class='ocrx_word' id='word_1_42' title='bbox 347 1201 616 1327; x_wconf 83' lang='lat' dir='ltr'><strong>Pyrenaeum</strong></span> <span class='ocrx_word' id='word_1_43' title='bbox 667 1194 914 1332; x_wconf 84' lang='lat' dir='ltr'>progressi,</span> <span class='ocrx_word' id='word_1_44' title='bbox 950 1194 1007 1292; x_wconf 88' lang='lat' dir='ltr'>ad</span> <span class='ocrx_word' id='word_1_45' title='bbox 1042 1196 1356 1335; x_wconf 89' lang='lat' dir='ltr'>Perpinianum</span> <span class='ocrx_word' id='word_1_46' title='bbox 1409 1238 1533 1341; x_wconf 87' lang='lat' dir='ltr'>prae-</span> 
     </span>
     <span class='ocr_line' id='line_1_7' title="bbox 87 1336 1048 1477; baseline 0 -40"><span class='ocrx_word' id='word_1_47' title='bbox 87 1337 168 1437; x_wconf 91' lang='lat' dir='ltr'>idii</span> <span class='ocrx_word' id='word_1_48' title='bbox 204 1336 347 1477; x_wconf 86' lang='lat' dir='ltr'>gratia</span> <span class='ocrx_word' id='word_1_49' title='bbox 383 1337 536 1436; x_wconf 87' lang='lat' dir='ltr'>Caroli</span> <span class='ocrx_word' id='word_1_50' title='bbox 571 1345 689 1466; x_wconf 89' lang='lat' dir='ltr'>jussu</span> <span class='ocrx_word' id='word_1_51' title='bbox 726 1336 1048 1437; x_wconf 92' lang='lat' dir='ltr'>constiterunt.</span> 
     </span>
    </p>

    <p class='ocr_par' dir='ltr' id='par_1_3' title="bbox 84 1477 1532 3346">
     <span class='ocr_line' id='line_1_8' title="bbox 153 1477 1531 1622; baseline 0.008 -43"><span class='ocrx_word' id='word_1_52' title='bbox 153 1489 361 1580; x_wconf 90' lang='lat' dir='ltr'><strong>XXVIII.</strong></span> <span class='ocrx_word' id='word_1_53' title='bbox 450 1480 713 1620; x_wconf 83' lang='lat' dir='ltr'>Angienus,</span> <span class='ocrx_word' id='word_1_54' title='bbox 750 1477 832 1580; x_wconf 89' lang='lat' dir='ltr'>hac</span> <span class='ocrx_word' id='word_1_55' title='bbox 888 1518 1008 1620; x_wconf 91' lang='lat' dir='ltr'>parta</span> <span class='ocrx_word' id='word_1_56' title='bbox 1059 1480 1279 1606; x_wconf 91' lang='lat' dir='ltr'>victoria,</span> <span class='ocrx_word' id='word_1_57' title='bbox 1314 1485 1531 1622; x_wconf 89' lang='lat' dir='ltr'>Pyrrhum</span> 
     </span>
     <span class='ocr_line' id='line_1_9' title="bbox 86 1623 1528 1762; baseline 0.004 -35"><span class='ocrx_word' id='word_1_58' title='bbox 86 1625 336 1727; x_wconf 70' lang='lat' dir='ltr'>Dolumnam</span> <span class='ocrx_word' id='word_1_59' title='bbox 372 1623 699 1762; x_wconf 86' lang='lat' dir='ltr'>Carignanique</span> <span class='ocrx_word' id='word_1_60' title='bbox 736 1627 977 1745; x_wconf 92' lang='lat' dir='ltr'>custodes,</span> <span class='ocrx_word' id='word_1_61' title='bbox 1009 1626 1156 1728; x_wconf 90' lang='lat' dir='ltr'>audita</span> <span class='ocrx_word' id='word_1_62' title='bbox 1193 1668 1377 1731; x_wconf 91' lang='lat' dir='ltr'>suorum</span> <span class='ocrx_word' id='word_1_63' title='bbox 1413 1634 1528 1734; x_wconf 87' lang='lat' dir='ltr'>mala</span> 
     </span>
     <span class='ocr_line' id='line_1_10' title="bbox 86 1760 1531 1908; baseline 0.008 -43"><span class='ocrx_word' id='word_1_64' title='bbox 86 1809 249 1908; x_wconf 83' lang='lat' dir='ltr'>mgna,</span> <span class='ocrx_word' id='word_1_65' title='bbox 286 1766 435 1866; x_wconf 90' lang='lat' dir='ltr'>animo</span> <span class='ocrx_word' id='word_1_66' title='bbox 472 1760 708 1884; x_wconf 85' lang='lat' dir='ltr'>defecisse,</span> <span class='ocrx_word' id='word_1_67' title='bbox 745 1802 795 1903; x_wconf 90' lang='lat' dir='ltr'>et</span> <span class='ocrx_word' id='word_1_68' title='bbox 824 1761 964 1866; x_wconf 86' lang='lat' dir='ltr'>facile·</span> <span class='ocrx_word' id='word_1_69' title='bbox 987 1770 1043 1867; x_wconf 91' lang='lat' dir='ltr'>ad</span> <span class='ocrx_word' id='word_1_70' title='bbox 1079 1772 1351 1874; x_wconf 87' lang='lat' dir='ltr'>deditionem</span> <span class='ocrx_word' id='word_1_71' title='bbox 1407 1816 1531 1877; x_wconf 89' lang='lat' dir='ltr'>corn·</span> 
     </span>
     <span class='ocr_line' id='line_1_11' title="bbox 86 1907 1525 2060; baseline 0.008 -54"><span class='ocrx_word' id='word_1_72' title='bbox 86 1912 169 2012; x_wconf 84' lang='lat' dir='ltr'>&gt;elli</span> <span class='ocrx_word' id='word_1_73' title='bbox 205 1949 329 2051; x_wconf 88' lang='lat' dir='ltr'>posse</span> <span class='ocrx_word' id='word_1_74' title='bbox 365 1946 514 2020; x_wconf 88' lang='lat' dir='ltr'>ratus,</span> <span class='ocrx_word' id='word_1_75' title='bbox 550 1907 638 2008; x_wconf 88' lang='lat' dir='ltr'>hoc</span> <span class='ocrx_word' id='word_1_76' title='bbox 673 1908 808 2009; x_wconf 91' lang='lat' dir='ltr'>acrius</span> <span class='ocrx_word' id='word_1_77' title='bbox 845 1908 1128 2012; x_wconf 86' lang='lat' dir='ltr'>obsidionem</span> <span class='ocrx_word' id='word_1_78' title='bbox 1164 1955 1320 2057; x_wconf 88' lang='lat' dir='ltr'>urgere</span> <span class='ocrx_word' id='word_1_79' title='bbox 1359 1921 1525 2060; x_wconf 86' lang='lat' dir='ltr'>pergit.</span> 
     </span>
     <span class='ocr_line' id='line_1_12' title="bbox 86 2054 1523 2199; baseline 0.004 -45"><span class='ocrx_word' id='word_1_80' title='bbox 86 2055 130 2155; x_wconf 88' lang='lat' dir='ltr'>lli</span> <span class='ocrx_word' id='word_1_81' title='bbox 166 2093 273 2155; x_wconf 91' lang='lat' dir='ltr'>vero</span> <span class='ocrx_word' id='word_1_82' title='bbox 319 2093 485 2196; x_wconf 83' lang='lat' dir='ltr'>magno</span> <span class='ocrx_word' id='word_1_83' title='bbox 532 2089 575 2152; x_wconf 92' lang='lat' dir='ltr'>et</span> <span class='ocrx_word' id='word_1_84' title='bbox 610 2090 837 2153; x_wconf 78' lang='lat' dir='ltr'>constante</span> <span class='ocrx_word' id='word_1_85' title='bbox 885 2054 1036 2156; x_wconf 91' lang='lat' dir='ltr'>animo</span> <span class='ocrx_word' id='word_1_86' title='bbox 1090 2057 1264 2158; x_wconf 89' lang='lat' dir='ltr'>cibariis</span> <span class='ocrx_word' id='word_1_87' title='bbox 1317 2097 1523 2199; x_wconf 88' lang='lat' dir='ltr'>parcere,</span> 
     </span>
     <span class='ocr_line' id='line_1_13' title="bbox 86 2195 1529 2341; baseline 0.009 -51"><span class='ocrx_word' id='word_1_88' title='bbox 86 2237 142 2318; x_wconf 85' lang='lat' dir='ltr'>t,</span> <span class='ocrx_word' id='word_1_89' title='bbox 179 2200 323 2299; x_wconf 90' lang='lat' dir='ltr'>donec</span> <span class='ocrx_word' id='word_1_90' title='bbox 356 2240 404 2300; x_wconf 89' lang='lat' dir='ltr'>ea</span> <span class='ocrx_word' id='word_1_91' title='bbox 438 2236 606 2340; x_wconf 92' lang='lat' dir='ltr'>prorsus</span> <span class='ocrx_word' id='word_1_92' title='bbox 641 2195 999 2317; x_wconf 83' lang='lat' dir='ltr'>absumerentur,</span> <span class='ocrx_word' id='word_1_93' title='bbox 1038 2201 1202 2302; x_wconf 89' lang='lat' dir='ltr'>nullam</span> <span class='ocrx_word' id='word_1_94' title='bbox 1238 2205 1352 2341; x_wconf 87' lang='lat' dir='ltr'>pacis</span> <span class='ocrx_word' id='word_1_95' title='bbox 1406 2245 1529 2307; x_wconf 89' lang='lat' dir='ltr'>men-</span> 
     </span>
     <span class='ocr_line' id='line_1_14' title="bbox 84 2338 1530 2482; baseline 0.003 -41"><span class='ocrx_word' id='word_1_96' title='bbox 84 2343 237 2441; x_wconf 90' lang='lat' dir='ltr'>ionem</span> <span class='ocrx_word' id='word_1_97' title='bbox 271 2338 412 2441; x_wconf 89' lang='lat' dir='ltr'>facere</span> <span class='ocrx_word' id='word_1_98' title='bbox 448 2341 796 2447; x_wconf 78' lang='lat' dir='ltr'>constituerant3</span> <span class='ocrx_word' id='word_1_99' title='bbox 831 2344 885 2442; x_wconf 92' lang='lat' dir='ltr'>de</span> <span class='ocrx_word' id='word_1_100' title='bbox 915 2380 1109 2482; x_wconf 91' lang='lat' dir='ltr'>quorum</span> <span class='ocrx_word' id='word_1_101' title='bbox 1145 2346 1328 2446; x_wconf 92' lang='lat' dir='ltr'>consilio</span> <span class='ocrx_word' id='word_1_102' title='bbox 1367 2382 1409 2445; x_wconf 89' lang='lat' dir='ltr'>et</span> <span class='ocrx_word' id='word_1_103' title='bbox 1446 2347 1530 2446; x_wconf 81' lang='lat' dir='ltr'>ob·</span> 
     </span>
     <span class='ocr_line' id='line_1_15' title="bbox 86 2485 1529 2628; baseline 0.004 -44"><span class='ocrx_word' id='word_1_104' title='bbox 86 2487 226 2585; x_wconf 87' lang='lat' dir='ltr'>tinato</span> <span class='ocrx_word' id='word_1_105' title='bbox 263 2486 415 2586; x_wconf 89' lang='lat' dir='ltr'>animo</span> <span class='ocrx_word' id='word_1_106' title='bbox 452 2485 679 2626; x_wconf 83' lang='lat' dir='ltr'>Angienus</span> <span class='ocrx_word' id='word_1_107' title='bbox 731 2523 836 2584; x_wconf 91' lang='lat' dir='ltr'>cum</span> <span class='ocrx_word' id='word_1_108' title='bbox 880 2487 1200 2627; x_wconf 87' lang='lat' dir='ltr'>cognovisset,</span> <span class='ocrx_word' id='word_1_109' title='bbox 1242 2500 1369 2589; x_wconf 89' lang='lat' dir='ltr'>Osuo</span> <span class='ocrx_word' id='word_1_110' title='bbox 1407 2527 1529 2628; x_wconf 87' lang='lat' dir='ltr'>prae-</span> 
     </span>
     <span class='ocr_line' id='line_1_16' title="bbox 85 2624 1531 2772; baseline 0.002 -43"><span class='ocrx_word' id='word_1_111' title='bbox 85 2624 184 2729; x_wconf 78' lang='lat' dir='ltr'>ecto</span> <span class='ocrx_word' id='word_1_112' title='bbox 219 2669 322 2731; x_wconf 88' lang='lat' dir='ltr'>cum</span> <span class='ocrx_word' id='word_1_113' title='bbox 357 2628 554 2772; x_wconf 91' lang='lat' dir='ltr'>peditum</span> <span class='ocrx_word' id='word_1_114' title='bbox 592 2664 697 2729; x_wconf 92' lang='lat' dir='ltr'>octo</span> <span class='ocrx_word' id='word_1_115' title='bbox 734 2626 926 2728; x_wconf 88' lang='lat' dir='ltr'>millibus</span> <span class='ocrx_word' id='word_1_116' title='bbox 963 2668 1006 2730; x_wconf 91' lang='lat' dir='ltr'>et</span> <span class='ocrx_word' id='word_1_117' title='bbox 1043 2668 1161 2770; x_wconf 91' lang='lat' dir='ltr'>parte</span> <span class='ocrx_word' id='word_1_118' title='bbox 1217 2633 1431 2772; x_wconf 81' lang='lat' dir='ltr'>equitatus</span> <span class='ocrx_word' id='word_1_119' title='bbox 1474 2634 1531 2732; x_wconf 91' lang='lat' dir='ltr'>ad</span> 
     </span>
     <span class='ocr_line' id='line_1_17' title="bbox 86 2772 1531 2915; baseline 0.002 -45"><span class='ocrx_word' id='word_1_120' title='bbox 86 2772 350 2876; x_wconf 78' lang='lat' dir='ltr'>&gt;bsidionem</span> <span class='ocrx_word' id='word_1_121' title='bbox 384 2774 622 2915; x_wconf 89' lang='lat' dir='ltr'>Carignani</span> <span class='ocrx_word' id='word_1_122' title='bbox 657 2773 844 2891; x_wconf 89' lang='lat' dir='ltr'>relicto,</span> <span class='ocrx_word' id='word_1_123' title='bbox 881 2814 985 2875; x_wconf 90' lang='lat' dir='ltr'>curn</span> <span class='ocrx_word' id='word_1_124' title='bbox 1037 2774 1214 2913; x_wconf 91' lang='lat' dir='ltr'>reliquis</span> <span class='ocrx_word' id='word_1_125' title='bbox 1268 2774 1403 2915; x_wconf 90' lang='lat' dir='ltr'>copiis</span> <span class='ocrx_word' id='word_1_126' title='bbox 1439 2779 1531 2873; x_wconf 86' lang='lat' dir='ltr'>An-</span> 
     </span>
     <span class='ocr_line' id='line_1_18' title="bbox 86 2913 1529 3058; baseline 0.001 -42"><span class='ocrx_word' id='word_1_127' title='bbox 86 2957 205 3056; x_wconf 65' lang='lat' dir='ltr'>geum</span> <span class='ocrx_word' id='word_1_128' title='bbox 240 2915 512 3058; x_wconf 88' lang='lat' dir='ltr'>praefectum</span> <span class='ocrx_word' id='word_1_129' title='bbox 549 2917 596 3016; x_wconf 92' lang='lat' dir='ltr'>in</span> <span class='ocrx_word' id='word_1_130' title='bbox 631 2913 1027 3017; x_wconf 86' lang='lat' dir='ltr'>Monferratensem</span> <span class='ocrx_word' id='word_1_131' title='bbox 1063 2956 1219 3058; x_wconf 87' lang='lat' dir='ltr'>agrurn</span> <span class='ocrx_word' id='word_1_132' title='bbox 1266 2952 1529 3017; x_wconf 87' lang='lat' dir='ltr'>ceterorum-</span> 
     </span>
     <span class='ocr_line' id='line_1_19' title="bbox 86 3057 1532 3202; baseline -0.001 -40"><span class='ocrx_word' id='word_1_133' title='bbox 86 3101 155 3201; x_wconf 70' lang='lat' dir='ltr'>que</span> <span class='ocrx_word' id='word_1_134' title='bbox 193 3060 339 3182; x_wconf 87' lang='lat' dir='ltr'>fines,</span> <span class='ocrx_word' id='word_1_135' title='bbox 373 3062 452 3202; x_wconf 90' lang='lat' dir='ltr'>qui</span> <span class='ocrx_word' id='word_1_136' title='bbox 488 3060 635 3161; x_wconf 88' lang='lat' dir='ltr'>Caroli</span> <span class='ocrx_word' id='word_1_137' title='bbox 672 3060 864 3160; x_wconf 83' lang='lat' dir='ltr'>Caesaris</span> <span class='ocrx_word' id='word_1_138' title='bbox 901 3060 1037 3164; x_wconf 86' lang='lat' dir='ltr'>fidem</span> <span class='ocrx_word' id='word_1_139' title='bbox 1091 3057 1423 3202; x_wconf 86' lang='lat' dir='ltr'>sequebantur,</span> <span class='ocrx_word' id='word_1_140' title='bbox 1456 3100 1532 3160; x_wconf 85' lang='lat' dir='ltr'>va-</span> 
     </span>
     <span class='ocr_line' id='line_1_20' title="bbox 86 3204 936 3346; baseline 0.001 -42"><span class='ocrx_word' id='word_1_141' title='bbox 86 3206 211 3305; x_wconf 85' lang='lat' dir='ltr'>tandi</span> <span class='ocrx_word' id='word_1_142' title='bbox 251 3206 573 3346; x_wconf 86' lang='lat' dir='ltr'>praedandique</span> <span class='ocrx_word' id='word_1_143' title='bbox 597 3216 733 3304; x_wconf 69' lang='lat' dir='ltr'>&#39;causa</span> <span class='ocrx_word' id='word_1_144' title='bbox 769 3204 936 3305; x_wconf 89' lang='lat' dir='ltr'>mittit.</span> 
     </span>
    </p>

    <p class='ocr_par' dir='ltr' id='par_1_4' title="bbox 86 3343 1620 4783">
     <span class='ocr_line' id='line_1_21' title="bbox 141 3343 1529 3470; baseline -0.002 -22"><span class='ocrx_word' id='word_1_145' title='bbox 141 3358 311 3449; x_wconf 91' lang='lat' dir='ltr'><strong>XXIX.</strong></span> <span class='ocrx_word' id='word_1_146' title='bbox 384 3350 470 3447; x_wconf 89' lang='lat' dir='ltr'>His</span> <span class='ocrx_word' id='word_1_147' title='bbox 524 3345 650 3448; x_wconf 88' lang='lat' dir='ltr'>rebus</span> <span class='ocrx_word' id='word_1_148' title='bbox 703 3349 911 3448; x_wconf 90' lang='lat' dir='ltr'>nuntiatis</span> <span class='ocrx_word' id='word_1_149' title='bbox 947 3427 964 3470; x_wconf 92' lang='lat'>,</span> <span class='ocrx_word' id='word_1_150' title='bbox 998 3351 1178 3452; x_wconf 89' lang='lat' dir='ltr'>Carolus</span> <span class='ocrx_word' id='word_1_151' title='bbox 1235 3347 1392 3449; x_wconf 85' lang='lat' dir='ltr'>auxilia</span> <span class='ocrx_word' id='word_1_152' title='bbox 1434 3343 1529 3446; x_wconf 91' lang='lat' dir='ltr'>suis</span> 
     </span>
     <span class='ocr_line' id='line_1_22' title="bbox 86 3490 1522 3631; baseline 0 -44"><span class='ocrx_word' id='word_1_153' title='bbox 86 3490 190 3592; x_wconf 83' lang='lat' dir='ltr'>rictis</span> <span class='ocrx_word' id='word_1_154' title='bbox 225 3492 533 3593; x_wconf 90' lang='lat' dir='ltr'>summittenda</span> <span class='ocrx_word' id='word_1_155' title='bbox 560 3494 805 3631; x_wconf 86' lang='lat' dir='ltr'>comparari</span> <span class='ocrx_word' id='word_1_156' title='bbox 837 3492 989 3624; x_wconf 85' lang='lat' dir='ltr'>jubet.</span> <span class='ocrx_word' id='word_1_157' title='bbox 1031 3506 1127 3596; x_wconf 87' lang='lat' dir='ltr'>Rex</span> <span class='ocrx_word' id='word_1_158' title='bbox 1157 3492 1397 3593; x_wconf 87' lang='lat' dir='ltr'>Franciscus</span> <span class='ocrx_word' id='word_1_159' title='bbox 1435 3528 1522 3587; x_wconf 92' lang='lat' dir='ltr'>suc·</span> 
     </span>
     <span class='ocr_line' id='line_1_23' title="bbox 86 3633 1521 3778; baseline -0.002 -46"><span class='ocrx_word' id='word_1_160' title='bbox 86 3676 185 3739; x_wconf 89' lang='lat' dir='ltr'>:essu</span> <span class='ocrx_word' id='word_1_161' title='bbox 219 3636 352 3738; x_wconf 83' lang='lat' dir='ltr'>laetus</span> <span class='ocrx_word' id='word_1_162' title='bbox 388 3673 522 3778; x_wconf 88' lang='lat' dir='ltr'>atque</span> <span class='ocrx_word' id='word_1_163' title='bbox 558 3636 782 3754; x_wconf 89' lang='lat' dir='ltr'>sublatus,</span> <span class='ocrx_word' id='word_1_164' title='bbox 820 3675 912 3736; x_wconf 94' lang='lat' dir='ltr'>non</span> <span class='ocrx_word' id='word_1_165' title='bbox 949 3633 1033 3735; x_wconf 90' lang='lat' dir='ltr'>sibi</span> <span class='ocrx_word' id='word_1_166' title='bbox 1071 3637 1243 3778; x_wconf 89' lang='lat' dir='ltr'>putavit</span> <span class='ocrx_word' id='word_1_167' title='bbox 1296 3634 1521 3776; x_wconf 84' lang='lat' dir='ltr'>negligen-</span> 
     </span>
     <span class='ocr_line' id='line_1_24' title="bbox 88 3773 1531 3922; baseline -0.006 -42"><span class='ocrx_word' id='word_1_168' title='bbox 88 3820 134 3880; x_wconf 93' lang='lat' dir='ltr'>er</span> <span class='ocrx_word' id='word_1_169' title='bbox 171 3783 396 3922; x_wconf 87' lang='lat' dir='ltr'>agendum</span> <span class='ocrx_word' id='word_1_170' title='bbox 432 3857 447 3898; x_wconf 92' lang='lat'>,</span> <span class='ocrx_word' id='word_1_171' title='bbox 483 3782 553 3881; x_wconf 90' lang='lat' dir='ltr'>sed</span> <span class='ocrx_word' id='word_1_172' title='bbox 612 3779 795 3880; x_wconf 89' lang='lat' dir='ltr'>victoria</span> <span class='ocrx_word' id='word_1_173' title='bbox 839 3817 883 3879; x_wconf 91' lang='lat' dir='ltr'>et</span> <span class='ocrx_word' id='word_1_174' title='bbox 934 3774 1084 3878; x_wconf 88' lang='lat' dir='ltr'>favore</span> <span class='ocrx_word' id='word_1_175' title='bbox 1136 3774 1338 3880; x_wconf 88' lang='lat' dir='ltr'>fortunae</span> <span class='ocrx_word' id='word_1_176' title='bbox 1389 3773 1531 3878; x_wconf 88' lang='lat' dir='ltr'>utenti</span> 
     </span>
     <span class='ocr_line' id='line_1_25' title="bbox 86 3919 1534 4065; baseline -0.003 -47"><span class='ocrx_word' id='word_1_177' title='bbox 86 3925 307 4025; x_wconf 86' lang='lat' dir='ltr'>:xercitum</span> <span class='ocrx_word' id='word_1_178' title='bbox 355 3926 482 4024; x_wconf 90' lang='lat' dir='ltr'>illurn</span> <span class='ocrx_word' id='word_1_179' title='bbox 522 3923 649 4024; x_wconf 86' lang='lat' dir='ltr'>novis</span> <span class='ocrx_word' id='word_1_180' title='bbox 698 3921 937 4023; x_wconf 89' lang='lat' dir='ltr'>delectibus</span> <span class='ocrx_word' id='word_1_181' title='bbox 987 3924 1285 4065; x_wconf 83' lang='lat' dir='ltr'>augendum,</span> <span class='ocrx_word' id='word_1_182' title='bbox 1340 3919 1420 4061; x_wconf 91' lang='lat' dir='ltr'>qui</span> <span class='ocrx_word' id='word_1_183' title='bbox 1470 3955 1534 4014; x_wconf 88' lang='lat' dir='ltr'>re·</span> 
     </span>
     <span class='ocr_line' id='line_1_26' title="bbox 86 4065 1536 4208; baseline -0.005 -45"><span class='ocrx_word' id='word_1_184' title='bbox 86 4103 199 4207; x_wconf 88' lang='lat' dir='ltr'>:epto</span> <span class='ocrx_word' id='word_1_185' title='bbox 237 4069 488 4208; x_wconf 86' lang='lat' dir='ltr'>Carignano</span> <span class='ocrx_word' id='word_1_186' title='bbox 523 4143 539 4191; x_wconf 86' lang='lat'>,</span> <span class='ocrx_word' id='word_1_187' title='bbox 571 4105 615 4166; x_wconf 93' lang='lat' dir='ltr'>et</span> <span class='ocrx_word' id='word_1_188' title='bbox 651 4068 778 4167; x_wconf 90' lang='lat' dir='ltr'>omni</span> <span class='ocrx_word' id='word_1_189' title='bbox 814 4065 1048 4207; x_wconf 83' lang='lat' dir='ltr'>Subalpina</span> <span class='ocrx_word' id='word_1_190' title='bbox 1085 4067 1223 4166; x_wconf 89' lang='lat' dir='ltr'>Gallia</span> <span class='ocrx_word' id='word_1_191' title='bbox 1258 4067 1304 4164; x_wconf 93' lang='lat' dir='ltr'>in</span> <span class='ocrx_word' id='word_1_192' title='bbox 1346 4094 1536 4202; x_wconf 89' lang='lat' dir='ltr'>potesta-</span> 
     </span>
     <span class='ocr_line' id='line_1_27' title="bbox 86 4203 1538 4332; baseline -0.006 -23"><span class='ocrx_word' id='word_1_193' title='bbox 86 4251 160 4325; x_wconf 55' lang='lat' dir='ltr'>‘em</span> <span class='ocrx_word' id='word_1_194' title='bbox 198 4211 408 4332; x_wconf 87' lang='lat' dir='ltr'>redacta,</span> <span class='ocrx_word' id='word_1_195' title='bbox 444 4210 608 4311; x_wconf 87' lang='lat' dir='ltr'>bellum</span> <span class='ocrx_word' id='word_1_196' title='bbox 643 4213 689 4311; x_wconf 94' lang='lat' dir='ltr'>in</span> <span class='ocrx_word' id='word_1_197' title='bbox 724 4208 922 4311; x_wconf 90' lang='lat' dir='ltr'>Insubres</span> <span class='ocrx_word' id='word_1_198' title='bbox 960 4203 1244 4325; x_wconf 86' lang='lat' dir='ltr'>transferret,</span> <span class='ocrx_word' id='word_1_199' title='bbox 1282 4238 1326 4302; x_wconf 91' lang='lat' dir='ltr'>et</span> <span class='ocrx_word' id='word_1_200' title='bbox 1360 4203 1538 4323; x_wconf 82' lang='lat' dir='ltr'>Medio·</span> 
     </span>
     <span class='ocr_line' id='line_1_28' title="bbox 86 4352 1620 4498; baseline -0.005 -47"><span class='ocrx_word' id='word_1_201' title='bbox 86 4395 222 4455; x_wconf 91' lang='lat' dir='ltr'>anum</span> <span class='ocrx_word' id='word_1_202' title='bbox 262 4391 513 4498; x_wconf 88' lang='lat' dir='ltr'>ceterasque</span> <span class='ocrx_word' id='word_1_203' title='bbox 550 4355 685 4453; x_wconf 89' lang='lat' dir='ltr'>socias</span> <span class='ocrx_word' id='word_1_204' title='bbox 722 4352 849 4454; x_wconf 90' lang='lat' dir='ltr'>urbes</span> <span class='ocrx_word' id='word_1_205' title='bbox 885 4394 910 4452; x_wconf 92' lang='lat' dir='ltr'>a</span> <span class='ocrx_word' id='word_1_206' title='bbox 946 4352 1170 4489; x_wconf 88' lang='lat' dir='ltr'>praesidiis</span> <span class='ocrx_word' id='word_1_207' title='bbox 1207 4386 1362 4446; x_wconf 88' lang='lat' dir='ltr'>vacuas</span> <span class='ocrx_word' id='word_1_208' title='bbox 1405 4385 1540 4445; x_wconf 89' lang='lat' dir='ltr'>occu·</span> <span class='ocrx_word' id='word_1_209' title='bbox 1618 4480 1620 4488; x_wconf 11' lang='lat' dir='ltr'>k</span> 
     </span>
     <span class='ocr_line' id='line_1_29' title="bbox 86 4486 1540 4618; baseline -0.003 -26"><span class='ocrx_word' id='word_1_210' title='bbox 86 4532 224 4616; x_wconf 66' lang='lat' dir='ltr'>naret,</span> <span class='ocrx_word' id='word_1_211' title='bbox 261 4534 379 4618; x_wconf 92' lang='lat' dir='ltr'>aut,</span> <span class='ocrx_word' id='word_1_212' title='bbox 415 4501 451 4599; x_wconf 92' lang='lat' dir='ltr'>si</span> <span class='ocrx_word' id='word_1_213' title='bbox 486 4498 666 4601; x_wconf 89' lang='lat' dir='ltr'>Carolus</span> <span class='ocrx_word' id='word_1_214' title='bbox 719 4506 874 4596; x_wconf 89' lang='lat' dir='ltr'>Caesar</span> <span class='ocrx_word' id='word_1_215' title='bbox 923 4491 1157 4593; x_wconf 85' lang='lat' dir='ltr'>exercitum</span> <span class='ocrx_word' id='word_1_216' title='bbox 1214 4486 1407 4591; x_wconf 92' lang='lat' dir='ltr'>subsidio</span> <span class='ocrx_word' id='word_1_217' title='bbox 1454 4489 1540 4588; x_wconf 84' lang='lat' dir='ltr'>mi-</span> 
     </span>
     <span class='ocr_line' id='line_1_30' title="bbox 86 4629 1540 4783; baseline -0.003 -49"><span class='ocrx_word' id='word_1_218' title='bbox 86 4640 230 4758; x_wconf 89' lang='lat' dir='ltr'>isset,</span> <span class='ocrx_word' id='word_1_219' title='bbox 264 4642 386 4742; x_wconf 92' lang='lat' dir='ltr'>idem</span> <span class='ocrx_word' id='word_1_220' title='bbox 421 4643 558 4783; x_wconf 91' lang='lat' dir='ltr'>copiis</span> <span class='ocrx_word' id='word_1_221' title='bbox 611 4639 696 4739; x_wconf 91' lang='lat' dir='ltr'>suis</span> <span class='ocrx_word' id='word_1_222' title='bbox 750 4637 983 4755; x_wconf 89' lang='lat' dir='ltr'>distentis,</span> <span class='ocrx_word' id='word_1_223' title='bbox 1020 4634 1239 4735; x_wconf 86' lang='lat' dir='ltr'>infirmior</span> <span class='ocrx_word' id='word_1_224' title='bbox 1276 4633 1331 4731; x_wconf 89' lang='lat' dir='ltr'>ad</span> <span class='ocrx_word' id='word_1_225' title='bbox 1375 4629 1540 4730; x_wconf 91' lang='lat' dir='ltr'>bellum</span> 
     </span>
    </p>
   </div>
   <div class='ocr_carea' id='block_1_3' title="bbox 86 4777 1553 5012">
    <p class='ocr_par' dir='ltr' id='par_1_5' title="bbox 86 4777 1553 5012">
     <span class='ocr_line' id='line_1_31' title="bbox 86 4777 1553 4931; baseline -0.006 -50"><span class='ocrx_word' id='word_1_226' title='bbox 86 4783 328 4906; x_wconf 65' lang='lat' dir='ltr'>Gallicum,</span> <span class='ocrx_word' id='word_1_227' title='bbox 364 4788 489 4928; x_wconf 93' lang='lat' dir='ltr'>quod</span> <span class='ocrx_word' id='word_1_228' title='bbox 543 4782 720 4924; x_wconf 83' lang='lat' dir='ltr'>parabat</span> <span class='ocrx_word' id='word_1_229' title='bbox 757 4860 773 4903; x_wconf 90' lang='lat'>,</span> <span class='ocrx_word' id='word_1_230' title='bbox 810 4781 1081 4881; x_wconf 86' lang='lat' dir='ltr'>redderetur.</span> <span class='ocrx_word' id='word_1_231' title='bbox 1130 4790 1243 4931; x_wconf 70' lang='lat' dir='ltr'>lHoc</span> <span class='ocrx_word' id='word_1_232' title='bbox 1279 4777 1392 4877; x_wconf 89' lang='lat' dir='ltr'>inito</span> <span class='ocrx_word' id='word_1_233' title='bbox 1428 4784 1553 4931; x_wconf 63' lang='lat' dir='ltr'>con-&#39;&#39;</span> 
     </span>
     <span class='ocr_line' id='line_1_32' title="bbox 970 4934 1545 5012; baseline 0.003 -2"><span class='ocrx_word' id='word_1_234' title='bbox 970 4934 983 4960; x_wconf 62' lang='lat'><em>³</em></span> <span class='ocrx_word' id='word_1_235' title='bbox 1483 4951 1545 5012; x_wconf 84' lang='lat' dir='ltr'>st-</span> 
     </span>
    </p>
   </div>
   <div class='ocr_carea' id='block_1_4' title="bbox 0 0 2090 5866">
    <p class='ocr_par' dir='ltr' id='par_1_6' title="bbox 0 0 2090 5866">
     <span class='ocr_line' id='line_1_33' title="bbox 0 0 2090 5866; baseline 0 0"><span class='ocrx_word' id='word_1_236' title='bbox 0 0 2090 5866; x_wconf 95' lang='lat' dir='ltr'> </span> 
     </span>
    </p>
   </div>
  </div>
 </body>
</html>
