4192 5858
518 398 604 489 268
788 453 793 459 ·
866 411 987 496 ,nn
1024 409 1482 495 REBUSGESTIS
1537 477 1540 487 ,

476 602 582 666 cum
618 563 762 706 paucis
798 567 1018 688 venisset,
1052 569 1258 670 eumdem
1292 565 1575 710 Lantgravius
1627 564 1922 710 comprehcna

477 706 574 827 dit,
615 745 659 805 er
693 709 910 809 custodiae
954 710 1154 810 tradidit.
1210 719 1348 842 Cujus
1398 712 1459 813 rei
1506 710 1826 851 turpitudinem
1876 749 1921 815 et

479 846 733 977 injustitiam
769 849 1064 952 molestissime
1096 847 1236 953 fetens
1270 852 1452 954 Carolus
1487 867 1681 974 Caesar,
1712 861 1920 996 Lantgta·

480 988 557 1088 vio
593 990 896 1091 denuntiatum
932 992 1078 1112 misit,
1103 993 1418 1134 imperavitque
1437 1071 1454 1114 ,
1476 1029 1542 1094 ut:
1560 995 1807 1097 Hernicum
1840 1036 1920 1096 cu-

479 1131 619 1229 stodia
653 1132 882 1254 liberaret,
916 1134 1149 1273 eidemque
1184 1148 1448 1254 Ducatum‚
1479 1174 1612 1276 quem
1646 1137 1804 1269 injuste
1840 1137 1917 1238 ab*

483 1270 663 1371 stulisset
683 1348 697 1391 ,
717 1273 982 1376 restitueret.
1018 1277 1100 1376 Sed
1133 1277 1446 1418 Lantgravius,
1466 1278 1712 1417 arrogantia
1746 1312 1790 1377 et
1823 1317 1921 1378 ma-

480 1412 578 1552 gnis
631 1413 849 1553 spiritibus
884 1457 935 1516 ex
968 1412 1146 1518 foedere
1180 1413 1489 1518 Smelclraldico
1541 1456 1584 1519 et
1618 1419 1804 1556 Joannis
1841 1433 1920 1521 Fe-

480 1555 613 1655 derici
634 1556 839 1657 amicitia
873 1558 1055 1677 sumtis,
1083 1599 1139 1659 se
1151 1635 1170 1679 .,
1206 1599 1318 1700 quae
1348 1554 1516 1661 fecisset
1549 1560 1598 1661 in
1640 1560 1919 1682 Henticum,

480 1703 574 1826 jure
610 1696 712 1796 belli
757 1693 902 1801 fecisse
951 1701 1206 1840 respondit,
1243 1735 1285 1799 et
1318 1713 1556 1805 Ducatum,
1590 1700 1920 1823 restituturum,

480 1876 556 1936 aut
590 1840 834 1941 Henticum
866 1838 1148 1947 liberatunun
1182 1840 1555 1980 impudentissimo
1598 1880 1648 1943 ac
1707 1842 1919 1981 superbis-

479 1979 587 2081 sime
622 1983 798 2122 negavit
830 2025 841 2084 t
878 2023 990 2124 quae
1036 2022 1100 2083 res
1134 1983 1283 2085 Caroli
1317 1984 1504 2085 Caesaris
1539 1982 1741 2085 animum
1777 1984 1918 2124 pluri-

480 2158 609 2224 mum
643 2122 856 2258 offendit.
1089 2250 1094 2263 x

553 2276 629 2366 1V.
699 2268 780 2366 Sed
815 2264 944 2368 redeo
980 2270 1037 2369 ad
1071 2268 1285 2370 indictum
1319 2278 1636 2386 Contentum,
1668 2276 1787 2397 car-jus
1824 2305 1919 2407 gra-

482 2406 545 2508 tia
570 2446 672 2508 cum
701 2407 955 2547 Principum
981 2411 1294 2550 civitatumque
1329 2411 1461 2550 legati
1487 2407 1777 2512 Rarisbonam
1812 2448 1919 2508 con·

482 2549 729 2669 venissent,
763 2586 807 2650 et
841 2544 1055 2652 referente·
1080 2553 1241 2654 Carolo
1266 2629 1280 2672 ,
1304 2564 1516 2692 coeptum
1551 2585 1657 2649 esset
1692 2551 1747 2649 de
1792 2551 1917 2649 rebus

481 2694 537 2792 ad
578 2691 748 2792 bonum
796 2690 1022 2831 publicum
1057 2734 1101 2794 er
1134 2694 1428 2832 religionem,
1466 2701 1586 2823 cujus
1640 2691 1922 2830 potissimum

479 2873 605 2934 causa
638 2833 890 2937 Concilium
924 2836 1171 2954 indixerat,
1207 2831 1548 2974 pertinentibus,
1583 2832 1823 2972 disputati,
1848 2833 1921 2932 ni·

480 2973 543 3076 hil
577 2979 722 3105 tamen
756 2976 912 3113 pium,
946 2975 1055 3076 nihil
1104 3014 1256 3075 sanum
1306 2971 1472 3114 poterat
1505 3015 1533 3074 a
1567 2973 1717 3114 legatis
1773 2973 1918 3114 impe-

483 3116 585 3216 trari
613 3157 628 3215 a
662 3157 797 3258 usque
835 3118 945 3216 adeo
980 3117 1213 3219 Germania
1261 3155 1398 3256 paene
1414 3171 1419 3215 z
1433 3115 1577 3217 omnis
1611 3109 1773 3216 infecta
1832 3152 1925 3216 etat

483 3295 603 3400 peste
635 3257 708 3370 illa
742 3254 1028 3359 Lutherana:
1079 3295 1348 3399 quamquam
1382 3258 1495 3359 inter
1529 3255 1764 3356 haereticos
1802 3257 1930 3355 mul·

483 3400 522 3501 ti
566 3397 782 3501 Catholici
829 3401 1083 3500 sententiam
1130 3436 1173 3499 et
1224 3397 1357 3498 fidem
1408 3433 1530 3496 metu
1577 3394 1725 3496 turbae
1778 3398 1933 3498 multo

484 3543 661 3672 majoris
697 3539 994 3642 occultabant.
1029 3541 1110 3642 His
1129 3537 1458 3682 indignitatibus
1476 3537 1816 3677 Principumque
1855 3579 1927 3638 su-

487 3683 636 3824 perbia
670 3683 864 3783 incensus
898 3681 1074 3784 Carolus
1108 3758 1123 3802 ,
1158 3683 1237 3821 qui
1287 3676 1451 3781 cunctis
1500 3679 1631 3780 initio
1684 3677 1923 3781 rationibus

489 3826 807 3925 Germanorum
842 3825 1009 3924 animos
1043 3823 1098 3921 ad
1133 3823 1360 3923 sanitatem
1397 3822 1595 3922 reducere
1629 3814 1781 3920 frustra
1831 3858 1923 3921 ten-

490 4001 690 4088 taverat,
725 3968 851 4066 armis
886 4005 973 4067 rem
1009 4001 1154 4105 gerere
1187 3962 1442 4063 constituit.
1485 3971 1593 4099 Jam
1628 3962 1747 4062 enim
1783 4001 1923 4064 renam

488 4147 568 4209 usu
603 4110 809 4211 didicerat
844 4108 921 4239 (id
957 4108 1079 4247 quod
1114 4140 1175 4206 est
1209 4105 1355 4204 multis
1391 4103 1597 4242 exemplis
1633 4103 1921 4224 declaratum,

489 4287 534 4348 et
568 4293 594 4350 a
628 4292 699 4350 ma
732 4252 797 4349 nis
830 4247 1099 4389 pbilosophis
1134 4246 1374 4382 traditum)
1408 4244 1501 4345 fieri
1535 4283 1629 4344 non
1661 4283 1808 4383 posse,
1852 4280 1929 4345 aut

491 4430 603 4525 certe
650 4290 958 4494 diilcillimum
1007 4431 1091 4492 esse
1112 4465 1127 4509 ,
1152 4424 1221 4523 ut
1272 4400 1395 4528 quae'
1418 4385 1615 4487 moribus
1663 4422 1740 4486 aut
1788 4384 1927 4486 insitis

494 4533 776 4674 opinionibus
809 4532 1174 4649 inveteraverint,
1210 4528 1314 4631 haec
1350 4527 1491 4632 verbis
1527 4530 1749 4632 dumtaxat
1789 4563 1928 4666 ¹atque

381 4689 386 4703 ’
492 4677 739 4780 rationein
773 4677 987 4811 diversum
1022 4685 1344 4776 commutentur
1364 4710 1375 4779 3
1399 4672 1458 4775 fvi
1492 4707 1603 4814 opus
1639 4707 1726 4770 esse
1760 4742 1777 4790 ,
1813 4686 1928 4829 quae

1863 4845 1926 4911 tr-
2073 4831 2093 4854 ⁴
