4124 5880
534 433 780 517 canotr
822 435 874 516 v.
919 440 1036 519 trs.
1079 440 1227 519 xvu.
1520 454 1575 543 29

141 601 229 708 bili
263 614 277 720 ᾗ
317 591 523 700 Maurico
542 608 543 611 ‘
565 605 678 695 Lara
720 603 909 726 Najarae
946 674 961 715 ,
997 592 1157 701 Inccbo
1213 608 1340 741 Lupo
1393 603 1622 706 Mendoza

134 742 391 862 Infantati,
431 777 475 840 et
512 735 686 875 Jacobo
732 748 863 879 Lupo
902 735 1099 841 Pacbcco
1148 743 1353 844 Scalonae
1389 747 1619 870 Ducibus,

132 930 188 996 ut
234 933 282 991 se
319 888 372 990 ad
411 882 685 1023 colloquium
735 884 1087 1009 comitarentur,
1124 888 1359 1005 evocatis,
1398 928 1442 991 et
1480 895 1623 996 Barci-

132 1074 318 1140 nonem
353 1028 591 1130 convenite
624 1026 774 1159 jussis,
795 1068 888 1169 quo
925 1030 1106 1130 Carolus
1147 1075 1198 1135 ex
1246 1033 1420 1174 oppido
1458 1039 1623 1139 Valdo-
1760 1110 1766 1118 -

133 1185 231 1284 lito
275 1170 570 1318 properabat.
631 1171 816 1288 Carolus
879 1173 1000 1272 enim
1038 1215 1142 1275 cum
1181 1180 1327 1317 'parvo
1374 1177 1624 1303 comitatu,

133 1323 332 1427 mutatis
371 1320 429 1418 ad
468 1316 734 1419 celeritatem
771 1314 895 1458 equis
915 1396 929 1436 ,
953 1357 1166 1439 uxorem,
1201 1357 1244 1421 et
1278 1326 1508 1457 Joannem
1548 1366 1627 1427 nu-

138 1508 234 1614 pet
276 1501 428 1566 natum
481 1461 666 1581 filium,
708 1462 789 1602 qui
832 1462 1077 1603 insequenti
1121 1504 1238 1594 anno
1289 1454 1489 1566 mortuus
1533 1509 1628 1593 est,

140 1611 329 1716 visendi
359 1607 524 1750 gratia,
546 1647 598 1705 ex
629 1604 925 1725 Montisone,
947 1607 1056 1706 dum
1091 1606 1225 1750 legati
1256 1610 1313 1710 ad
1347 1611 1627 1752 colloquium

138 1757 276 1860 missi
311 1752 631 1870 convenirent,
663 1747 943 1851 Valdolirum
979 1788 1192 1862 veneratr
1230 1754 1301 1854 sed
1338 1754 1625 1860 Barcinonem

137 1940 392 2018 reversus,
431 1894 621 2039 cognitis
659 1894 889 1996 Gallorum
924 1894 1088 2036 iniquis
1140 1898 1417 2037 postulatis,
1461 1937 1505 1999 et
1549 1944 1624 2042 spe

136 2048 272 2191 pacis
310 2037 588 2183 refrigerata,
614 2079 727 2181 quos
760 2037 852 2139 dixi
884 2048 1119 2161 Procctes,
1155 2051 1248 2171 jam
1288 2043 1369 2143 iter
1407 2041 1626 2185 ingressos
1688 2126 1691 2127 f

134 2195 348 2294 domum
385 2187 527 2287 redire
564 2186 708 2316 jussit.

229 2343 289 2437 V.
367 2343 575 2432 Ceterum
611 2327 762 2471 legatis
799 2368 852 2428 ex
886 2330 1115 2473 colloquio
1152 2371 1199 2432 re
1235 2327 1396 2434 infecta
1431 2333 1629 2456 reversis,

143 2478 393 2597 Carolus,
448 2474 528 2615 qui
572 2508 739 2621 pacem·
761 2475 968 2576 constitui
1015 2476 1166 2620 magni
1211 2478 1388 2580 videbat
1430 2476 1630 2619 publicae

130 2624 517 2728 Christianorum
553 2620 698 2722 salutis
734 2617 984 2741 interesse,
1030 2664 1122 2724 non
1165 2623 1313 2722 statim
1354 2622 1427 2734 ab,
1452 2624 1630 2763 incepto

127 2765 244 2897 sibi
281 2767 579 2869 desistendum
615 2765 788 2909 putavit
814 2843 829 2885 ,
853 2768 928 2868 sed
964 2768 1089 2869 omni
1126 2807 1211 2908 ope
1247 2768 1537 2885 conandum,
1578 2766 1635 2865 si-

128 2951 257 3052 qua
291 2912 460 3011 ratione
497 2947 640 3052 posset
675 2922 846 3050 Regem
882 2913 938 3010 ad
974 2913 1243 3052 aequitatem
1280 2911 1486 3010 reducere
1523 2982 1540 3031 ,
1580 2943 1632 3008 ut

121 3054 475 3156 contracersiis
513 3055 807 3195 compositis,
843 3053 889 3153 in
926 3052 1114 3196 publica,
1138 3055 1490 3156 Christianorum
1526 3090 1634 3150 con-

124 3199 317 3300 cordia
361 3199 640 3299 commodius
684 3232 830 3340 posset
877 3203 1126 3305 Turcarum
1173 3198 1344 3330 injuriis
1381 3234 1425 3298 et
1461 3194 1634 3297 conati-

128 3336 247 3443 laus
284 3340 526 3462 obsistere,
564 3343 612 3443 in
649 3342 785 3482 idque
821 3337 1025 3461 bellum,
1062 3347 1187 3485 quod
1225 3343 1376 3442 animo
1414 3339 1637 3482 agitabat,

120 3480 451 3590 incumbere.
502 3489 576 3587 Ad
613 3523 736 3627 spem
783 3482 913 3616 hujus
960 3487 1022 3587 rei
1065 3486 1362 3587 conficiendae
1397 3523 1500 3584 cum
1536 3520 1636 3581 ma-

105 3626 285 3735 xime
324 3630 528 3773 probaret
568 3668 699 3772 opera
754 3664 797 3727 et
831 3630 1089 3731 auctoritate
1125 3633 1193 3732 uri
1228 3629 1351 3731 Pauli
1400 3623 1636 3727 Pontifici-

77 3776 409 3895 Maximi,
461 3776 540 3915 qui
575 3813 652 3874 sua
697 3813 879 3914 quoque
900 3869 902 3877 ,
922 3810 1077 3915 sponte
1125 3775 1240 3916 pacis
1277 3801 1431 3914 auctor
1469 3809 1639 3910 semper

71 3901 168 4002 f
147 3938 351 4035 uerat,
389 3958 465 4060 per
501 3919 663 4019 litteras
701 3951 744 4016 et
779 3917 976 4059 legatum
1012 3924 1238 4054 Joannem
1273 3908 1529 4018 Mauricum
1571 3920 1640 4013 A·

66 4060 346 4185 guilaris
375 4054 692 4163 'marchionem
728 4101 832 4164 cum
869 4062 967 4202 ipso
997 4064 1134 4207 agit,
1172 4065 1241 4165 uti
1275 4101 1367 4164 rem
1405 4057 1636 4198 suscipiat,

64 4227 173 4293 et
244 4245 378 4308 suam
413 4208 717 4308 auctoritatem
753 4206 1002 4348 interponat
1042 4249 1053 4319 3
1105 4208 1177 4310 cui
1213 4208 1249 4309 si
1294 4206 1441 4308 visum
1475 4198 1643 4320 fuerit,

71 4365 197 4442 ut
254 4351 340 4490 ipsi
377 4387 501 4471 tres,
537 4394 631 4494 quo
669 4390 733 4451 res
770 4354 1053 4453 commodius
1100 4390 1298 4495 agatur,
1337 4347 1498 4448 Galliae
1543 4345 1646 4446 fini-

72 4466 246 4593 bus
285 4495 682 4639 appropinquent,
721 4535 763 4594 se
800 4512 881 4593 nec
925 4496 1093 4594 itineris
1130 4491 1377 4594 molestiam
1403 4540 1429 4612 r,
1466 4532 1548 4592 nec
1585 4491 1652 4589 lar·

85 4613 329 4738 berem
374 4678 673 4771 recusaturum
716 4640 910 4740 ostendit
951 4639 997 4738 in
1036 4636 1295 4780 Allobrogas
1322 4685 1355 4759 ,¹
1375 4634 1713 4742 auttTautie..,
1749 4730 1753 4738 .
1912 4714 1925 4739 .

104 4800 296 4904 nos,
338 4798 626 4930 'quocumque
660 4785 959 4905 convenerit,
997 4783 1273 4918 trajiciendi.
1365 4830 1399 4844 ·“
1448 4890 1453 4897 ,
1536 4868 1540 4876 -

1537 4933 1653 5022 Pau*
