3998 5850
462 449 709 535 CAROLI
754 449 807 529 V.
848 446 1165 527 Lrssrxxlx.
1414 455 1502 554 495

42 688 46 699 ι
85 617 142 722 ab
180 605 455 755 oppidanis,
492 606 639 747 ipsum
670 604 731 703 ad
753 601 972 742 {Reginae
1015 599 1149 700 fidem
1187 639 1229 706 et
1270 604 1550 712 clementiam

45 742 46 745 i
87 755 439 894 rejicientibus,
462 745 617 851 frustra
653 747 883 883 contendit
915 784 928 853 ἱ
958 745 1135 886 Regina
1171 752 1228 849 ad
1270 751 1412 851 aulam
1448 794 1554 856 cum

83 903 314 1049 praesidio
340 893 628 1011 morabatur,
648 930 784 1009 nam,
808 925 858 988 ut
895 889 942 989 in
978 928 1123 990 arcem
1160 934 1203 992 se
1239 894 1475 1035 reciperet,
1496 938 1552 996 ne

86 1050 179 1149 suis
211 1042 385 1145 timoris
422 1036 794 1180 significationem
831 1035 995 1153 daret,
1032 1035 1193 1137 adduci
1237 1047 1330 1138 non
1378 1041 1555 1179 potuit,

90 1200 205 1332 quae
242 1187 391 1327 copias
428 1182 486 1284 ab
527 1180 731 1281 Huvieto
769 1178 859 1279 sine
916 1177 1103 1318 imperio
1152 1182 1319 1282 relictas
1367 1222 1443 1327 per
1487 1178 1557 1282 fe-

85 1371 273 1435 nestram
309 1328 558 1467 conspicata
579 1401 593 1443 ,
614 1321 924 1423 Pembrucium
959 1320 1190 1424 Comitem
1225 1329 1492 1469 compellat,
1512 1327 1558 1427 in

87 1517 244 1617 easque
260 1551 275 1593 ,
309 1509 359 1571 ut
397 1467 691 1612 praesidium,
729 1466 854 1607 quod
892 1467 1060 1584 aderat,
1083 1469 1337 1589 induceret,
1358 1507 1401 1572 et
1437 1469 1559 1570 obla-

89 1655 133 1721 ta
168 1617 399 1719 occasione
454 1614 683 1755 diligenter
738 1644 967 1728 uteretur,
1008 1610 1222 1753 imperat.
1273 1613 1561 1716 Pembrucius

88 1762 278 1863 celeriter
315 1754 476 1859 educto
516 1754 868 1899 praesidi0,nec
907 1752 1091 1895 opinato
1128 1756 1242 1858 male
1279 1795 1451 1897 paratos
1486 1759 1562 1860 in·
1707 1817 1716 1835 ·
1854 1834 1859 1849 a

91 1906 243 2012 vadit3
279 1905 428 2042 itaque
473 1902 548 2000 vix
586 1898 734 2037 primo
779 1897 949 2036 impetu
986 1896 1212 2012 tolerato,
1247 1902 1395 2001 multis
1438 1902 1562 2001 oeci-r

89 2049 147 2151 sis
202 2081 277 2147 aut
325 2044 590 2161 vulneratis,
631 2035 827 2180 pluribus
868 2040 1052 2179 captis,
1091 2041 1224 2142 ceteri
1266 2039 1350 2144 fusi
1400 2039 1564 2187 fugati.

93 2232 184 2334 que
222 2224 366 2295 sunta
406 2224 602 2328 quorum
640 2184 940 2283 animadversa
980 2177 1089 2328 fuga
1154 2186 1454 2307 Cortineus,
1482 2187 1565 2331 qui

94 2375 200 2436 cum
236 2333 435 2474 equitatu
473 2372 498 2429 a
538 2327 712 2470 Regina
749 2327 921 2427 missusss
941 2364 1058 2427 extra
1089 2368 1267 2470 portam
1303 2371 1406 2431 cum
1444 2371 1568 2474 prae-

94 2479 209 2578 sidio
233 2477 516 2592 constiterat,
544 2472 793 2572 Huvietum
829 2471 1051 2591 adoritur,
1071 2475 1282 2614 tenuique
1317 2485 1407 2607 ejus
1443 2515 1565 2616 prac-

94 2615 210 2722 sidio
245 2615 370 2719 faeile
405 2612 535 2733 fuso,
572 2617 719 2756 ipsum
756 2651 800 2712 et
836 2613 1075 2714 nonnullos
1112 2617 1250 2738 alios,
1272 2656 1364 2718 non
1399 2619 1563 2719 admo-

93 2765 205 2864 dum
237 2764 584 2904 repugnantes,
623 2759 750 2860 vivos
786 2756 945 2897 cepit,
991 2758 1280 2904 captivosque
1323 2762 1370 2865 in
1421 2801 1565 2869 arcem

95 2905 312 3007 abduxit.

169 3058 359 3152 XXVII.
434 3056 536 3147 Erat
581 3078 730 3144 autem
777 3038 1013 3145 Cortineus
1056 3086 1107 3148 ex
1153 3043 1428 3190 principibus
1471 3048 1567 3154 Bri-

97 3192 273 3293 tanniae
309 3189 556 3290 adolescens
593 3226 768 3289 summo
804 3226 962 3328 genere
999 3226 1163 3311 natus,
1199 3191 1390 3333 ideoque
1425 3195 1567 3337 Regi-

101 3373 186 3436 nae
223 3334 510 3435 matrimonio
548 3331 596 3433 in
633 3330 783 3471 primis
819 3332 979 3473 dignus
1014 3333 1146 3434 initio
1182 3375 1207 3434 a
1243 3337 1462 3477 plerisque
1495 3349 1569 3467 ju·

100 3478 360 3587 dicabatu13
402 3478 514 3619 quin
550 3475 682 3575 etiam
720 3473 940 3576 Huvietus
975 3476 1100 3618 ipse,
1135 3479 1244 3577 dum
1280 3479 1329 3578 in
1373 3483 1571 3583 custodia

101 3654 351 3743 teneretur,
387 3622 496 3722 odio
562 3655 638 3721 aut
682 3658 757 3758 spe
807 3617 1002 3758 quadam
1038 3621 1190 3760 eulpae
1226 3662 1324 3722 suae
1360 3624 1570 3725 derivan-

102 3768 185 3866 dae
234 3768 472 3885 inductus,
505 3763 618 3867 inter
672 3763 1005 3904 conspirationis
1061 3764 1259 3864 conscios
1305 3767 1571 3870 Cortineum

104 3904 214 4034 falso
250 3909 534 4032 nominavit,
574 3906 683 4007 illud
721 3946 906 4046 quoque
943 3900 1184 4050 affingens,
1220 3909 1365 4050 ipsum
1401 3912 1455 4010 de
1491 3919 1573 4011 Isa-

60 4055 64 4060 ’
107 4047 247 4151 bellae
288 4051 621 4187 matrimoni0,
663 4090 801 4191 quam
850 4048 989 4150 sorori
1030 4052 1201 4152 Mariae
1245 4049 1576 4194 praeferendam

106 4228 281 4334 putaret
303 4271 317 4314 ,
339 4195 549 4336 cogitasse
573 4230 649 4313 ,et
686 4233 789 4293 cum
833 4192 961 4294 sociis
1007 4195 1325 4328 conjurationis
1367 4236 1575 4299 eommu-

108 4338 269 4439 nicasse
302 4377 314 4445 3
346 4347 468 4467 cujus
504 4337 761 4478 suspicionis
808 4376 933 4437 causa
969 4336 1017 4436 in
1069 4378 1214 4440 arcem
1266 4340 1478 4440 deductus
1531 4377 1576 4442 et

110 4482 351 4582 custoditus
389 4475 505 4599 fuit,
546 4483 688 4581 donee
724 4481 920 4611 ejusdem
955 4480 1146 4582 Huvieti
1182 4484 1456 4622 poenitentia
1492 4486 1602 4585 du?

109 4623 202 4740 cti,
236 4625 343 4727 dum
379 4628 435 4727 ad
472 4665 626 4725 necem
664 4626 894 4725 damnatus
933 4625 1191 4745 duceretur,
1226 4628 1479 4728 testimonio
1517 4629 1576 4728 li-

110 4762 286 4869 beratus
321 4807 411 4870 est.
449 4777 571 4871 Nam
607 4771 661 4872 de
698 4766 880 4871 Thoma
915 4769 1118 4873 Huvieto
1168 4808 1219 4871 ac
1255 4780 1380 4876 Duce
1415 4768 1573 5013 Sulppl-

1470 4950 1572 5015 cro
