<?xml version="1.0" encoding="UTF-8"?>
<!DOCTYPE html PUBLIC "-//W3C//DTD XHTML 1.0 Transitional//EN"
    "http://www.w3.org/TR/xhtml1/DTD/xhtml1-transitional.dtd">
<html xmlns="http://www.w3.org/1999/xhtml" xml:lang="en" lang="en">
 <head>
  <title>
</title>
<meta http-equiv="Content-Type" content="text/html;charset=utf-8" />
  <meta name='ocr-system' content='tesseract 3.04.00' />
  <meta name='ocr-capabilities' content='ocr_page ocr_carea ocr_par ocr_line ocrx_word'/>
</head>
<body>
  <div class='ocr_page' id='page_1' title='image "./joannisgenesiis00sepgoog_0275.png"; bbox 0 0 4192 5858; ppageno 0'>
   <div class='ocr_carea' id='block_1_1' title="bbox 466 447 1520 581">
    <p class='ocr_par' dir='ltr' id='par_1_1' title="bbox 466 447 1520 581">
     <span class='ocr_line' id='line_1_1' title="bbox 466 447 1520 581; baseline 0.013 -52"><span class='ocrx_word' id='word_1_1' title='bbox 466 447 717 530; x_wconf 80' lang='lat' dir='ltr'>cnRoLr</span> <span class='ocrx_word' id='word_1_2' title='bbox 768 450 983 581; x_wconf 63' lang='lat' dir='ltr'>natu.</span> <span class='ocrx_word' id='word_1_3' title='bbox 1026 455 1204 536; x_wconf 83' lang='grc' dir='ltr'>ιιιιιιι.</span> <span class='ocrx_word' id='word_1_4' title='bbox 1437 477 1520 570; x_wconf 80' lang='lat'>243</span> 
     </span>
    </p>
   </div>
   <div class='ocr_carea' id='block_1_2' title="bbox 113 599 1695 4799">
    <p class='ocr_par' dir='ltr' id='par_1_2' title="bbox 117 599 1592 1141">
     <span class='ocr_line' id='line_1_2' title="bbox 117 599 1557 750; baseline 0.015 -50"><span class='ocrx_word' id='word_1_5' title='bbox 117 599 366 704; x_wconf 78' lang='lat' dir='ltr'>›raeliorum</span> <span class='ocrx_word' id='word_1_6' title='bbox 395 633 495 702; x_wconf 93' lang='lat' dir='ltr'>tum</span> <span class='ocrx_word' id='word_1_7' title='bbox 529 600 832 744; x_wconf 84' lang='lat' dir='ltr'>equestrium,</span> <span class='ocrx_word' id='word_1_8' title='bbox 861 640 959 706; x_wconf 88' lang='lat' dir='ltr'>turn</span> <span class='ocrx_word' id='word_1_9' title='bbox 990 611 1252 750; x_wconf 83' lang='lat' dir='ltr'>pedestrium</span> <span class='ocrx_word' id='word_1_10' title='bbox 1286 613 1557 730; x_wconf 80' lang='lat' dir='ltr'>simulacris,</span> 
     </span>
     <span class='ocr_line' id='line_1_3' title="bbox 117 744 1592 912; baseline 0.015 -68"><span class='ocrx_word' id='word_1_11' title='bbox 117 748 337 890; x_wconf 73' lang='lat' dir='ltr'>suelhsque</span> <span class='ocrx_word' id='word_1_12' title='bbox 373 744 547 850; x_wconf 84' lang='lat' dir='ltr'>choreas</span> <span class='ocrx_word' id='word_1_13' title='bbox 591 744 884 912; x_wconf 89' lang='lat' dir='ltr'>ducentibus,</span> <span class='ocrx_word' id='word_1_14' title='bbox 922 753 978 852; x_wconf 87' lang='lat' dir='ltr'>ad</span> <span class='ocrx_word' id='word_1_15' title='bbox 1018 752 1173 856; x_wconf 90' lang='lat' dir='ltr'>urbem</span> <span class='ocrx_word' id='word_1_16' title='bbox 1211 797 1316 860; x_wconf 92' lang='lat' dir='ltr'>vero</span> <span class='ocrx_word' id='word_1_17' title='bbox 1367 763 1592 875; x_wconf 83' lang='lat' dir='ltr'>arcubus</span> 
     </span>
     <span class='ocr_line' id='line_1_4' title="bbox 117 891 1551 1051; baseline 0.014 -58.028"><span class='ocrx_word' id='word_1_18' title='bbox 117 933 199 996; x_wconf 89' lang='grc' dir='ltr'>ιιιιι</span> <span class='ocrx_word' id='word_1_19' title='bbox 227 891 495 1037; x_wconf 86' lang='lat' dir='ltr'>imaginibus</span> <span class='ocrx_word' id='word_1_20' title='bbox 520 892 839 1034; x_wconf 83' lang='lat' dir='ltr'>aenigmaticis</span> <span class='ocrx_word' id='word_1_21' title='bbox 847 896 1207 1041; x_wconf 87' lang='lat' dir='ltr'>carminibusque</span> <span class='ocrx_word' id='word_1_22' title='bbox 1233 940 1277 1003; x_wconf 89' lang='lat' dir='ltr'>ct</span> <span class='ocrx_word' id='word_1_23' title='bbox 1301 904 1551 1051; x_wconf 85' lang='lat' dir='ltr'>inscriptio</span> 
     </span>
     <span class='ocr_line' id='line_1_5' title="bbox 117 1037 434 1141; baseline 0.014 -5"><span class='ocrx_word' id='word_1_24' title='bbox 117 1037 222 1141; x_wconf 75' lang='lat' dir='ltr'>sibus</span> <span class='ocrx_word' id='word_1_25' title='bbox 260 1039 434 1140; x_wconf 88' lang='lat' dir='ltr'>erectis.</span> 
     </span>
    </p>

    <p class='ocr_par' dir='ltr' id='par_1_3' title="bbox 114 1179 1695 3496">
     <span class='ocr_line' id='line_1_6' title="bbox 177 1179 1547 1325; baseline 0.013 -45"><span class='ocrx_word' id='word_1_26' title='bbox 177 1192 339 1284; x_wconf 88' lang='lat' dir='ltr'><strong>XVIII.</strong></span> <span class='ocrx_word' id='word_1_27' title='bbox 427 1190 608 1299; x_wconf 89' lang='lat' dir='ltr'>Postero</span> <span class='ocrx_word' id='word_1_28' title='bbox 647 1179 769 1303; x_wconf 87' lang='lat' dir='ltr'>die,</span> <span class='ocrx_word' id='word_1_29' title='bbox 828 1181 917 1325; x_wconf 91' lang='lat' dir='ltr'>qui</span> <span class='ocrx_word' id='word_1_30' title='bbox 958 1181 1044 1311; x_wconf 75' lang='lat' dir='ltr'>luit</span> <span class='ocrx_word' id='word_1_31' title='bbox 1097 1191 1195 1292; x_wconf 91' lang='lat' dir='ltr'>Idus</span> <span class='ocrx_word' id='word_1_32' title='bbox 1250 1196 1547 1320; x_wconf 90' lang='lat' dir='ltr'>Novembris,</span> 
     </span>
     <span class='ocr_line' id='line_1_7' title="bbox 116 1259 1683 1483; baseline 0.013 -59"><span class='ocrx_word' id='word_1_33' title='bbox 116 1323 336 1469; x_wconf 75' lang='lat' dir='ltr'>*hilippuss</span> <span class='ocrx_word' id='word_1_34' title='bbox 371 1367 424 1430; x_wconf 82' lang='lat' dir='ltr'>ex</span> <span class='ocrx_word' id='word_1_35' title='bbox 461 1327 683 1429; x_wconf 93' lang='lat' dir='ltr'>coenobio</span> <span class='ocrx_word' id='word_1_36' title='bbox 711 1259 985 1465; x_wconf 87' lang='lat' dir='ltr'>Hieronymi</span> <span class='ocrx_word' id='word_1_37' title='bbox 1017 1332 1304 1460; x_wconf 90' lang='lat' dir='ltr'>suburbano,</span> <span class='ocrx_word' id='word_1_38' title='bbox 1315 1341 1385 1441; x_wconf 87' lang='lat' dir='ltr'>ad</span> <span class='ocrx_word' id='word_1_39' title='bbox 1418 1346 1544 1483; x_wconf 89' lang='lat' dir='ltr'>quod</span> <span class='ocrx_word' id='word_1_40' title='bbox 1678 1404 1683 1412; x_wconf 70' lang='lat'>=</span> 
     </span>
     <span class='ocr_line' id='line_1_8' title="bbox 116 1471 1695 1623; baseline 0.014 -52.042"><span class='ocrx_word' id='word_1_41' title='bbox 116 1507 384 1592; x_wconf 85' lang='lat' dir='ltr'>rverterat,</span> <span class='ocrx_word' id='word_1_42' title='bbox 435 1471 526 1575; x_wconf 89' lang='lat' dir='ltr'>sine</span> <span class='ocrx_word' id='word_1_43' title='bbox 577 1472 888 1593; x_wconf 89' lang='lat' dir='ltr'>caerimonia,</span> <span class='ocrx_word' id='word_1_44' title='bbox 942 1516 1023 1577; x_wconf 87' lang='lat' dir='ltr'>nec</span> <span class='ocrx_word' id='word_1_45' title='bbox 1077 1481 1309 1623; x_wconf 87' lang='lat' dir='ltr'>oppidanis</span> <span class='ocrx_word' id='word_1_46' title='bbox 1358 1482 1543 1593; x_wconf 86' lang='lat' dir='ltr'>obviarn</span> <span class='ocrx_word' id='word_1_47' title='bbox 1687 1512 1695 1524; x_wconf 90' lang='lat'>&#39;</span> 
     </span>
     <span class='ocr_line' id='line_1_9' title="bbox 116 1615 1544 1758; baseline 0.013 -43"><span class='ocrx_word' id='word_1_48' title='bbox 116 1615 372 1758; x_wconf 84' lang='lat' dir='ltr'>rogressis,</span> <span class='ocrx_word' id='word_1_49' title='bbox 412 1615 473 1717; x_wconf 93' lang='lat' dir='ltr'>sic</span> <span class='ocrx_word' id='word_1_50' title='bbox 514 1616 632 1715; x_wconf 91' lang='lat' dir='ltr'>enim</span> <span class='ocrx_word' id='word_1_51' title='bbox 683 1618 775 1757; x_wconf 90' lang='lat' dir='ltr'>ipse</span> <span class='ocrx_word' id='word_1_52' title='bbox 812 1627 1042 1752; x_wconf 88' lang='lat' dir='ltr'>jusserat,</span> <span class='ocrx_word' id='word_1_53' title='bbox 1080 1626 1154 1725; x_wconf 92' lang='lat' dir='ltr'>sed</span> <span class='ocrx_word' id='word_1_54' title='bbox 1189 1625 1405 1727; x_wconf 87' lang='lat' dir='ltr'>Pontifice</span> <span class='ocrx_word' id='word_1_55' title='bbox 1442 1637 1544 1732; x_wconf 91' lang='lat' dir='ltr'>To·-</span> 
     </span>
     <span class='ocr_line' id='line_1_10' title="bbox 116 1758 1548 1900; baseline 0.01 -38.108"><span class='ocrx_word' id='word_1_56' title='bbox 116 1794 230 1862; x_wconf 86' lang='lat' dir='ltr'>:tano</span> <span class='ocrx_word' id='word_1_57' title='bbox 270 1758 509 1900; x_wconf 90' lang='lat' dir='ltr'>multisque</span> <span class='ocrx_word' id='word_1_58' title='bbox 547 1760 798 1899; x_wconf 90' lang='lat' dir='ltr'>proceribus</span> <span class='ocrx_word' id='word_1_59' title='bbox 849 1764 1216 1888; x_wconf 88' lang='lat' dir='ltr'>comitantibus,</span> <span class='ocrx_word' id='word_1_60' title='bbox 1253 1769 1481 1874; x_wconf 91' lang='lat' dir='ltr'>urbem</span> <span class='ocrx_word' id='word_1_61' title='bbox 1468 1812 1548 1876; x_wconf 69' lang='lat' dir='ltr'>m⁴</span> 
     </span>
     <span class='ocr_line' id='line_1_11' title="bbox 115 1904 1542 2049; baseline 0.009 -45.084"><span class='ocrx_word' id='word_1_62' title='bbox 115 1905 242 2005; x_wconf 74' lang='lat' dir='ltr'>ravit.</span> <span class='ocrx_word' id='word_1_63' title='bbox 294 1906 493 2007; x_wconf 87' lang='lat' dir='ltr'>Aderant</span> <span class='ocrx_word' id='word_1_64' title='bbox 534 1941 655 2002; x_wconf 90' lang='lat' dir='ltr'>emm</span> <span class='ocrx_word' id='word_1_65' title='bbox 709 1944 761 2004; x_wconf 83' lang='lat' dir='ltr'>ex</span> <span class='ocrx_word' id='word_1_66' title='bbox 787 1904 996 2009; x_wconf 91' lang='lat' dir='ltr'>Ducibus</span> <span class='ocrx_word' id='word_1_67' title='bbox 1034 1912 1423 2049; x_wconf 90' lang='lat' dir='ltr'>Methymnensis,</span> <span class='ocrx_word' id='word_1_68' title='bbox 1457 1919 1542 2019; x_wconf 92' lang='lat' dir='ltr'>Al</span> 
     </span>
     <span class='ocr_line' id='line_1_12' title="bbox 115 2046 1544 2192; baseline 0.01 -44"><span class='ocrx_word' id='word_1_69' title='bbox 115 2089 256 2169; x_wconf 87' lang='lat' dir='ltr'>anus,</span> <span class='ocrx_word' id='word_1_70' title='bbox 288 2046 589 2167; x_wconf 87' lang='lat' dir='ltr'>Scalonensis,</span> <span class='ocrx_word' id='word_1_71' title='bbox 626 2046 980 2192; x_wconf 88' lang='lat' dir='ltr'>Almirantusque</span> <span class='ocrx_word' id='word_1_72' title='bbox 1014 2058 1270 2165; x_wconf 73' lang='lat' dir='ltr'>castellae,</span> <span class='ocrx_word' id='word_1_73' title='bbox 1312 2057 1544 2162; x_wconf 87' lang='lat' dir='ltr'>Marchio</span> 
     </span>
     <span class='ocr_line' id='line_1_13' title="bbox 115 2190 1539 2322; baseline 0.01 -29"><span class='ocrx_word' id='word_1_74' title='bbox 115 2235 158 2293; x_wconf 90' lang='lat' dir='ltr'>es</span> <span class='ocrx_word' id='word_1_75' title='bbox 194 2192 515 2312; x_wconf 90' lang='lat' dir='ltr'>Astoricensis,</span> <span class='ocrx_word' id='word_1_76' title='bbox 552 2190 816 2313; x_wconf 87' lang='lat' dir='ltr'>Vallensis,</span> <span class='ocrx_word' id='word_1_77' title='bbox 853 2194 1250 2322; x_wconf 86' lang='lat' dir='ltr'>Gibraleonensis‚</span> <span class='ocrx_word' id='word_1_78' title='bbox 1284 2204 1539 2307; x_wconf 89' lang='lat' dir='ltr'>Cerralven</span> 
     </span>
     <span class='ocr_line' id='line_1_14' title="bbox 117 2269 1541 2478; baseline 0.011 -41"><span class='ocrx_word' id='word_1_79' title='bbox 117 2379 186 2459; x_wconf 88' lang='lat' dir='ltr'>s,</span> <span class='ocrx_word' id='word_1_80' title='bbox 224 2376 268 2440; x_wconf 90' lang='lat' dir='ltr'>et</span> <span class='ocrx_word' id='word_1_81' title='bbox 302 2337 453 2441; x_wconf 88' lang='lat' dir='ltr'>Asculi</span> <span class='ocrx_word' id='word_1_82' title='bbox 487 2335 690 2478; x_wconf 88' lang='lat' dir='ltr'>Princeps</span> <span class='ocrx_word' id='word_1_83' title='bbox 724 2269 839 2437; x_wconf 78' lang='lat' dir='ltr'>filiis</span> <span class='ocrx_word' id='word_1_84' title='bbox 876 2340 1064 2442; x_wconf 90' lang='lat' dir='ltr'>Antonii</span> <span class='ocrx_word' id='word_1_85' title='bbox 1101 2345 1305 2447; x_wconf 88' lang='lat' dir='ltr'>Leivae</span> <span class='ocrx_word' id='word_1_86' title='bbox 1297 2413 1309 2455; x_wconf 68' lang='grc' dir='ltr'>ι</span> <span class='ocrx_word' id='word_1_87' title='bbox 1342 2350 1541 2452; x_wconf 87' lang='lat' dir='ltr'>Comites</span> 
     </span>
     <span class='ocr_line' id='line_1_15' title="bbox 115 2477 1538 2644; baseline 0.009 -62"><span class='ocrx_word' id='word_1_88' title='bbox 115 2519 438 2602; x_wconf 84' lang='lat' dir='ltr'>eneventanus,</span> <span class='ocrx_word' id='word_1_89' title='bbox 470 2477 765 2602; x_wconf 91' lang='lat' dir='ltr'>Nieblensis,</span> <span class='ocrx_word' id='word_1_90' title='bbox 802 2484 1130 2644; x_wconf 81' lang='lat' dir='ltr'>Aguilatensis,</span> <span class='ocrx_word' id='word_1_91' title='bbox 1161 2490 1397 2613; x_wconf 88' lang='lat' dir='ltr'>Bailensis‚</span> <span class='ocrx_word' id='word_1_92' title='bbox 1429 2494 1538 2594; x_wconf 88' lang='lat' dir='ltr'>Sali</span> 
     </span>
     <span class='ocr_line' id='line_1_16' title="bbox 115 2558 1539 2754; baseline 0.007 -27"><span class='ocrx_word' id='word_1_93' title='bbox 115 2629 271 2750; x_wconf 90' lang='lat' dir='ltr'>ensis,</span> <span class='ocrx_word' id='word_1_94' title='bbox 310 2624 673 2746; x_wconf 88' lang='lat' dir='ltr'>Fonsalidensis,</span> <span class='ocrx_word' id='word_1_95' title='bbox 711 2558 959 2750; x_wconf 77' lang='lat' dir='ltr'>Lilnensis,</span> <span class='ocrx_word' id='word_1_96' title='bbox 1001 2630 1314 2754; x_wconf 79' lang='lat' dir='ltr'>Olivetensis,</span> <span class='ocrx_word' id='word_1_97' title='bbox 1351 2644 1539 2737; x_wconf 87' lang='lat' dir='ltr'>Monte.</span> 
     </span>
     <span class='ocr_line' id='line_1_17' title="bbox 114 2770 1534 2935; baseline 0.006 -64"><span class='ocrx_word' id='word_1_98' title='bbox 114 2771 273 2935; x_wconf 80' lang='lat' dir='ltr'>iensis,</span> <span class='ocrx_word' id='word_1_99' title='bbox 307 2772 551 2876; x_wconf 87' lang='lat' dir='ltr'>Albanus</span> <span class='ocrx_word' id='word_1_100' title='bbox 541 2837 554 2880; x_wconf 85' lang='lat'>‚</span> <span class='ocrx_word' id='word_1_101' title='bbox 593 2804 638 2870; x_wconf 92' lang='lat' dir='ltr'>et</span> <span class='ocrx_word' id='word_1_102' title='bbox 675 2809 727 2870; x_wconf 80' lang='lat' dir='ltr'>ex</span> <span class='ocrx_word' id='word_1_103' title='bbox 777 2770 1080 2914; x_wconf 86' lang='lat' dir='ltr'>religiosorum</span> <span class='ocrx_word' id='word_1_104' title='bbox 1121 2777 1325 2918; x_wconf 89' lang='lat' dir='ltr'>equitum</span> <span class='ocrx_word' id='word_1_105' title='bbox 1366 2776 1534 2880; x_wconf 86' lang='lat' dir='ltr'>Praefe</span> 
     </span>
     <span class='ocr_line' id='line_1_18' title="bbox 114 2916 1534 3083; baseline 0.007 -68.057"><span class='ocrx_word' id='word_1_106' title='bbox 114 2916 159 3015; x_wconf 89' lang='lat' dir='ltr'>:is</span> <span class='ocrx_word' id='word_1_107' title='bbox 198 2919 440 3019; x_wconf 86' lang='lat' dir='ltr'>Franciscus</span> <span class='ocrx_word' id='word_1_108' title='bbox 476 2931 661 3036; x_wconf 87' lang='lat' dir='ltr'>Covus,</span> <span class='ocrx_word' id='word_1_109' title='bbox 697 2948 740 3018; x_wconf 91' lang='lat' dir='ltr'>et</span> <span class='ocrx_word' id='word_1_110' title='bbox 774 2924 981 3083; x_wconf 74' lang='lat' dir='ltr'>Joannes</span> <span class='ocrx_word' id='word_1_111' title='bbox 1007 2923 1238 3064; x_wconf 87' lang='lat' dir='ltr'>Zugniga.</span> <span class='ocrx_word' id='word_1_112' title='bbox 1297 2921 1534 3064; x_wconf 85' lang='lat' dir='ltr'>Primaque</span> 
     </span>
     <span class='ocr_line' id='line_1_19' title="bbox 114 3059 1532 3205; baseline 0.005 -45"><span class='ocrx_word' id='word_1_113' title='bbox 114 3098 206 3161; x_wconf 74' lang='lat' dir='ltr'>octe</span> <span class='ocrx_word' id='word_1_114' title='bbox 243 3064 457 3205; x_wconf 86' lang='lat' dir='ltr'>sponsalia</span> <span class='ocrx_word' id='word_1_115' title='bbox 490 3097 700 3161; x_wconf 89' lang='lat' dir='ltr'>consueta</span> <span class='ocrx_word' id='word_1_116' title='bbox 733 3065 998 3165; x_wconf 82' lang='lat' dir='ltr'>caerimonia</span> <span class='ocrx_word' id='word_1_117' title='bbox 1032 3059 1180 3186; x_wconf 85' lang='lat' dir='ltr'>facta,</span> <span class='ocrx_word' id='word_1_118' title='bbox 1219 3066 1379 3166; x_wconf 89' lang='lat' dir='ltr'>eodem</span> <span class='ocrx_word' id='word_1_119' title='bbox 1421 3078 1532 3167; x_wconf 88' lang='lat' dir='ltr'>Cat</span> 
     </span>
     <span class='ocr_line' id='line_1_20' title="bbox 114 3205 1530 3348; baseline 0.008 -44"><span class='ocrx_word' id='word_1_120' title='bbox 114 3208 217 3307; x_wconf 90' lang='lat' dir='ltr'>male</span> <span class='ocrx_word' id='word_1_121' title='bbox 253 3209 561 3348; x_wconf 88' lang='lat' dir='ltr'>Toletanoque</span> <span class='ocrx_word' id='word_1_122' title='bbox 601 3205 815 3308; x_wconf 87' lang='lat' dir='ltr'>Pontifice</span> <span class='ocrx_word' id='word_1_123' title='bbox 856 3245 1174 3311; x_wconf 88' lang='lat' dir='ltr'>sacramentum</span> <span class='ocrx_word' id='word_1_124' title='bbox 1228 3210 1530 3315; x_wconf 75' lang='lat' dir='ltr'>administren</span> 
     </span>
     <span class='ocr_line' id='line_1_21' title="bbox 114 3349 1527 3496; baseline 0.004 -44"><span class='ocrx_word' id='word_1_125' title='bbox 114 3399 166 3476; x_wconf 75' lang='grc' dir='ltr'>τ,</span> <span class='ocrx_word' id='word_1_126' title='bbox 204 3352 360 3453; x_wconf 89' lang='lat' dir='ltr'>deinde</span> <span class='ocrx_word' id='word_1_127' title='bbox 400 3390 555 3494; x_wconf 88' lang='lat' dir='ltr'>quarta</span> <span class='ocrx_word' id='word_1_128' title='bbox 593 3350 763 3452; x_wconf 90' lang='lat' dir='ltr'>circiter</span> <span class='ocrx_word' id='word_1_129' title='bbox 809 3349 918 3453; x_wconf 89' lang='lat' dir='ltr'>hora</span> <span class='ocrx_word' id='word_1_130' title='bbox 957 3391 1056 3496; x_wconf 92' lang='lat' dir='ltr'>post</span> <span class='ocrx_word' id='word_1_131' title='bbox 1102 3356 1296 3456; x_wconf 89' lang='lat' dir='ltr'>mediam</span> <span class='ocrx_word' id='word_1_132' title='bbox 1347 3390 1527 3457; x_wconf 90' lang='lat' dir='ltr'>noctem</span> 
     </span>
    </p>

    <p class='ocr_par' dir='ltr' id='par_1_4' title="bbox 114 3496 1528 4613">
     <span class='ocr_line' id='line_1_22' title="bbox 114 3496 1527 3638; baseline -0.001 -40.955"><span class='ocrx_word' id='word_1_133' title='bbox 114 3496 326 3601; x_wconf 84' lang='lat' dir='ltr'>:sdivina</span> <span class='ocrx_word' id='word_1_134' title='bbox 371 3533 580 3638; x_wconf 84' lang='lat' dir='ltr'>patrata,</span> <span class='ocrx_word' id='word_1_135' title='bbox 619 3531 662 3595; x_wconf 93' lang='lat' dir='ltr'>et</span> <span class='ocrx_word' id='word_1_136' title='bbox 700 3497 882 3638; x_wconf 88' lang='lat' dir='ltr'>nuptiae</span> <span class='ocrx_word' id='word_1_137' title='bbox 919 3499 1078 3598; x_wconf 92' lang='lat' dir='ltr'>eodem</span> <span class='ocrx_word' id='word_1_138' title='bbox 1112 3499 1371 3602; x_wconf 92' lang='lat' dir='ltr'>administro</span> <span class='ocrx_word' id='word_1_139' title='bbox 1418 3499 1527 3596; x_wconf 91' lang='lat' dir='ltr'>cele</span> 
     </span>
     <span class='ocr_line' id='line_1_23' title="bbox 113 3639 1526 3804; baseline 0.003 -65.02"><span class='ocrx_word' id='word_1_140' title='bbox 113 3675 251 3762; x_wconf 86' lang='lat' dir='ltr'>·,atae</span> <span class='ocrx_word' id='word_1_141' title='bbox 287 3641 523 3745; x_wconf 87' lang='lat' dir='ltr'>deinde</span> <span class='ocrx_word' id='word_1_142' title='bbox 488 3680 603 3742; x_wconf 85' lang='lat' dir='ltr'>ctrca</span> <span class='ocrx_word' id='word_1_143' title='bbox 640 3639 783 3742; x_wconf 91' lang='lat' dir='ltr'>lucem</span> <span class='ocrx_word' id='word_1_144' title='bbox 817 3640 1044 3804; x_wconf 80' lang='lat' dir='ltr'>Philippus</span> <span class='ocrx_word' id='word_1_145' title='bbox 1082 3682 1187 3746; x_wconf 88' lang='lat' dir='ltr'>cutn</span> <span class='ocrx_word' id='word_1_146' title='bbox 1240 3652 1428 3783; x_wconf 85' lang='lat' dir='ltr'>conjuge</span> <span class='ocrx_word' id='word_1_147' title='bbox 1478 3641 1526 3743; x_wconf 91' lang='lat' dir='ltr'>in</span> 
     </span>
     <span class='ocr_line' id='line_1_24' title="bbox 114 3721 1527 3931; baseline 0.001 -48"><span class='ocrx_word' id='word_1_148' title='bbox 114 3721 310 3888; x_wconf 85' lang='lat' dir='ltr'>alamitm</span> <span class='ocrx_word' id='word_1_149' title='bbox 344 3824 578 3931; x_wconf 85' lang='lat' dir='ltr'>paratum,</span> <span class='ocrx_word' id='word_1_150' title='bbox 617 3785 751 3885; x_wconf 87' lang='lat' dir='ltr'>ceteri</span> <span class='ocrx_word' id='word_1_151' title='bbox 785 3824 909 3886; x_wconf 86' lang='lat' dir='ltr'>suam</span> <span class='ocrx_word' id='word_1_152' title='bbox 945 3825 1133 3929; x_wconf 82' lang='lat' dir='ltr'>quisque</span> <span class='ocrx_word' id='word_1_153' title='bbox 1173 3790 1363 3888; x_wconf 91' lang='lat' dir='ltr'>domum</span> <span class='ocrx_word' id='word_1_154' title='bbox 1402 3780 1527 3884; x_wconf 53' lang='lat' dir='ltr'>cubi*</span> 
     </span>
     <span class='ocr_line' id='line_1_25' title="bbox 118 3928 1528 4074; baseline -0.001 -46"><span class='ocrx_word' id='word_1_155' title='bbox 118 3966 169 4028; x_wconf 90' lang='lat' dir='ltr'>m</span> <span class='ocrx_word' id='word_1_156' title='bbox 204 3932 512 4035; x_wconf 90' lang='lat' dir='ltr'>discesserunt.</span> <span class='ocrx_word' id='word_1_157' title='bbox 562 3944 745 4073; x_wconf 86' lang='lat' dir='ltr'>Septem</span> <span class='ocrx_word' id='word_1_158' title='bbox 781 3928 934 4033; x_wconf 89' lang='lat' dir='ltr'>diebus</span> <span class='ocrx_word' id='word_1_159' title='bbox 975 3970 1051 4074; x_wconf 90' lang='lat' dir='ltr'>pet</span> <span class='ocrx_word' id='word_1_160' title='bbox 1094 3932 1222 4033; x_wconf 90' lang='lat' dir='ltr'>ludos</span> <span class='ocrx_word' id='word_1_161' title='bbox 1276 3963 1528 4071; x_wconf 88' lang='lat' dir='ltr'>equestres,</span> 
     </span>
     <span class='ocr_line' id='line_1_26' title="bbox 114 4070 1528 4218; baseline -0.002 -45"><span class='ocrx_word' id='word_1_162' title='bbox 114 4113 321 4176; x_wconf 88' lang='lat' dir='ltr'>tmerosas</span> <span class='ocrx_word' id='word_1_163' title='bbox 359 4078 648 4195; x_wconf 88' lang='lat' dir='ltr'>saltationes,</span> <span class='ocrx_word' id='word_1_164' title='bbox 687 4077 1023 4218; x_wconf 86' lang='lat' dir='ltr'>venationesque</span> <span class='ocrx_word' id='word_1_165' title='bbox 1059 4075 1369 4210; x_wconf 87' lang='lat' dir='ltr'>jucundissime</span> <span class='ocrx_word' id='word_1_166' title='bbox 1411 4070 1528 4170; x_wconf 88' lang='lat' dir='ltr'>cele-</span> 
     </span>
     <span class='ocr_line' id='line_1_27' title="bbox 114 4153 1523 4365; baseline -0.006 -45"><span class='ocrx_word' id='word_1_167' title='bbox 114 4220 234 4342; x_wconf 91' lang='lat' dir='ltr'>atis,</span> <span class='ocrx_word' id='word_1_168' title='bbox 278 4222 552 4365; x_wconf 91' lang='lat' dir='ltr'>Philippus,</span> <span class='ocrx_word' id='word_1_169' title='bbox 590 4153 840 4323; x_wconf 71' lang='lat' dir='ltr'>collaudato</span> <span class='ocrx_word' id='word_1_170' title='bbox 893 4257 937 4321; x_wconf 91' lang='lat' dir='ltr'>et</span> <span class='ocrx_word' id='word_1_171' title='bbox 991 4224 1180 4322; x_wconf 91' lang='lat' dir='ltr'>domum</span> <span class='ocrx_word' id='word_1_172' title='bbox 1229 4219 1422 4319; x_wconf 89' lang='lat' dir='ltr'>redire</span> <span class='ocrx_word' id='word_1_173' title='bbox 1408 4254 1523 4346; x_wconf 72' lang='lat' dir='ltr'>jusso</span> 
     </span>
     <span class='ocr_line' id='line_1_28' title="bbox 114 4359 1527 4510; baseline -0.006 -45"><span class='ocrx_word' id='word_1_174' title='bbox 114 4405 190 4466; x_wconf 90' lang='lat' dir='ltr'>uce</span> <span class='ocrx_word' id='word_1_175' title='bbox 225 4366 593 4510; x_wconf 89' lang='lat' dir='ltr'>Methymnensi,</span> <span class='ocrx_word' id='word_1_176' title='bbox 631 4403 735 4465; x_wconf 91' lang='lat' dir='ltr'>curn</span> <span class='ocrx_word' id='word_1_177' title='bbox 770 4406 905 4468; x_wconf 88' lang='lat' dir='ltr'>uxore</span> <span class='ocrx_word' id='word_1_178' title='bbox 942 4365 1258 4507; x_wconf 85' lang='lat' dir='ltr'>proficiscitur,</span> <span class='ocrx_word' id='word_1_179' title='bbox 1283 4396 1325 4459; x_wconf 91' lang='lat' dir='ltr'>et</span> <span class='ocrx_word' id='word_1_180' title='bbox 1359 4359 1527 4464; x_wconf 65' lang='lat' dir='ltr'>Valdo⁴</span> 
     </span>
     <span class='ocr_line' id='line_1_29' title="bbox 114 4509 756 4629; baseline 0 -21"><span class='ocrx_word' id='word_1_181' title='bbox 114 4549 193 4608; x_wconf 92' lang='lat' dir='ltr'>um</span> <span class='ocrx_word' id='word_1_182' title='bbox 230 4514 388 4613; x_wconf 82' lang='lat' dir='ltr'>reverti</span> <span class='ocrx_word' id='word_1_183' title='bbox 423 4509 756 4629; x_wconf 83' lang='lat' dir='ltr'>contendit.·</span> 
     </span>
    </p>

    <p class='ocr_par' dir='ltr' id='par_1_5' title="bbox 132 4643 1525 4799">
     <span class='ocr_line' id='line_1_30' title="bbox 132 4643 1525 4799; baseline -0.004 -46"><span class='ocrx_word' id='word_1_184' title='bbox 132 4665 288 4756; x_wconf 82' lang='lat' dir='ltr'>XIXt</span> <span class='ocrx_word' id='word_1_185' title='bbox 338 4657 523 4758; x_wconf 85' lang='lat' dir='ltr'>Carolus</span> <span class='ocrx_word' id='word_1_186' title='bbox 560 4667 748 4779; x_wconf 85' lang='lat' dir='ltr'>Caesar,</span> <span class='ocrx_word' id='word_1_187' title='bbox 787 4655 865 4798; x_wconf 87' lang='lat' dir='ltr'>qui</span> <span class='ocrx_word' id='word_1_188' title='bbox 897 4687 995 4799; x_wconf 91' lang='lat' dir='ltr'>post</span> <span class='ocrx_word' id='word_1_189' title='bbox 1030 4649 1239 4755; x_wconf 87' lang='lat' dir='ltr'>Francisci</span> <span class='ocrx_word' id='word_1_190' title='bbox 1276 4646 1413 4794; x_wconf 88' lang='lat' dir='ltr'>Regis</span> <span class='ocrx_word' id='word_1_191' title='bbox 1449 4643 1525 4747; x_wconf 90' lang='lat' dir='ltr'>fu</span> 
     </span>
    </p>
   </div>
   <div class='ocr_carea' id='block_1_3' title="bbox 114 4784 1534 5049">
    <p class='ocr_par' dir='ltr' id='par_1_6' title="bbox 114 4784 1534 5049">
     <span class='ocr_line' id='line_1_31' title="bbox 114 4784 1529 5045; baseline -0.005 -147"><span class='ocrx_word' id='word_1_192' title='bbox 114 4838 141 4898; x_wconf 90' lang='lat' dir='ltr'>e</span> <span class='ocrx_word' id='word_1_193' title='bbox 178 4784 383 4906; x_wconf 81' lang='lat' dir='ltr'>similent</span> <span class='ocrx_word' id='word_1_194' title='bbox 412 4832 638 4946; x_wconf 80' lang='lat' dir='ltr'>receptum</span> <span class='ocrx_word' id='word_1_195' title='bbox 669 4805 717 4925; x_wconf 91' lang='lat' dir='ltr'>in</span> <span class='ocrx_word' id='word_1_196' title='bbox 749 4803 997 4925; x_wconf 82' lang='lat' dir='ltr'>Flandriam</span> <span class='ocrx_word' id='word_1_197' title='bbox 1038 4842 1125 5045; x_wconf 58' lang='lat' dir='ltr'>seslp</span> <span class='ocrx_word' id='word_1_198' title='bbox 1158 4831 1403 4941; x_wconf 87' lang='lat' dir='ltr'>receperat,</span> <span class='ocrx_word' id='word_1_199' title='bbox 1425 4828 1529 4892; x_wconf 87' lang='lat' dir='ltr'>cum</span> 
     </span>
     <span class='ocr_line' id='line_1_32' title="bbox 1040 4957 1534 5049; baseline -0.006 0"><span class='ocrx_word' id='word_1_200' title='bbox 1040 4957 1089 5049; x_wconf 93' lang='lat' dir='ltr'><em>H</em></span> <span class='ocrx_word' id='word_1_201' title='bbox 1141 4989 1165 5049; x_wconf 86' lang='lat'><em>2</em></span> <span class='ocrx_word' id='word_1_202' title='bbox 1458 4968 1534 5036; x_wconf 70' lang='lat' dir='ltr'>to«.</span> 
     </span>
    </p>
   </div>
   <div class='ocr_carea' id='block_1_4' title="bbox 0 0 2100 5858">
    <p class='ocr_par' dir='ltr' id='par_1_7' title="bbox 0 0 2100 5858">
     <span class='ocr_line' id='line_1_33' title="bbox 0 0 2100 5858; baseline 0 0"><span class='ocrx_word' id='word_1_203' title='bbox 0 0 2100 5858; x_wconf 95' lang='lat' dir='ltr'> </span> 
     </span>
    </p>
   </div>
  </div>
 </body>
</html>
