4192 5858
476 422 714 505 CAROLI
753 425 808 505 V.
846 426 966 504 LIB.
1000 426 1140 506 XXV.
1408 447 1489 531 311

88 572 215 716 eique
249 571 384 675 fidem
416 609 460 674 et
492 577 792 709 jusjurandum
825 579 1037 678 dederunt
1070 579 1293 681 civitatem
1319 580 1539 690 'obedien-

89 755 202 836 ter,
244 756 356 856 quae
401 719 581 816 Carolus
616 754 659 817 et
695 756 953 818 successores
991 722 1307 863 imperassent,
1343 766 1433 828 esse
1472 727 1538 831 fa·

86 896 286 966 cruram3
328 892 371 958 et
407 859 531 958 certis
566 859 659 958 aliis
697 861 1026 962 conditionibus
1069 866 1289 1005 acceptis,
1323 868 1371 968 in
1405 870 1539 977 fidem

86 1043 110 1100 a
148 1000 313 1104 Carolo
353 1001 648 1138 recipiuntur.
703 1004 886 1102 Carolus
924 1080 940 1122 ,
978 1006 1178 1106 nondum
1230 1008 1330 1111 satis
1372 1049 1540 1152 recepta

86 1143 372 1259 valetudine,
402 1141 619 1283 Norlinga
657 1141 970 1282 proficiscitur,
1012 1148 1245 1285 praemisso
1279 1189 1382 1250 cum
1417 1195 1540 1254 exer·

88 1284 179 1384 citu
218 1280 394 1383 Albano
432 1297 588 1402 Duce,
624 1323 758 1424 quem
794 1287 848 1385 ad
884 1285 1237 1428 Norembergam
1286 1330 1540 1395 consecutus

88 1459 171 1528 est.
210 1425 301 1525 Hic
331 1427 512 1526 Carolus
543 1466 568 1525 a
602 1426 781 1526 civitate
814 1465 975 1568 magna
1009 1467 1112 1530 cum
1145 1430 1433 1571 gratulatione
1471 1478 1542 1536 ex·

87 1604 270 1708 ceptus,
308 1567 365 1665 ad
403 1606 544 1667 arcem
581 1607 661 1667 suo
699 1606 823 1668 more
859 1570 1037 1670 divertit
1074 1646 1089 1690 ,
1126 1608 1169 1670 et
1216 1573 1413 1713 quinque
1464 1614 1540 1678 aut

91 1749 160 1809 sex
196 1710 286 1808 dics
319 1706 645 1810 confirmandae
680 1709 966 1829 valetudinis,
1005 1749 1049 1811 et
1085 1714 1293 1813 exercitus
1326 1718 1540 1858 colligen-

90 1852 136 1951 di
175 1851 314 1990 gratia
348 1849 640 1970 immoratus,
674 1862 888 1992 Egueram
921 1854 1174 1972 contendit,
1204 1853 1358 1954 urbem
1388 1859 1438 1956 in
1471 1872 1542 1959 Sa·

90 1993 249 2092 xoniac
285 1990 481 2092 confinio
516 1992 680 2111 sitam,
714 1994 769 2092 ad
799 1990 1032 2093 Bolremiae
1073 2006 1279 2134 Regnum
1318 1999 1541 2135 pertinen-

90 2168 214 2251 tem,
247 2134 319 2232 sed
353 2168 472 2232 extra
505 2134 774 2270 Hercyniam
807 2135 993 2253 silvam,
1024 2174 1112 2277 qua
1144 2137 1289 2237 omnis
1322 2134 1413 2238 fere
1456 2150 1544 2238 Bo

90 2273 239 2374 hemia
274 2274 466 2374 velutin
500 2314 597 2375 area
633 2277 856 2406 interjecta
895 2275 1166 2379 continetur.
1598 2406 1600 2410 Α

137 2426 216 2515 Ν.
267 2426 368 2515 Huc
402 2418 522 2548 enim
552 2429 724 2559 Regem
747 2420 1018 2519 Fornandum
1047 2419 1400 2560 Mauriciumque
1440 2460 1543 2523 cum

90 2558 229 2700 copiis
257 2559 490 2658 convenire
514 2567 720 2690 jusserat3
740 2561 814 2658 sed
851 2560 899 2661 io
923 2561 1077 2659 itinere
1116 2561 1322 2659 nuntium
1357 2602 1381 2660 a
1416 2574 1541 2702 Rege

87 2703 312 2800 Pernando
347 2702 546 2840 accepit,
582 2740 708 2801 suum
747 2702 1040 2842 Mauriciique
1074 2700 1154 2801 iter
1203 2702 1355 2800 scelere
1393 2702 1540 2801 Bohe-

91 2881 305 2961 morum,
332 2855 456 2943 Duce
488 2853 677 2983 Gaspare
704 2840 867 2942 Flucho
900 2886 951 2945 ex
987 2843 1137 2982 Regni
1167 2840 1442 2981 proceribus,
1465 2843 1540 2943 imss

92 2987 268 3124 pediti,
301 2983 380 3124 qui
413 2984 582 3085 succisis
634 2981 859 3086 arboribus
896 2984 943 3084 in
983 2984 1204 3120 Hercynia
1245 2984 1387 3104 silva,
1427 2986 1545 3106 vias,

93 3165 371 3269 quacumque
411 3127 504 3267 ipse
540 3163 781 3269 pergeret,
817 3124 1103 3227 obtruderent
1140 3165 1153 3232 3
1206 3160 1351 3265 petere
1390 3164 1416 3223 a
1452 3137 1543 3226 Ca-

96 3272 228 3389 rolo,
262 3306 312 3370 ut
344 3266 439 3369 sibi
467 3308 646 3369 manum
682 3267 1067 3408 scloppetariorum
1105 3267 1403 3404 Hispanorum
1440 3266 1544 3367 sub·

96 3412 317 3529 mitteret,
355 3448 545 3550 quorum
581 3411 794 3549 praesidio
828 3410 884 3508 ad
918 3409 1002 3510 iter
1040 3406 1363 3508 conficiendum
1401 3442 1544 3510 utere-

97 3587 198 3654 tur.
250 3556 388 3674 Quod
425 3591 528 3653 cum
566 3554 636 3653 ille
674 3551 873 3691 protinus
925 3551 1207 3690 imperasset,
1242 3560 1340 3650 Rex
1395 3582 1545 3651 tamen

96 3734 288 3836 cumque
330 3735 385 3794 eo
417 3695 657 3795 Mauricius
687 3771 702 3815 ,
730 3694 917 3792 aliorum
957 3730 1189 3829 procerum
1225 3728 1357 3828 opera
1400 3725 1445 3789 et
1478 3691 1546 3791 in·

99 3836 294 3956 dustria,
328 3837 410 3936 alia
429 3855 433 3861 ’
449 3837 646 3975 expedita
679 3836 779 3953 via,
810 3835 910 3934 licet
943 3834 1146 3975 longiore
1183 3831 1398 3948 circuitu,
1422 3833 1546 3970 quod
1621 3912 1629 3923 .

103 3978 257 4078 silvosi
293 4014 336 4077 et
376 3977 583 4117 impediti
629 3976 794 4078 itineris
827 4012 1072 4117 supererat,
1110 4008 1344 4112 antequam
1381 3975 1545 4113 Hispa-

97 4118 157 4223 ni'
179 4119 486 4260 pervenirent,
503 4115 693 4220 confecit
712 4196 725 4238 ,
742 4154 785 4219 et
822 4120 878 4218 ad
914 4118 1123 4218 Carolum
1160 4127 1351 4256 Eguerae
1387 4151 1546 4254 appro-

100 4261 427 4401 pinquantem,
466 4261 584 4361 mille
611 4260 891 4402 septingentis
924 4258 1145 4398 equitibus
1178 4256 1408 4356 comitatus
1454 4294 1548 4394 per·

92 4404 223 4502 uenit
240 4443 252 4512 3
272 4421 465 4543 quorum
492 4404 708 4544 nongenti
742 4437 863 4500 erant
890 4400 1095 4541 Hungari
1132 4439 1184 4522 ex
1217 4398 1435 4496 Pannonia
1470 4398 1549 4496 sci·

102 4542 204 4644 licet
241 4541 485 4665 inferiore,
519 4547 605 4647 viri
639 4542 983 4661 bellicosissimi,
1019 4541 1161 4688 longis
1206 4539 1438 4678 crassisque
1477 4539 1552 4637 ha·

98 4685 174 4784 stis
217 4689 405 4798 armati3
445 4723 488 4810 et
523 4687 651 4789 scutis
684 4684 740 4788 ab
775 4685 868 4786 irno
902 4721 1040 4825 usque
1077 4684 1136 4786 ad
1179 4680 1377 4784 medium
1420 4681 1554 4780 latio-

1499 4860 1558 4919 n·
