4110 5888
627 343 1134 419 SUMMARIUM
1452 351 1588 422 XXVII

141 468 338 556 certissima
385 497 556 561 mensura
605 471 655 556 ab
696 497 851 559 auctore
905 468 1120 556 Redeuntes
1140 498 1279 608 ergo,
1313 470 1442 558 ceteris
1477 474 1612 567 urbem

143 589 223 705 ipso
255 587 511 701 experimento
536 615 801 704 perspecta.
904 587 1040 674 intrare
1068 588 1188 702 jussis,
1204 595 1294 675 Dux
1302 589 1536 706 ,Episcopus
1569 620 1609 684 et

196 708 251 791 V.
310 706 557 791 Emeritenses
577 712 703 794 Anate
730 706 849 796 fluvio
908 710 1049 792 Comes
1072 736 1160 793 cum
1191 709 1339 821 Jacobo
1369 708 1524 798 Castillo
1544 742 1611 800 au·

140 853 205 941 per
230 847 410 910 aestatem
427 853 546 938 paene
561 849 748 912 arescente
769 858 848 912 mo
904 822 977 918 lico
1007 851 1179 941 praetore
1210 827 1300 912 citra
1327 852 1485 942 pontem
1516 858 1608 921 con·

139 942 259 1029 larum
322 937 712 1030 frumentariarum
702 945 848 1061 inopiae
903 944 1064 1030 sultandi
1097 945 1216 1062 gratia
1246 947 1441 1035 secedmt.

142 1061 294 1148 solerter
318 1060 568 1147 subveniunt.
963 1063 1030 1146 XI.
1090 1064 1236 1149 Audito
1271 1063 1386 1148 Ducis
1430 1066 1614 1182 Brigantii

127 1247 130 1252 .
197 1181 267 1263 VI.
324 1183 384 1263 Ex
429 1180 596 1264 Emerita
641 1178 850 1297 Episcopus
902 1206 1108 1294 responso,
1130 1207 1170 1267 et
1194 1209 1234 1265 re
1264 1179 1413 1315 longius
1439 1182 1611 1275 delibera·

140 1295 287 1383 Siliceus
312 1299 450 1380 Pacem
474 1303 684 1415 Augustam
716 1329 847 1415 perve·
902 1323 967 1403 ta,
985 1295 1186 1385 Alfonsum
1212 1297 1419 1384 Henricum
1444 1298 1611 1417 legatum

141 1414 227 1520 nit,
242 1414 345 1501 unde
371 1414 526 1503 obviam
542 1417 732 1503 accedenti
748 1418 848 1504 Duci
904 1416 952 1502 de
999 1417 1270 1532 compositione
1313 1417 1365 1503 ad
1412 1421 1611 1511 Lusitanos

144 1532 427 1647 Methymnensi
470 1534 675 1649 procedit,
704 1567 847 1655 magno
904 1533 1133 1623 mittendum
1163 1558 1351 1622 statuunt.

141 1651 390 1767 subsequente
420 1653 623 1738 comitatu.
958 1655 1042 1738 ΧΗ.
1101 1660 1133 1739 Is
1175 1655 1226 1741 ad
1263 1652 1376 1742 Elves
1421 1655 1608 1771 oppidum

152 1771 282 1854 ..VII
354 1768 593 1858 Theodosius
635 1776 725 1857 Dux
770 1772 847 1858 Bri·
898 1770 1105 1885 procedens
1119 1773 1302 1858 rationcm
1316 1776 1516 1887 proponit,
1528 1806 1607 1892 qua

140 1889 311 2004 gantius,
338 1887 483 1972 Maria
492 1890 542 1975 ad
570 1889 755 2004 oppidum
778 1891 848 1976 El·
899 1886 1121 1998 dillicultas,
1154 1888 1254 1982 vel
1245 1919 1283 1974 tn
1325 1918 1446 1978 unum
1467 1893 1605 2004 diem,

141 2035 202 2091 ves
241 2005 471 2120 perducta,
489 2036 577 2094 cum
614 2012 722 2093 Duce
753 2012 845 2094 Me·
898 2006 1073 2094 tollatur.

141 2123 208 2236 rh,
209 2153 321 2210 mnae
336 2068 509 2212 Sidoniae
538 2127 753 2240 propinquo
774 2156 845 2213 suo
959 2126 1060 2210 XIII.
1120 2124 1337 2212 Lusitani
1327 2155 1367 2210 tn
1396 2153 1481 2211 earn
1512 2155 1606 2216 con·

141 2242 189 2327 ad
211 2242 378 2353 Caiae
351 2272 469 2357 rrpam
503 2243 785 2359 colloquitur.
899 2239 1081 2373 ditionem
1108 2244 1368 2348 descendunt,
1401 2268 1440 2328 et
1466 2245 1516 2330 ad
1536 2251 1606 2333 Ca·

199 2361 297 2445 VIII.
363 2362 441 2446 Hic
484 2361 623 2448 blanda
673 2361 846 2448 oratione
897 2357 954 2472 jae
1001 2362 1120 2477 ripam
1163 2389 1251 2447 cum
1285 2362 1407 2446 Maria
1452 2393 1608 2480 progre·

141 2476 423 2594 Methymnensi
461 2481 700 2594 persuadet,
731 2506 776 2567 ut
805 2482 846 2566 in
898 2477 1052 2566 (liuntur
1075 2509 1233 2595 ,quam
1268 2478 1427 2593 Hispani
1475 2511 1608 2571 ornnes

140 2589 267 2682 litturo
292 2626 495 2734 congressu
514 2541 811 2734 PortugalliaeR
811 2628 846 2685 e·
899 2597 1128 2715 suppliciter
1136 2598 1299 2685 salutant
1332 2598 1501 2685 dextram
1541 2601 1607 2686 sci-

139 2714 191 2828 gis
223 2715 354 2834 legatis
380 2717 546 2836 privatus
568 2716 645 2836 ipse
660 2716 762 2804 loco
789 2746 846 2804 ce·
896 2715 982 2804 licet
1030 2744 1136 2804 more
1182 2715 1303 2835 gentis
1351 2717 1605 2807 exosculantes

138 2831 225 2920 dat.
896 2859 1041 2949 praeter
1083 2840 1231 2919 Ducem
1269 2833 1605 2969 Methymnensem

213 2951 285 3037 IX.
356 2953 657 3069 Methymnensis
706 2954 845 3040 Pacem
895 2977 939 3038 et
937 2953 1238 3088 Episcopum,
1270 2951 1447 3069 quibus
1438 2981 1514 3067 tpsa
1543 2983 1605 3041 co·

141 3071 351 3205 Augustam
379 3102 548 3161 reversus
574 3075 623 3157 ab
653 3071 846 3160 Olivaren
896 3071 1005 3157 miter
1050 3069 1248 3186 exceptis,
1273 3099 1507 3186 manumque
1554 3072 1604 3162 ad

141 3184 351 3275 siComite
392 3189 471 3304 ejus
507 3187 620 3277 fratre
648 3191 846 3278 vehemen·
895 3191 1140 3278 osculandum
1186 3185 1440 3308 flagitantibus
1469 3187 1604 3276 huma·

143 3327 195 3390 ter
220 3306 432 3416 incusatur,
450 3334 490 3396 et
513 3309 765 3415 admonetur,
794 3337 844 3396 ne
895 3308 991 3395 niter
1023 3331 1219 3423 pernegat.

140 3422 313 3539 cuiquam
335 3429 447 3514 cedat
455 3427 696 3542 ,praesertim
727 3451 842 3512 teme
954 3428 1093 3513 XIV.
1118 3429 1210 3511 Dux
1240 3421 1449 3561 Brigantius
1496 3423 1603 3511 certis

141 3569 178 3628 te
205 3543 254 3629 de
285 3545 408 3659 primo
441 3546 559 3654 loco,
584 3568 623 3631 et
651 3544 844 3632 ambitiose
893 3542 1124 3630 caerimoniis
1165 3542 1267 3637 Duci
1316 3532 1604 3653 Methymnensi

143 3664 397 3751 contendenti.
892 3685 933 3748 et
963 3662 1093 3749 Siliceo
1132 3661 1324 3776 Episcopo
1357 3657 1519 3743 Mariam
1551 3660 1602 3749 ad

196 3780 246 3865 X.
307 3782 509 3870 Praemisso
550 3781 677 3896 itaque
716 3779 868 3868 Oliva·
893 3778 1104 3896 Philippum
1133 3807 1313 3896 sponsum
1339 3776 1602 3865 deducendam

143 3899 232 3983 tensi
272 3900 424 3988 Comite
457 3961 470 4006 ,
501 3898 568 4016 qui
612 3898 844 4016 Brigantium
894 3898 1026 3984 tradit.

141 4017 287 4100 Ducem
315 4019 365 4103 de
393 4042 543 4103 mutato
577 4018 731 4103 consilio
774 4017 844 4104 do
952 4017 1045 4102 XV.
1105 4014 1230 4102 Maria
1272 4017 1453 4100 Asturum
1497 4011 1601 4097 Prin-

140 4159 221 4220 (ιιι
237 4135 574 4250 ,Methymnensis
605 4161 646 4221 et
689 4136 846 4221 Carrha-
894 4161 982 4248 ceps
1004 4195 1016 4240 ,
1042 4162 1180 4250 magna
1195 4131 1402 4249 frequentia
1428 4127 1513 4214 cleri
1536 4161 1602 4245 po

139 4252 296 4389 ginensis
311 4252 516 4368 Episcopus
544 4282 632 4339 cum
660 4254 765 4340 omni
780 4283 845 4339 co·
895 4252 1048 4369 pulique
1089 4253 1242 4340 obviam
1272 4276 1464 4364 progressa
1494 4308 1507 4353 ,
1537 4277 1600 4335 ex·
1723 4357 1725 4360 y
1843 4295 1849 4306 ·

140 4371 273 4456 miratu
310 4372 361 4456 ad
409 4373 661 4487 excipiendam
687 4373 849 4489 Regiam
895 4396 1004 4485 cepta
1038 4372 1177 4456 Pacem
1198 4365 1452 4484 Augustam
1442 4365 1600 4547 nigredi-

140 4487 321 4605 uirginem
350 4487 660 4603 proficiscuntur3
692 4490 758 4575 sed
794 4490 846 4576 ad
896 4513 978 4573 tur.
1063 4577 1065 4580 ,

141 4606 268 4716 Cuiam
307 4609 489 4724 progressi
520 4608 674 4695 obvium
705 4608 866 4694 habent
935 4603 1059 4691 XVI.
1113 4607 1347 4740 legatorum
1391 4600 1602 4718 composita

142 4722 329 4809 Comitem
354 4755 394 4812 re
412 4721 562 4812 insecta
575 4751 844 4815 revertentem.
896 4722 1170 4839 controversia,
1194 4729 1284 4811 Dux
1297 4720 1602 4838 Methymnensis

1259 4844 1340 4928 Da
1488 4865 1600 4951 spott-
