<?xml version="1.0" encoding="UTF-8"?>
<!DOCTYPE html PUBLIC "-//W3C//DTD XHTML 1.0 Transitional//EN"
    "http://www.w3.org/TR/xhtml1/DTD/xhtml1-transitional.dtd">
<html xmlns="http://www.w3.org/1999/xhtml" xml:lang="en" lang="en">
 <head>
  <title>
</title>
<meta http-equiv="Content-Type" content="text/html;charset=utf-8" />
  <meta name='ocr-system' content='tesseract 3.04.00' />
  <meta name='ocr-capabilities' content='ocr_page ocr_carea ocr_par ocr_line ocrx_word'/>
</head>
<body>
  <div class='ocr_page' id='page_1' title='image "./joannisgenesiis00sepgoog_0296.png"; bbox 0 0 4192 5858; ppageno 0'>
   <div class='ocr_carea' id='block_1_1' title="bbox 306 440 1444 547">
    <p class='ocr_par' dir='ltr' id='par_1_1' title="bbox 306 440 1444 547">
     <span class='ocr_line' id='line_1_1' title="bbox 306 440 1444 547; baseline -0.001 -19"><span class='ocrx_word' id='word_1_1' title='bbox 306 453 311 462; x_wconf 92' lang='lat'><strong>·</strong></span> <span class='ocrx_word' id='word_1_2' title='bbox 447 440 533 547; x_wconf 81' lang='lat'>264</span> <span class='ocrx_word' id='word_1_3' title='bbox 633 536 638 546; x_wconf 62' lang='grc'>,</span> <span class='ocrx_word' id='word_1_4' title='bbox 839 447 923 528; x_wconf 78' lang='lat' dir='ltr'>ou</span> <span class='ocrx_word' id='word_1_5' title='bbox 973 444 1169 528; x_wconf 79' lang='lat' dir='ltr'>nunus</span> <span class='ocrx_word' id='word_1_6' title='bbox 1225 443 1444 527; x_wconf 78' lang='lat' dir='ltr'>custus</span> 
     </span>
    </p>
   </div>
   <div class='ocr_carea' id='block_1_2' title="bbox 237 594 2047 4922">
    <p class='ocr_par' dir='ltr' id='par_1_2' title="bbox 237 594 2047 4919">
     <span class='ocr_line' id='line_1_2' title="bbox 394 594 1874 743; baseline 0.003 -41"><span class='ocrx_word' id='word_1_7' title='bbox 394 603 528 703; x_wconf 84' lang='lat' dir='ltr'>etiam</span> <span class='ocrx_word' id='word_1_8' title='bbox 565 598 750 703; x_wconf 89' lang='lat' dir='ltr'>consilio</span> <span class='ocrx_word' id='word_1_9' title='bbox 788 635 831 701; x_wconf 89' lang='lat' dir='ltr'>et</span> <span class='ocrx_word' id='word_1_10' title='bbox 868 600 1130 743; x_wconf 86' lang='lat' dir='ltr'>gravitate·</span> <span class='ocrx_word' id='word_1_11' title='bbox 1122 666 1133 705; x_wconf 63' lang='grc' dir='ltr'>ι</span> <span class='ocrx_word' id='word_1_12' title='bbox 1176 635 1391 742; x_wconf 86' lang='lat' dir='ltr'>praeterea</span> <span class='ocrx_word' id='word_1_13' title='bbox 1433 594 1706 699; x_wconf 82' lang='lat' dir='ltr'>continentia</span> <span class='ocrx_word' id='word_1_14' title='bbox 1745 672 1762 723; x_wconf 84' lang='lat'>‚</span> <span class='ocrx_word' id='word_1_15' title='bbox 1801 598 1874 706; x_wconf 85' lang='lat' dir='ltr'>in-&#39;</span> 
     </span>
     <span class='ocr_line' id='line_1_3' title="bbox 389 743 1870 910; baseline 0.001 -62"><span class='ocrx_word' id='word_1_16' title='bbox 389 746 625 910; x_wconf 80' lang='lat' dir='ltr'>nocentia,</span> <span class='ocrx_word' id='word_1_17' title='bbox 660 746 922 908; x_wconf 74' lang='lat' dir='ltr'>religione,</span> <span class='ocrx_word' id='word_1_18' title='bbox 962 781 1005 845; x_wconf 88' lang='lat' dir='ltr'>et</span> <span class='ocrx_word' id='word_1_19' title='bbox 1058 743 1313 885; x_wconf 86' lang='lat' dir='ltr'>integritate</span> <span class='ocrx_word' id='word_1_20' title='bbox 1372 743 1584 885; x_wconf 83' lang='lat' dir='ltr'>singulari</span> <span class='ocrx_word' id='word_1_21' title='bbox 1626 819 1642 868; x_wconf 89' lang='lat'>,</span> <span class='ocrx_word' id='word_1_22' title='bbox 1678 785 1870 886; x_wconf 91' lang='lat' dir='ltr'>quarum</span> 
     </span>
     <span class='ocr_line' id='line_1_4' title="bbox 389 881 1868 1032; baseline 0.001 -40"><span class='ocrx_word' id='word_1_23' title='bbox 389 892 605 993; x_wconf 90' lang='lat' dir='ltr'>virtutum</span> <span class='ocrx_word' id='word_1_24' title='bbox 642 929 856 1032; x_wconf 89' lang='lat' dir='ltr'>oprnrone</span> <span class='ocrx_word' id='word_1_25' title='bbox 887 889 1052 991; x_wconf 88' lang='lat' dir='ltr'>Carolo</span> <span class='ocrx_word' id='word_1_26' title='bbox 1092 887 1269 988; x_wconf 79' lang='lat' dir='ltr'>Caesari</span> <span class='ocrx_word' id='word_1_27' title='bbox 1318 881 1401 988; x_wconf 87' lang='lat' dir='ltr'>fuit</span> <span class='ocrx_word' id='word_1_28' title='bbox 1434 887 1793 1028; x_wconf 89' lang='lat' dir='ltr'>acceptissimus,</span> <span class='ocrx_word' id='word_1_29' title='bbox 1812 890 1868 993; x_wconf 91' lang='lat' dir='ltr'>ab</span> 
     </span>
     <span class='ocr_line' id='line_1_5' title="bbox 237 1025 1866 1195; baseline 0.001 -61"><span class='ocrx_word' id='word_1_30' title='bbox 237 1046 242 1057; x_wconf 83' lang='lat'>&#39;</span> <span class='ocrx_word' id='word_1_31' title='bbox 388 1076 536 1176; x_wconf 89' lang='lat' dir='ltr'>eoque</span> <span class='ocrx_word' id='word_1_32' title='bbox 577 1074 650 1195; x_wconf 88' lang='lat' dir='ltr'>per</span> <span class='ocrx_word' id='word_1_33' title='bbox 688 1035 846 1178; x_wconf 87' lang='lat' dir='ltr'>gradus</span> <span class='ocrx_word' id='word_1_34' title='bbox 887 1035 943 1134; x_wconf 90' lang='lat' dir='ltr'>ad</span> <span class='ocrx_word' id='word_1_35' title='bbox 981 1033 1089 1133; x_wconf 89' lang='lat' dir='ltr'>illud</span> <span class='ocrx_word' id='word_1_36' title='bbox 1130 1031 1356 1173; x_wconf 86' lang='lat' dir='ltr'>dignitatis</span> <span class='ocrx_word' id='word_1_37' title='bbox 1402 1025 1630 1175; x_wconf 83' lang='lat' dir='ltr'>fastigium</span> <span class='ocrx_word' id='word_1_38' title='bbox 1665 1071 1866 1137; x_wconf 87' lang='lat' dir='ltr'>evectus</span> 
     </span>
     <span class='ocr_line' id='line_1_6' title="bbox 388 1119 1867 1317; baseline 0.001 -38"><span class='ocrx_word' id='word_1_39' title='bbox 388 1189 491 1308; x_wconf 81' lang='lat' dir='ltr'>Ejus</span> <span class='ocrx_word' id='word_1_40' title='bbox 525 1218 644 1279; x_wconf 90' lang='lat' dir='ltr'>emm</span> <span class='ocrx_word' id='word_1_41' title='bbox 694 1177 911 1279; x_wconf 84' lang='lat' dir='ltr'>beneficio</span> <span class='ocrx_word' id='word_1_42' title='bbox 968 1175 1059 1277; x_wconf 91' lang='lat' dir='ltr'>sive</span> <span class='ocrx_word' id='word_1_43' title='bbox 1098 1119 1307 1317; x_wconf 85' lang='lat' dir='ltr'>suffragio</span> <span class='ocrx_word' id='word_1_44' title='bbox 1366 1172 1504 1276; x_wconf 83' lang='lat' dir='ltr'>factus</span> <span class='ocrx_word' id='word_1_45' title='bbox 1564 1211 1627 1275; x_wconf 92' lang='lat' dir='ltr'>est</span> <span class='ocrx_word' id='word_1_46' title='bbox 1663 1175 1867 1280; x_wconf 85' lang='lat' dir='ltr'>Pontifex</span> 
     </span>
     <span class='ocr_line' id='line_1_7' title="bbox 388 1319 1866 1463; baseline 0.001 -40"><span class='ocrx_word' id='word_1_47' title='bbox 388 1324 697 1443; x_wconf 89' lang='lat' dir='ltr'>Civitatensis,</span> <span class='ocrx_word' id='word_1_48' title='bbox 732 1322 890 1422; x_wconf 89' lang='lat' dir='ltr'>deinde</span> <span class='ocrx_word' id='word_1_49' title='bbox 923 1319 1240 1463; x_wconf 89' lang='lat' dir='ltr'>Legionensis,</span> <span class='ocrx_word' id='word_1_50' title='bbox 1273 1354 1421 1460; x_wconf 86' lang='lat' dir='ltr'>postea</span> <span class='ocrx_word' id='word_1_51' title='bbox 1457 1321 1746 1441; x_wconf 90' lang='lat' dir='ltr'>Uxamensis,</span> <span class='ocrx_word' id='word_1_52' title='bbox 1767 1359 1866 1424; x_wconf 92' lang='lat' dir='ltr'>tum</span> 
     </span>
     <span class='ocr_line' id='line_1_8' title="bbox 244 1463 1866 1610; baseline 0.003 -47"><span class='ocrx_word' id='word_1_53' title='bbox 244 1560 246 1563; x_wconf 85' lang='grc'>,</span> <span class='ocrx_word' id='word_1_54' title='bbox 388 1468 808 1610; x_wconf 88' lang='lat' dir='ltr'>Compostellanus,</span> <span class='ocrx_word' id='word_1_55' title='bbox 832 1504 1057 1606; x_wconf 91' lang='lat' dir='ltr'>postremo</span> <span class='ocrx_word' id='word_1_56' title='bbox 1098 1464 1374 1564; x_wconf 87' lang='lat' dir='ltr'>Toletanus·</span> <span class='ocrx_word' id='word_1_57' title='bbox 1366 1530 1379 1571; x_wconf 65' lang='lat' dir='ltr'>s</span> <span class='ocrx_word' id='word_1_58' title='bbox 1409 1463 1465 1565; x_wconf 92' lang='lat' dir='ltr'>ab</span> <span class='ocrx_word' id='word_1_59' title='bbox 1503 1467 1749 1606; x_wconf 89' lang='lat' dir='ltr'>eodemque</span> <span class='ocrx_word' id='word_1_60' title='bbox 1782 1463 1866 1569; x_wconf 79' lang='lat' dir='ltr'>luit</span> 
     </span>
     <span class='ocr_line' id='line_1_9' title="bbox 374 1608 1861 1750; baseline 0.001 -39"><span class='ocrx_word' id='word_1_61' title='bbox 374 1622 649 1714; x_wconf 84' lang='lat' dir='ltr'>&#39;Conventus</span> <span class='ocrx_word' id='word_1_62' title='bbox 688 1611 1046 1750; x_wconf 84' lang='lat' dir='ltr'>Valdolitensis,</span> <span class='ocrx_word' id='word_1_63' title='bbox 1084 1609 1241 1711; x_wconf 89' lang='lat' dir='ltr'>deinde</span> <span class='ocrx_word' id='word_1_64' title='bbox 1278 1608 1413 1749; x_wconf 87' lang='lat' dir='ltr'>Regii</span> <span class='ocrx_word' id='word_1_65' title='bbox 1463 1609 1653 1710; x_wconf 88' lang='lat' dir='ltr'>Consilii</span> <span class='ocrx_word' id='word_1_66' title='bbox 1691 1619 1861 1712; x_wconf 88' lang='lat' dir='ltr'>Praeses</span> 
     </span>
     <span class='ocr_line' id='line_1_10' title="bbox 390 1688 1862 1895; baseline 0 -39"><span class='ocrx_word' id='word_1_67' title='bbox 390 1759 692 1878; x_wconf 89' lang='lat' dir='ltr'>constitutus,</span> <span class='ocrx_word' id='word_1_68' title='bbox 723 1792 767 1856; x_wconf 91' lang='lat' dir='ltr'>et</span> <span class='ocrx_word' id='word_1_69' title='bbox 804 1755 889 1855; x_wconf 90' lang='lat' dir='ltr'>toti</span> <span class='ocrx_word' id='word_1_70' title='bbox 930 1688 1144 1854; x_wconf 87' lang='lat' dir='ltr'>officio</span> <span class='ocrx_word' id='word_1_71' title='bbox 1132 1792 1180 1852; x_wconf 93' lang='grc' dir='ltr'>ιιι</span> <span class='ocrx_word' id='word_1_72' title='bbox 1234 1750 1477 1852; x_wconf 87' lang='lat' dir='ltr'>haereticos</span> <span class='ocrx_word' id='word_1_73' title='bbox 1526 1752 1781 1895; x_wconf 88' lang='lat' dir='ltr'>inquirendi</span> <span class='ocrx_word' id='word_1_74' title='bbox 1820 1791 1862 1856; x_wconf 88' lang='lat' dir='ltr'>et</span> 
     </span>
     <span class='ocr_line' id='line_1_11' title="bbox 387 1893 1861 2060; baseline -0.002 -57"><span class='ocrx_word' id='word_1_75' title='bbox 387 1900 643 2003; x_wconf 88' lang='lat' dir='ltr'>vindicandi</span> <span class='ocrx_word' id='word_1_76' title='bbox 683 1893 946 2041; x_wconf 83' lang='lat' dir='ltr'>praefectus.</span> <span class='ocrx_word' id='word_1_77' title='bbox 983 1896 1094 2017; x_wconf 88' lang='lat' dir='ltr'>Illud</span> <span class='ocrx_word' id='word_1_78' title='bbox 1129 1936 1309 2060; x_wconf 83' lang='lat' dir='ltr'>quoque</span> <span class='ocrx_word' id='word_1_79' title='bbox 1349 1897 1696 2018; x_wconf 85' lang='lat' dir='ltr'>animadverti,</span> <span class='ocrx_word' id='word_1_80' title='bbox 1733 1893 1861 2000; x_wconf 88' lang='lat' dir='ltr'>fuisse</span> 
     </span>
     <span class='ocr_line' id='line_1_12' title="bbox 386 1977 1859 2181; baseline -0.001 -34"><span class='ocrx_word' id='word_1_81' title='bbox 386 2049 596 2148; x_wconf 89' lang='lat' dir='ltr'>eumdem</span> <span class='ocrx_word' id='word_1_82' title='bbox 629 2051 856 2179; x_wconf 85' lang='lat' dir='ltr'>Joannem</span> <span class='ocrx_word' id='word_1_83' title='bbox 893 2042 1176 2142; x_wconf 84' lang='lat' dir='ltr'>Taveram</span> <span class='ocrx_word' id='word_1_84' title='bbox 1165 2080 1213 2142; x_wconf 90' lang='grc' dir='ltr'>ιιι</span> <span class='ocrx_word' id='word_1_85' title='bbox 1258 2043 1522 2181; x_wconf 87' lang='lat' dir='ltr'>praestandis</span> <span class='ocrx_word' id='word_1_86' title='bbox 1574 1977 1732 2143; x_wconf 84' lang='lat' dir='ltr'>officiis</span> <span class='ocrx_word' id='word_1_87' title='bbox 1770 2082 1859 2146; x_wconf 88' lang='lat' dir='ltr'>tam</span> 
     </span>
     <span class='ocr_line' id='line_1_13' title="bbox 385 2184 1860 2349; baseline -0.002 -57"><span class='ocrx_word' id='word_1_88' title='bbox 385 2193 635 2310; x_wconf 88' lang='lat' dir='ltr'>curiosum,</span> <span class='ocrx_word' id='word_1_89' title='bbox 665 2226 716 2290; x_wconf 94' lang='lat' dir='ltr'>ut</span> <span class='ocrx_word' id='word_1_90' title='bbox 753 2188 958 2307; x_wconf 91' lang='lat' dir='ltr'>nullum,</span> <span class='ocrx_word' id='word_1_91' title='bbox 978 2226 1034 2286; x_wconf 87' lang='lat' dir='ltr'>nc</span> <span class='ocrx_word' id='word_1_92' title='bbox 1074 2185 1266 2287; x_wconf 90' lang='lat' dir='ltr'>nimium</span> <span class='ocrx_word' id='word_1_93' title='bbox 1305 2185 1525 2349; x_wconf 84' lang='lat' dir='ltr'>quidem,</span> <span class='ocrx_word' id='word_1_94' title='bbox 1551 2184 1637 2287; x_wconf 87' lang='lat' dir='ltr'>sibi</span> <span class='ocrx_word' id='word_1_95' title='bbox 1670 2225 1860 2327; x_wconf 86' lang='lat' dir='ltr'>praeter</span> 
     </span>
     <span class='ocr_line' id='line_1_14' title="bbox 387 2330 1859 2473; baseline -0.001 -37"><span class='ocrx_word' id='word_1_96' title='bbox 387 2338 585 2436; x_wconf 92' lang='lat' dir='ltr'>eundum</span> <span class='ocrx_word' id='word_1_97' title='bbox 626 2369 844 2473; x_wconf 86' lang='lat' dir='ltr'>putaret,</span> <span class='ocrx_word' id='word_1_98' title='bbox 881 2330 968 2431; x_wconf 93' lang='lat' dir='ltr'>hoc</span> <span class='ocrx_word' id='word_1_99' title='bbox 1007 2371 1193 2472; x_wconf 88' lang='lat' dir='ltr'>quoque</span> <span class='ocrx_word' id='word_1_100' title='bbox 1249 2330 1545 2471; x_wconf 87' lang='lat' dir='ltr'>superstitiose</span> <span class='ocrx_word' id='word_1_101' title='bbox 1594 2370 1754 2431; x_wconf 91' lang='lat' dir='ltr'>cavens</span> <span class='ocrx_word' id='word_1_102' title='bbox 1811 2333 1859 2436; x_wconf 91' lang='lat' dir='ltr'>in</span> 
     </span>
     <span class='ocr_line' id='line_1_15' title="bbox 385 2474 1859 2639; baseline -0.003 -59"><span class='ocrx_word' id='word_1_103' title='bbox 385 2476 597 2580; x_wconf 86' lang='lat' dir='ltr'>habendis</span> <span class='ocrx_word' id='word_1_104' title='bbox 631 2474 916 2594; x_wconf 89' lang='lat' dir='ltr'>honoribus,</span> <span class='ocrx_word' id='word_1_105' title='bbox 954 2514 1008 2574; x_wconf 91' lang='lat' dir='ltr'>ne</span> <span class='ocrx_word' id='word_1_106' title='bbox 1046 2474 1157 2616; x_wconf 91' lang='lat' dir='ltr'>quid</span> <span class='ocrx_word' id='word_1_107' title='bbox 1194 2512 1269 2613; x_wconf 90' lang='lat' dir='ltr'>pet</span> <span class='ocrx_word' id='word_1_108' title='bbox 1311 2474 1634 2639; x_wconf 87' lang='lat' dir='ltr'>indulgentiam</span> <span class='ocrx_word' id='word_1_109' title='bbox 1668 2475 1741 2577; x_wconf 87' lang='lat' dir='ltr'>vel</span> <span class='ocrx_word' id='word_1_110' title='bbox 1784 2515 1859 2619; x_wconf 90' lang='lat' dir='ltr'>per</span> 
     </span>
     <span class='ocr_line' id='line_1_16' title="bbox 381 2619 1859 2783; baseline -0.004 -57"><span class='ocrx_word' id='word_1_111' title='bbox 381 2622 598 2726; x_wconf 86' lang='lat' dir='ltr'>incuriam</span> <span class='ocrx_word' id='word_1_112' title='bbox 634 2658 812 2761; x_wconf 87' lang='lat' dir='ltr'>peccare</span> <span class='ocrx_word' id='word_1_113' title='bbox 851 2619 900 2718; x_wconf 91' lang='lat' dir='ltr'>in</span> <span class='ocrx_word' id='word_1_114' title='bbox 936 2619 1130 2783; x_wconf 81' lang='lat' dir='ltr'>aliquem</span> <span class='ocrx_word' id='word_1_115' title='bbox 1160 2619 1409 2782; x_wconf 85' lang='lat' dir='ltr'>videretur,</span> <span class='ocrx_word' id='word_1_116' title='bbox 1450 2620 1628 2781; x_wconf 82' lang='lat' dir='ltr'>quod</span> <span class='ocrx_word' id='word_1_117' title='bbox 1615 2658 1765 2760; x_wconf 80' lang='lat' dir='ltr'>ipsum</span> <span class='ocrx_word' id='word_1_118' title='bbox 1801 2620 1859 2720; x_wconf 84' lang='lat' dir='ltr'>lt</span> 
     </span>
     <span class='ocr_line' id='line_1_17' title="bbox 383 2762 1854 2906; baseline -0.005 -34"><span class='ocrx_word' id='word_1_119' title='bbox 383 2764 627 2872; x_wconf 87' lang='lat' dir='ltr'>berioribus</span> <span class='ocrx_word' id='word_1_120' title='bbox 666 2762 973 2874; x_wconf 89' lang='lat' dir='ltr'>hominibus</span> <span class='ocrx_word' id='word_1_121' title='bbox 961 2799 1094 2864; x_wconf 81' lang='lat' dir='ltr'>instar</span> <span class='ocrx_word' id='word_1_122' title='bbox 1128 2762 1293 2905; x_wconf 87' lang='lat' dir='ltr'>peccati</span> <span class='ocrx_word' id='word_1_123' title='bbox 1330 2764 1379 2863; x_wconf 88' lang='lat' dir='ltr'>in</span> <span class='ocrx_word' id='word_1_124' title='bbox 1419 2802 1523 2863; x_wconf 86' lang='lat' dir='ltr'>vrns</span> <span class='ocrx_word' id='word_1_125' title='bbox 1579 2764 1854 2906; x_wconf 89' lang='lat' dir='ltr'>principibus</span> 
     </span>
     <span class='ocr_line' id='line_1_18' title="bbox 384 2904 1860 3050; baseline -0.001 -40"><span class='ocrx_word' id='word_1_126' title='bbox 384 2911 523 3011; x_wconf 90' lang='lat' dir='ltr'>videri</span> <span class='ocrx_word' id='word_1_127' title='bbox 550 2912 687 3010; x_wconf 91' lang='lat' dir='ltr'>solet.</span> <span class='ocrx_word' id='word_1_128' title='bbox 713 2910 900 3050; x_wconf 87' lang='lat' dir='ltr'>Insigne</span> <span class='ocrx_word' id='word_1_129' title='bbox 944 2907 1167 3048; x_wconf 88' lang='lat' dir='ltr'>religionis</span> <span class='ocrx_word' id='word_1_130' title='bbox 1205 2948 1254 3007; x_wconf 89' lang='lat' dir='ltr'>ac</span> <span class='ocrx_word' id='word_1_131' title='bbox 1295 2904 1580 3009; x_wconf 89' lang='lat' dir='ltr'>humanitatis</span> <span class='ocrx_word' id='word_1_132' title='bbox 1621 2917 1715 3038; x_wconf 89' lang='lat' dir='ltr'>ejus</span> <span class='ocrx_word' id='word_1_133' title='bbox 1756 2949 1860 3009; x_wconf 88' lang='lat' dir='ltr'>mo-</span> 
     </span>
     <span class='ocr_line' id='line_1_19' title="bbox 384 3050 1858 3192; baseline -0.001 -37"><span class='ocrx_word' id='word_1_134' title='bbox 384 3089 652 3155; x_wconf 88' lang='lat' dir='ltr'>numentum</span> <span class='ocrx_word' id='word_1_135' title='bbox 690 3089 753 3152; x_wconf 87' lang='lat' dir='ltr'>est</span> <span class='ocrx_word' id='word_1_136' title='bbox 790 3050 1167 3171; x_wconf 87' lang='lat' dir='ltr'>xenodochium,</span> <span class='ocrx_word' id='word_1_137' title='bbox 1201 3052 1327 3192; x_wconf 92' lang='lat' dir='ltr'>quod</span> <span class='ocrx_word' id='word_1_138' title='bbox 1380 3053 1435 3152; x_wconf 90' lang='lat' dir='ltr'>ad</span> <span class='ocrx_word' id='word_1_139' title='bbox 1471 3052 1686 3152; x_wconf 92' lang='lat' dir='ltr'>Toletum</span> <span class='ocrx_word' id='word_1_140' title='bbox 1740 3090 1858 3154; x_wconf 86' lang='lat' dir='ltr'>extra</span> 
     </span>
     <span class='ocr_line' id='line_1_20' title="bbox 383 3194 2018 3340; baseline -0.002 -42"><span class='ocrx_word' id='word_1_141' title='bbox 383 3233 559 3340; x_wconf 90' lang='lat' dir='ltr'>portam</span> <span class='ocrx_word' id='word_1_142' title='bbox 598 3197 693 3297; x_wconf 88' lang='lat' dir='ltr'>viae</span> <span class='ocrx_word' id='word_1_143' title='bbox 729 3237 868 3297; x_wconf 84' lang='lat' dir='ltr'>sacrae</span> <span class='ocrx_word' id='word_1_144' title='bbox 904 3194 1137 3337; x_wconf 87' lang='lat' dir='ltr'>magnifice</span> <span class='ocrx_word' id='word_1_145' title='bbox 1171 3229 1214 3294; x_wconf 90' lang='lat' dir='ltr'>et</span> <span class='ocrx_word' id='word_1_146' title='bbox 1250 3195 1533 3316; x_wconf 90' lang='lat' dir='ltr'>conditum,</span> <span class='ocrx_word' id='word_1_147' title='bbox 1572 3233 1615 3297; x_wconf 92' lang='lat' dir='ltr'>et</span> <span class='ocrx_word' id='word_1_148' title='bbox 1650 3199 1862 3302; x_wconf 90' lang='lat' dir='ltr'>dotatum</span> <span class='ocrx_word' id='word_1_149' title='bbox 2011 3288 2018 3295; x_wconf 87' lang='lat'><em>.</em></span> 
     </span>
     <span class='ocr_line' id='line_1_21' title="bbox 383 3332 1782 3482; baseline -0.001 -40"><span class='ocrx_word' id='word_1_150' title='bbox 383 3344 439 3443; x_wconf 88' lang='lat' dir='ltr'>ad</span> <span class='ocrx_word' id='word_1_151' title='bbox 474 3380 683 3482; x_wconf 88' lang='lat' dir='ltr'>pauperes</span> <span class='ocrx_word' id='word_1_152' title='bbox 718 3375 986 3480; x_wconf 87' lang='lat' dir='ltr'>aegrotantes</span> <span class='ocrx_word' id='word_1_153' title='bbox 1025 3338 1240 3440; x_wconf 88' lang='lat' dir='ltr'>curandos</span> <span class='ocrx_word' id='word_1_154' title='bbox 1276 3376 1346 3440; x_wconf 89' lang='lat' dir='ltr'>et</span> <span class='ocrx_word' id='word_1_155' title='bbox 1337 3332 1536 3440; x_wconf 87' lang='lat' dir='ltr'>alendos</span> <span class='ocrx_word' id='word_1_156' title='bbox 1572 3337 1782 3481; x_wconf 85' lang='lat' dir='ltr'>reliquit.</span> 
     </span>
     <span class='ocr_line' id='line_1_22' title="bbox 356 3483 2020 3654; baseline 0.001 -68"><span class='ocrx_word' id='word_1_157' title='bbox 356 3598 360 3601; x_wconf 75' lang='lat'>.</span> <span class='ocrx_word' id='word_1_158' title='bbox 453 3493 615 3586; x_wconf 92' lang='lat' dir='ltr'>XLIV</span> <span class='ocrx_word' id='word_1_159' title='bbox 700 3492 887 3584; x_wconf 88' lang='lat' dir='ltr'>Mortuo</span> <span class='ocrx_word' id='word_1_160' title='bbox 924 3490 1105 3654; x_wconf 86' lang='lat' dir='ltr'>Joanne</span> <span class='ocrx_word' id='word_1_161' title='bbox 1159 3488 1364 3603; x_wconf 86' lang='lat' dir='ltr'>Tavera,</span> <span class='ocrx_word' id='word_1_162' title='bbox 1409 3483 1626 3602; x_wconf 82' lang='lat' dir='ltr'>Carolus,</span> <span class='ocrx_word' id='word_1_163' title='bbox 1663 3485 1745 3627; x_wconf 91' lang='lat' dir='ltr'>qui</span> <span class='ocrx_word' id='word_1_164' title='bbox 1802 3487 1876 3587; x_wconf 90' lang='lat' dir='ltr'>ad.</span> <span class='ocrx_word' id='word_1_165' title='bbox 1991 3520 2020 3576; x_wconf 58' lang='lat' dir='ltr'>a</span> 
     </span>
     <span class='ocr_line' id='line_1_23' title="bbox 385 3627 2027 3770; baseline -0.001 -39"><span class='ocrx_word' id='word_1_166' title='bbox 385 3666 552 3732; x_wconf 90' lang='lat' dir='ltr'>sumtus</span> <span class='ocrx_word' id='word_1_167' title='bbox 584 3628 840 3755; x_wconf 86' lang='lat' dir='ltr'>bellorum,</span> <span class='ocrx_word' id='word_1_168' title='bbox 874 3667 986 3768; x_wconf 87' lang='lat' dir='ltr'>quae</span> <span class='ocrx_word' id='word_1_169' title='bbox 1024 3637 1115 3759; x_wconf 87' lang='lat' dir='ltr'>jam</span> <span class='ocrx_word' id='word_1_170' title='bbox 1146 3627 1331 3727; x_wconf 90' lang='lat' dir='ltr'>multos</span> <span class='ocrx_word' id='word_1_171' title='bbox 1345 3667 1484 3728; x_wconf 91' lang='lat' dir='ltr'>annos</span> <span class='ocrx_word' id='word_1_172' title='bbox 1526 3667 1664 3770; x_wconf 88' lang='lat' dir='ltr'>paene</span> <span class='ocrx_word' id='word_1_173' title='bbox 1714 3631 1863 3730; x_wconf 91' lang='lat' dir='ltr'>conti·</span> <span class='ocrx_word' id='word_1_174' title='bbox 1978 3670 2027 3690; x_wconf 64' lang='lat'><strong><em>‘</em></strong></span> 
     </span>
     <span class='ocr_line' id='line_1_24' title="bbox 382 3770 2047 3933; baseline -0.001 -58"><span class='ocrx_word' id='word_1_175' title='bbox 382 3811 532 3877; x_wconf 90' lang='lat' dir='ltr'>nentes</span> <span class='ocrx_word' id='word_1_176' title='bbox 573 3770 784 3914; x_wconf 87' lang='lat' dir='ltr'>gerebat,</span> <span class='ocrx_word' id='word_1_177' title='bbox 819 3811 973 3872; x_wconf 87' lang='lat' dir='ltr'>omnes</span> <span class='ocrx_word' id='word_1_178' title='bbox 1012 3771 1299 3933; x_wconf 90' lang='lat' dir='ltr'>pecuniarum</span> <span class='ocrx_word' id='word_1_179' title='bbox 1338 3771 1430 3872; x_wconf 89' lang='lat' dir='ltr'>vias</span> <span class='ocrx_word' id='word_1_180' title='bbox 1467 3810 1692 3913; x_wconf 76' lang='lat' dir='ltr'>exquirere</span> <span class='ocrx_word' id='word_1_181' title='bbox 1725 3814 1861 3916; x_wconf 87' lang='lat' dir='ltr'>coge</span> <span class='ocrx_word' id='word_1_182' title='bbox 1988 3798 2047 3830; x_wconf 67' lang='lat'>‘¹</span> 
     </span>
     <span class='ocr_line' id='line_1_25' title="bbox 384 3914 1854 4060; baseline -0.001 -42"><span class='ocrx_word' id='word_1_183' title='bbox 384 3915 553 4041; x_wconf 87' lang='lat' dir='ltr'>batur,</span> <span class='ocrx_word' id='word_1_184' title='bbox 594 3956 698 4016; x_wconf 89' lang='lat' dir='ltr'>cum</span> <span class='ocrx_word' id='word_1_185' title='bbox 731 3917 867 4016; x_wconf 89' lang='lat' dir='ltr'>Paulo</span> <span class='ocrx_word' id='word_1_186' title='bbox 904 3916 1061 4015; x_wconf 88' lang='lat' dir='ltr'>Tertio</span> <span class='ocrx_word' id='word_1_187' title='bbox 1097 3914 1309 4016; x_wconf 85' lang='lat' dir='ltr'>Pontifice</span> <span class='ocrx_word' id='word_1_188' title='bbox 1348 3917 1553 4016; x_wconf 87' lang='lat' dir='ltr'>Maximo</span> <span class='ocrx_word' id='word_1_189' title='bbox 1589 3956 1664 4056; x_wconf 86' lang='lat' dir='ltr'>per</span> <span class='ocrx_word' id='word_1_190' title='bbox 1710 3928 1854 4060; x_wconf 88' lang='lat' dir='ltr'>Lega-</span> 
     </span>
     <span class='ocr_line' id='line_1_26' title="bbox 307 3991 1852 4200; baseline -0.001 -38"><span class='ocrx_word' id='word_1_191' title='bbox 307 4170 312 4179; x_wconf 55' lang='grc'><strong>,</strong></span> <span class='ocrx_word' id='word_1_192' title='bbox 384 4097 480 4163; x_wconf 90' lang='lat' dir='ltr'>tum</span> <span class='ocrx_word' id='word_1_193' title='bbox 511 3991 711 4200; x_wconf 78' lang='lat' dir='ltr'>piscibus</span> <span class='ocrx_word' id='word_1_194' title='bbox 745 4100 769 4158; x_wconf 90' lang='lat' dir='ltr'>a</span> <span class='ocrx_word' id='word_1_195' title='bbox 803 4098 870 4159; x_wconf 87' lang='lat' dir='ltr'>ere</span> <span class='ocrx_word' id='word_1_196' title='bbox 903 4060 1099 4200; x_wconf 86' lang='lat' dir='ltr'>coepit,</span> <span class='ocrx_word' id='word_1_197' title='bbox 1138 4096 1189 4159; x_wconf 91' lang='lat' dir='ltr'>ut</span> <span class='ocrx_word' id='word_1_198' title='bbox 1231 4055 1638 4200; x_wconf 85' lang='lat' dir='ltr'>Archiepiscopatui</span> <span class='ocrx_word' id='word_1_199' title='bbox 1670 4062 1852 4161; x_wconf 89' lang='lat' dir='ltr'>Toleta-</span> 
     </span>
     <span class='ocr_line' id='line_1_27' title="bbox 384 4098 1856 4344; baseline -0.001 -38"><span class='ocrx_word' id='word_1_200' title='bbox 384 4245 446 4306; x_wconf 96' lang='lat' dir='ltr'>no</span> <span class='ocrx_word' id='word_1_201' title='bbox 479 4245 612 4305; x_wconf 94' lang='lat' dir='ltr'>nemo</span> <span class='ocrx_word' id='word_1_202' title='bbox 646 4098 847 4304; x_wconf 66' lang='lat' dir='ltr'>Pontiiex</span> <span class='ocrx_word' id='word_1_203' title='bbox 886 4202 1229 4344; x_wconf 87' lang='lat' dir='ltr'>praeficeretur,</span> <span class='ocrx_word' id='word_1_204' title='bbox 1261 4205 1335 4303; x_wconf 92' lang='lat' dir='ltr'>sed</span> <span class='ocrx_word' id='word_1_205' title='bbox 1370 4204 1748 4344; x_wconf 86' lang='lat' dir='ltr'>opulentissimum</span> <span class='ocrx_word' id='word_1_206' title='bbox 1798 4206 1856 4304; x_wconf 91' lang='lat' dir='ltr'>il-</span> 
     </span>
     <span class='ocr_line' id='line_1_28' title="bbox 276 4345 1858 4489; baseline 0.001 -42"><span class='ocrx_word' id='word_1_207' title='bbox 276 4428 278 4431; x_wconf 75' lang='lat'><em>.</em></span> <span class='ocrx_word' id='word_1_208' title='bbox 386 4350 463 4450; x_wconf 93' lang='lat' dir='ltr'>lud</span> <span class='ocrx_word' id='word_1_209' title='bbox 501 4348 796 4449; x_wconf 88' lang='lat' dir='ltr'>sacerdotium</span> <span class='ocrx_word' id='word_1_210' title='bbox 838 4349 955 4489; x_wconf 88' lang='lat' dir='ltr'>apud</span> <span class='ocrx_word' id='word_1_211' title='bbox 1007 4347 1201 4487; x_wconf 88' lang='lat' dir='ltr'>aliquem</span> <span class='ocrx_word' id='word_1_212' title='bbox 1249 4348 1373 4489; x_wconf 90' lang='lat' dir='ltr'>quasi</span> <span class='ocrx_word' id='word_1_213' title='bbox 1412 4348 1641 4448; x_wconf 87' lang='lat' dir='ltr'>Vicarium</span> <span class='ocrx_word' id='word_1_214' title='bbox 1674 4345 1858 4448; x_wconf 88' lang='lat' dir='ltr'>Archie</span> 
     </span>
     <span class='ocr_line' id='line_1_29' title="bbox 382 4488 1859 4653; baseline 0.003 -63"><span class='ocrx_word' id='word_1_215' title='bbox 382 4493 555 4632; x_wconf 90' lang='lat' dir='ltr'>piscopi</span> <span class='ocrx_word' id='word_1_216' title='bbox 609 4533 660 4590; x_wconf 92' lang='lat' dir='ltr'>ac</span> <span class='ocrx_word' id='word_1_217' title='bbox 704 4529 850 4591; x_wconf 89' lang='lat' dir='ltr'>rerum</span> <span class='ocrx_word' id='word_1_218' title='bbox 901 4491 1293 4592; x_wconf 88' lang='lat' dir='ltr'>administratorem</span> <span class='ocrx_word' id='word_1_219' title='bbox 1338 4492 1653 4653; x_wconf 88' lang='lat' dir='ltr'>deponeretur,</span> <span class='ocrx_word' id='word_1_220' title='bbox 1690 4488 1859 4594; x_wconf 79' lang='lat' dir='ltr'>fructus</span> 
     </span>
     <span class='ocr_line' id='line_1_30' title="bbox 383 4631 1860 4776; baseline 0.001 -40"><span class='ocrx_word' id='word_1_221' title='bbox 383 4669 532 4736; x_wconf 87' lang='lat' dir='ltr'>autern</span> <span class='ocrx_word' id='word_1_222' title='bbox 566 4643 656 4763; x_wconf 88' lang='lat' dir='ltr'>ejus</span> <span class='ocrx_word' id='word_1_223' title='bbox 694 4631 959 4754; x_wconf 87' lang='lat' dir='ltr'>bellorum,</span> <span class='ocrx_word' id='word_1_224' title='bbox 1002 4672 1115 4775; x_wconf 91' lang='lat' dir='ltr'>quae</span> <span class='ocrx_word' id='word_1_225' title='bbox 1152 4633 1438 4776; x_wconf 90' lang='lat' dir='ltr'>cumimpiis</span> <span class='ocrx_word' id='word_1_226' title='bbox 1482 4634 1724 4736; x_wconf 87' lang='lat' dir='ltr'>Christiani</span> <span class='ocrx_word' id='word_1_227' title='bbox 1779 4676 1860 4737; x_wconf 86' lang='lat' dir='ltr'>no·</span> 
     </span>
     <span class='ocr_line' id='line_1_31' title="bbox 386 4775 1858 4922; baseline -0.001 -42"><span class='ocrx_word' id='word_1_228' title='bbox 386 4778 519 4894; x_wconf 87' lang='lat' dir='ltr'>minis</span> <span class='ocrx_word' id='word_1_229' title='bbox 560 4775 758 4881; x_wconf 90' lang='lat' dir='ltr'>hostibus</span> <span class='ocrx_word' id='word_1_230' title='bbox 807 4778 1074 4880; x_wconf 87' lang='lat' dir='ltr'>continenter</span> <span class='ocrx_word' id='word_1_231' title='bbox 1113 4777 1228 4882; x_wconf 86' lang='lat' dir='ltr'>ab</span> <span class='ocrx_word' id='word_1_232' title='bbox 1218 4816 1391 4922; x_wconf 89' lang='lat' dir='ltr'>rpso</span> <span class='ocrx_word' id='word_1_233' title='bbox 1362 4777 1662 4900; x_wconf 71' lang='lat' dir='ltr'>verebantur,</span> <span class='ocrx_word' id='word_1_234' title='bbox 1697 4782 1858 4882; x_wconf 90' lang='lat' dir='ltr'>sumti-</span> 
     </span>
    </p>
   </div>
   <div class='ocr_carea' id='block_1_3' title="bbox 1648 4922 1853 5026">
    <p class='ocr_par' dir='ltr' id='par_1_3' title="bbox 1648 4922 1853 5026">
     <span class='ocr_line' id='line_1_32' title="bbox 1648 4922 1853 5026; baseline 0 0"><span class='ocrx_word' id='word_1_235' title='bbox 1648 4922 1661 4927; x_wconf 38' lang='lat'><strong>*</strong></span> <span class='ocrx_word' id='word_1_236' title='bbox 1773 4924 1853 5026; x_wconf 90' lang='lat' dir='ltr'>bus</span> 
     </span>
    </p>
   </div>
   <div class='ocr_carea' id='block_1_4' title="bbox 2035 4059 2080 4085">
    <p class='ocr_par' dir='ltr' id='par_1_4' title="bbox 2035 4059 2080 4085">
     <span class='ocr_line' id='line_1_33' title="bbox 2035 4059 2080 4085; baseline 0 0"><span class='ocrx_word' id='word_1_237' title='bbox 2035 4059 2080 4085; x_wconf 53' lang='grc' dir='ltr'><em>Ι</em></span> 
     </span>
    </p>
   </div>
   <div class='ocr_carea' id='block_1_5' title="bbox 2046 4199 2092 4230">
    <p class='ocr_par' dir='ltr' id='par_1_5' title="bbox 2046 4199 2092 4230">
     <span class='ocr_line' id='line_1_34' title="bbox 2046 4199 2092 4230; baseline 0 -13"><span class='ocrx_word' id='word_1_238' title='bbox 2046 4199 2092 4230; x_wconf 45' lang='lat' dir='ltr'><em>a</em></span> 
     </span>
    </p>
   </div>
   <div class='ocr_carea' id='block_1_6' title="bbox 0 0 2100 5858">
    <p class='ocr_par' dir='ltr' id='par_1_6' title="bbox 0 0 2100 5858">
     <span class='ocr_line' id='line_1_35' title="bbox 0 0 2100 5858; baseline 0 1"><span class='ocrx_word' id='word_1_239' title='bbox 0 0 2100 5858; x_wconf 95' lang='lat' dir='ltr'> </span> 
     </span>
    </p>
   </div>
  </div>
 </body>
</html>
