4110 5888
583 371 1087 449 SUMMARIUM.
1412 383 1554 453 XLVII.

109 529 189 623 rege
221 499 398 587 auxilium
429 500 521 615 petit
529 563 543 584 .
862 498 978 587 stituit
1004 529 1053 586 eo
1084 496 1144 588 cle
1175 563 1187 609 ‚
1214 502 1280 620 qui
1312 502 1402 592 divo
1430 506 1577 619 Jacobo

157 624 301 708 LXVI.
363 619 578 703 Fernandus
617 617 812 733 diligenter
869 614 983 704 festus
1017 619 1162 735 agitur.

102 771 186 826 cum
213 761 319 853 patre
348 736 456 852 agit3
494 736 561 820 sed
587 740 725 821 Prorex
754 765 810 821 re·
923 740 1100 823 LXXIII.
1171 741 1309 824 Garcia
1354 740 1467 857 igitur
1499 749 1578 831 To·

100 862 171 945 bus
200 855 390 971 imparatis
425 876 577 938 tantum
616 853 812 970 negotium
867 852 945 938 leto
972 857 1121 942 tuendis
1151 858 1275 941 castris
1303 856 1431 945 relicto
1464 862 1578 974 profi-

98 974 287 1092 suscipere
342 970 556 1057 temeritatis
598 998 675 1055 esse
720 970 814 1083 judi-
869 970 1053 1076 ciscitur3
1088 974 1214 1088 deque
1242 975 1406 1060 hostium
1444 980 1581 1067 adven·

99 1119 188 1182 cat.
872 1113 915 1174 tu
947 1117 974 1172 a
1020 1092 1218 1206 praemisso
1261 1094 1489 1207 speculatore
1520 1128 1581 1184 co·

179 1212 339 1295 LXVII.
409 1211 590 1293 Ceterum
625 1206 817 1319 Joannem
873 1235 1058 1322 gnoscens
1085 1209 1211 1323 copias
1254 1211 1354 1294 ultra
1384 1214 1575 1325 perducit,

95 1329 304 1419 Ossorium
336 1326 385 1411 ad
409 1325 569 1411 Doriam
591 1326 704 1410 mittit
717 1387 729 1431 ‚
742 1325 811 1440 qui
875 1354 1037 1440 suosque
1061 1328 1112 1413 ad
1144 1327 1322 1414 virtutem
1362 1331 1581 1420 cohortatus

95 1443 341 1533 difficultates
355 1466 569 1558 proponat.
593 1442 710 1526 Doria
725 1471 818 1527 cun·
877 1443 981 1560 signa
1007 1444 1049 1527 in
1074 1445 1200 1530 hostes
1228 1442 1361 1530 inferre
1392 1445 1518 1555 jubet.

98 1565 179 1651 ctis
205 1559 480 1648 difficultatibus
507 1589 545 1644 se
577 1559 717 1644 mederi
732 1591 817 1674 pos·
933 1564 1114 1647 LXXIV..
1156 1562 1299 1648 Acriter
1321 1564 1510 1680 utrimque
1533 1570 1581 1654 dl

99 1712 149 1768 ae
187 1679 443 1783 confirmans,
477 1693 557 1763 t'am
586 1701 820 1789 praesentem
876 1678 1067 1783 micanti,
1091 1680 1159 1766 sed
1182 1680 1304 1796 primo
1333 1682 1475 1797 impetu
1508 1685 1580 1771 ho-

102 1797 347 1886 occasionem
377 1796 482 1882 haud
506 1796 820 1910 praetereundam
876 1821 952 1882 stes
995 1827 1066 1882 sua
1110 1797 1352 1885 multitudine
1389 1800 1581 1917 Hispanos

105 1917 332 2005 contendit.
877 1940 1097 2028 premunt,
1129 1914 1197 2030 qui
1242 1917 1345 2002 ducis
1376 1922 1583 2030 praesentia

183 2037 361 2120 LXVIII.
429 2034 525 2118 Hoc
575 2033 823 2139 renuntiato,
875 2034 1053 2138 recreati,
1080 2032 1259 2150 Dragutis
1290 2033 1423 2118 milites
1444 2039 1581 2149 pedem

107 2156 227 2270 Vega
252 2181 342 2237 cum
379 2152 490 2234 rebus
536 2151 739 2236 necessariis
767 2152 818 2238 ad
877 2146 1011 2236 referre
1035 2175 1200 2266 cogunt.
1231 2150 1445 2236 Palomares
1471 2153 1580 2270 signi-

104 2277 345 2356 Panormum
374 2266 538 2355 triremes
577 2269 814 2375 conscendit,
877 2263 932 2353 fer
949 2330 961 2376 ‚
977 2292 1017 2353 et
1043 2267 1259 2354 Ludovicus
1290 2271 1461 2356 Perezius:
1487 2275 1584 2357 Var-

42 2406 43 2409 ‘
106 2394 408 2502 Drepanumque
433 2385 486 2470 ad·
513 2387 705 2472 Andream
737 2416 822 2500 pro*
878 2416 945 2500 gas
983 2382 1180 2472 fortissime.
1222 2386 1437 2474 dimicantes
1491 2392 1588 2477 occi·

109 2531 241 2620 perat.
279 2503 432 2590 Careias
447 2502 638 2610 Tolerus,
662 2529 823 2591 exorato
880 2504 1041 2590 dunntr.

105 2648 215 2739 patre
241 2620 405 2736 Neapoli
417 2626 607 2738 Protege,
627 2650 714 2706 cum
745 2653 823 2706 ma·-
936 2624 1102 2708 LXXV..
1156 2623 1273 2709 Pulsis
1294 2626 1587 2745 hostibusVega
1645 2638 1646 2641 ‘

110 2770 194 2858 gno
224 2765 441 2826 commeatu
468 2739 605 2824 eodem
643 2740 820 2827 revertit..
878 2769 965 2825 suos
1004 2740 1045 2825 in
1083 2764 1205 2826 castra
1236 2742 1397 2828 reducit.
1433 2747 1587 2832 Garcias

173 2862 317 2944 LXIX.
370 2863 432 2942 Ex.
455 2862 638 2970 Drepano
667 2857 822 2971 conjun-
878 2857 1039 2943 Tolenus
1059 2859 1188 2943 hostes
1221 2882 1430 2945 extremum
1453 2865 1585 2981 Vegae

107 3002 182 3063 cta
217 2977 331 3061 classe
365 2975 635 3089 Aphrodisium
669 2976 826 3062 adnavi-v
878 3003 1019 3091 agmen
1050 3000 1246 3090 carpentes:
1269 2978 1431 3091 reprimit
1440 3038 1456 3061 ..
1580 3007 1582 3011 ¹

111 3120 241 3212 gant.
263 3094 510 3210 expositisque
541 3091 716 3178 militibus
761 3122 817 3179 ca·
936 3096 1118 3179 LXXVI.
1185 3098 1332 3180 Interea
1374 3096 1589 3210 Aphrodisii

110 3238 195 3298 atta.
220 3209 401 3328 ponunt,
428 3236 473 3297 et
497 3212 828 3326 oppugnationem
878 3212 1051 3297 custodes
1077 3211 1314 3326 eruptionem
1336 3208 1504 3320 faciunt,¹
1519 3216 1586 3303 sed

117 3328 319 3418 inchoant.
351 3331 490 3416 Diruta
513 3352 623 3443 parte
649 3329 748 3414 muti
775 3330 827 3416 ir·
878 3329 932 3413 ab
956 3330 1135 3444 Hispanis.
1169 3330 1271 3415 duce·
1293 3331 1435 3416 G'arcia
1472 3332 1592 3416 Tole-

124 3449 246 3562 ruptio
271 3448 409 3535 frtuna
430 3471 623 3534 tentatur.
880 3469 929 3531 to
972 3447 1207 3560 rejiciuntur..
1261 3447 1428 3534 Alvarus·
1474 3451 1584 3564 Vega

177 3570 297 3651 LXX.
357 3569 539 3650 Hazenus
566 3569 648 3648 Rex
675 3562 724 3648 ab
744 3565 828 3648 Ha
879 3570 960 3648 Dra
1012 3565 1228 3650 nemilites
1273 3564 1353 3648 tela
1387 3565 1426 3648 in
1467 3589 1593 3652 castra

131 3709 230 3771 meto
246 3683 330 3769 filio-
349 3683 472 3770 oculis
494 3683 661 3798 privatus
671 3684 829 3797 Regno·
882 3680 1144 3794 jacu'antesin
1172 3679 1304 3796 lugam
1328 3681 1495 3792 coniicit.

136 3828 201 3911 que
215 3803 340 3917 pulsus
352 3863 369 3906 ,.
388 3803 536 3916 quique·
552 3797 681 3884 Caroli
689 3799 832 3912 impen·
940 3802 1132 3886 LXXVII.
1193 3798 1413 3883 Mahumetit
1442 3800 1593 3885 Curibis·

139 3917 177 3999 sis
198 3920 392 4023 alebatur„
411 3919 553 4004 morbo
574 3939 764 4030 correpnu
787 3916 833 4000 in
884 3916 1003 4032 Regis
1036 3945 1126 4001 cum·
1147 3916 1327 4030 Hispanis.
1361 3911 1497 4003 foedus
1511 3977 1526 4021 „
1549 3942 1596 4002 ct
1713 3958 1716 3959 f

138 4038 243 4122 castris
269 4063 431 4121 mortem
456 4035 565 4120 obit..
885 4029 1032 4118 officia.
1577 4093 1581 4101 .

185 4156 330 4237 LXXI..
381 4158 574 4268 Dragutes
593 4150 750 4236 obsessis·
779 4158 831 4236 o·-
954 4153 1170 4236 LXXVIII..
1241 4155 1427 4265 Dragutes
1473 4150 1598 4237 victus<

132 4290 215 4371 pem
249 4271 397 4355 hturus
422 4267 692 4383 Aphrodsium
736 4296 835 4354 con·
884 4268 939 4356 ad
965 4296 1052 4356 suas·
1077 4297 1123 4354 se·
1149 4295 1270 4354 naves:
1294 4266 1445 4380 recipit.
1471 4272 1594 4355 Anto¹

130 4387 282 4471 tendit.
885 4386 972 4470 nius.
1001 4387 1119 4470 Doria
1157 4385 1200 4466 in
1226 4381 1404 4487 Siciliam,
1441 4387 1593 4472 Marcus

186 4506 345 4588 IXXII.
397 4503 552 4588 Insidias·
576 4502 723 4587 idoneo·
740 4501 835 4586 loco
885 4501 1071 4585 Centurio
1082 4494 1351 4583 Mediolanum
1367 4500 1587 4608 mittuntur,

123 4615 312 4704 colocat.
342 4621 457 4734 Vega
484 4647 574 4703 cum·
589 4618 731 4703 delecta
757 4646 830 4702 ma·
886 4643 929 4704 ut
957 4640 1193 4702 commeatus:
1232 4640 1278 4700 ct·
1301 4617 1464 4706 militum:
1516 4651 1603 4736 sup
1750 4728 1753 4733 ,

125 4748 189 4815 nu
212 4735 392 4850 praesidio
415 4735 663 4854 lignatoribus
680 4735 838 4821 itecon··
887 4736 1126 4852 plementum
1149 4734 1385 4848 deportent..
1539 4858 1594 4937 m
