4034 5858
108 541 201 600 suam
224 519 327 593 lidem
355 524 515 619 recipere.
532 521 578 590 II.
599 539 678 614 324.
694 519 772 591 Eri-

106 621 199 721 genti
228 644 291 691 sese
316 619 519 718 Lantgravio
553 623 684 692 nullum
707 618 773 689 ho-

108 744 225 793 norem
249 719 380 804 habet,
405 718 461 791 sed
486 719 608 813 Joanni
630 721 772 790 Gueva-

108 844 165 894 rae
188 821 256 911 ejus
275 818 459 891 custodiam
477 816 599 889 tradit.
617 822 664 888 II.
693 842 772 912 μς.

108 925 239 991 Omnes
262 942 380 1004 arces,
405 944 471 990 una
489 936 625 1014 excepta
645 967 657 1001 ‚
680 919 714 988 in
730 916 773 988 fi·

109 1020 208 1092 nibus
221 1018 412 1118 Lantgravii
428 1018 582 1090 demoliri
601 1017 718 1107 jubet;
737 1034 772 1085 et

77 1165 81 1180 ·
106 1120 259 1212 undique
280 1137 448 1189 tormenta
480 1116 595 1188 bellica
631 1118 773 1186 Franca-

108 1217 261 1302 fortem,
293 1236 394 1312 atque
424 1216 502 1288 inde
536 1216 571 1287 iu
605 1215 769 1314 Belgium,

106 1319 284 1417 Neapolim
323 1337 356 1387 et
408 1316 639 1389 Mediolanum
686 1338 771 1384 con·

106 1415 213 1491 serre.
241 1423 288 1488 11.
317 1439 397 1513 μς.
424 1421 504 1487 Non
529 1417 594 1486 sine
611 1439 673 1485 suo
696 1436 770 1484 ma-

107 1543 179 1617 gno
193 1515 380 1588 discrimine
394 1517 620 1613 Hispanorum
636 1533 669 1583 et
684 1514 771 1586 Ger·

108 1641 285 1689 manorum
317 1615 463 1687 militum
495 1615 676 1687 furentium
697 1611 771 1682 aui-

107 1742 183 1790 mos
206 1715 341 1789 cohibet
356 1733 414 1800 ,et
447 1737 595 1812 pugnam
618 1711 768 1783 dirimit.

107 1822 156 1889 Il.
187 1820 267 1910 346.
294 1823 355 1888 Per
383 1813 582 1911 Turingiam
607 1831 641 1881 et
672 1819 769 1883 Pam-

106 1918 242 2015 bergam
283 1913 550 2011 Nurembergam
571 1910 768 1981 contendit.

107 2021 156 2088 11.
179 2018 260 2108 μ6.
276 2018 467 2111 Augustam
494 2009 769 2092 Vindelicorum,

107 2135 182 2209 quo
211 2112 412 2184 Germaniae
442 2108 546 2180 totius
576 2108 769 2181 Concilium

107 2212 295 2295 indixerat,
317 2209 481 2309 pervenit.
512 2214 559 2279 II.
583 2232 663 2303 μς.
689 2208 792 2286 Plu-v

108 2313 199 2386 ribus
214 2310 306 2381 Pauli
321 2316 385 2381 ΙΙΙ.
409 2317 508 2382 Pont.
531 2311 627 2381 Max.
654 2326 770 2404 postu-

106 2411 184 2482 latis
198 2409 339 2480 abnuit.
367 2415 413 2481 11.
435 2431 515 2504 333.
542 2407 631 2480 Petri
653 2406 770 2478 Aloisii

106 2509 216 2583 caedis
231 2529 401 2584 auctorem
418 2509 525 2607 ipsum
536 2531 600 2580 esse
622 2507 702 2577 levis
711 2530 769 2577 su-

107 2609 210 2706 spicio
222 2628 283 2680 est.
301 2614 624 2708 II.335.Augustam
637 2605 769 2677 Vinde-

105 2711 250 2783 licorum
274 2709 389 2793 uenit,
410 2730 443 2780 et
464 2710 507 2780 ad
534 2708 698 2803 Principes
734 2727 768 2778 et

105 2809 282 2882 civitatum
305 2810 430 2906 legatos
451 2807 484 2878 in
505 2805 769 2900 frequentissimo

105 2927 277 2980 conventu
289 2908 391 2977 verba
406 2904 485 2977 facit
498 2955 509 2989 ,
520 2906 614 3000 queis
629 2907 770 2977 Germa*

107 3030 170 3079 nos
186 3005 352 3091 hortatur,
369 3024 407 3075 ut
425 3028 540 3077 omnes
557 3005 599 3076 de
617 3005 769 3103 Religio-

107 3130 151 3178 ne
172 3107 412 3176 controversias
433 3105 476 3175 ad
492 3104 683 3176 Concilium
698 3108 770 3178 Ec-

106 3205 321 3278 clesiasticum
356 3205 504 3302 generale
540 3202 768 3295 dijudicandas

104 3305 254 3395 rejiciant
280 3327 291 3383 3
325 3303 457 3374 interim
479 3325 558 3375 vero
580 3304 662 3373 ritus
695 3308 767 3375 Ca-

104 3403 249 3476 tholicus
273 3425 332 3498 per
368 3425 504 3474 omnem
547 3403 767 3475 Germaniam

103 3501 140 3574 in
170 3501 341 3598 pristinam
373 3501 646 3573 consuetudinem
668 3525 767 3572 revo-

104 3619 220 3674 cetur.
253 3606 300 3671 ΙΙ.
329 3622 408 3695 33ς.
430 3621 464 3671 et
491 3606 569 3694 336.
599 3600 768 3698 Scriptura

10 3705 11 3708 ’
104 3699 238 3798 publice
259 3723 318 3797 per
343 3720 407 3770 tres
436 3704 618 3798 Episcopos
644 3700 686 3770 de
713 3724 767 3770 re-

105 3801 168 3872 bus
193 3798 330 3870 decretis
349 3796 684 3883 confecta,libellum
708 3823 768 3896 pa-

102 3900 173 3970 lam
206 3897 361 3971 omnibus
402 3899 531 3970 recitari
563 3900 679 3987 jubet.
717 3904 764 3968 II.

109 3997 189 4091 338.
240 3996 374 4069 Publice
411 3996 624 4070 collaudatur
662 3996 765 4068 totius

103 4095 307 4168 Germaniae
337 4097 490 4182 nomine,
509 4119 543 4168 et
572 4096 777 4193 amplissime

102 4193 228 4294 gratiae
257 4193 288 4263 ei
321 4215 468 4291 aguntur
500 4220 520 4268 a
559 4197 765 4295 Moguutino

102 4293 384 4389 Archiepiscopo.
401 4301 447 4365 II.
468 4317 483 4388 3
493 4297 548 4389 38.
563 4296 766 4370 Germaniae

102 4393 295 4490 Principum
325 4411 359 4462 et
386 4394 560 4467 civitatum
588 4399 763 4467 voluntate

103 4492 149 4562 ad
171 4493 246 4563 belli
269 4493 430 4588 impensas
455 4493 635 4565 sarciendos
661 4516 763 4564 num·

104 4615 238 4661 morum
262 4614 440 4662 aureorum
468 4592 574 4664 decies
612 4614 645 4665 et
666 4593 764 4664 sexies

102 4707 241 4761 centena
257 4691 355 4760 millia
380 4692 512 4789 exigit.
525 4697 572 4763 ΙΙ.
592 4700 670 4789 336.
703 4698 763 4762 In-

101 4785 217 4860 ducias
239 4787 388 4880 quinque
414 4815 579 4864 annorum
602 4819 680 4865 cum
703 4795 764 4863 So-

100 4890 241 4986 lymano
264 4884 361 4959 facit.
392 4893 438 4961 11.
462 4912 540 4988 339.
566 4897 601 4968 Α
623 4892 764 4990 quibus⁴

122 5001 205 5062 ron.
221 4996 262 5059 Π.

872 520 951 593 darn
978 541 1114 600 suorum
1140 519 1354 604 admonitus,
1374 537 1413 590 ut
1427 523 1534 592 Lant-

873 620 1028 720 gravium
1047 619 1186 690 lentiore
1198 643 1325 688 veneno
1340 639 1446 702 necet,
1461 643 1533 717 gra·

873 722 908 792 vi
941 743 1094 816 responso
1122 741 1178 788 eos
1204 722 1346 790 coiircet.
1380 726 1426 790 11.
1455 741 1533 811 346.

873 823 996 918 Legem
1028 817 1171 914 Neapoli
1200 819 1404 914 promulgari
1440 818 1534 905 jubet

874 918 916 989 de
955 919 1057 989 causis
1096 918 1338 991 haereticorum
1384 915 1535 1012 Hispano

873 1019 941 1089 ritu
970 1015 1225 1115 cognoscendis.
1252 1022 1398 1109 11.34ο.
1425 1021 1533 1114 Lega-

872 1136 987 1188 torum
1020 1117 1177 1212 Neapolis
1205 1115 1356 1214 precibus
1390 1114 1535 1212 placatus

872 1215 1067 1288 sententiam
1095 1214 1294 1288 deferenda
1320 1218 1389 1312 lege
1413 1231 1534 1283 mutat.

872 1322 923 1392 Η..
940 1337 1021 1409 344.
1036 1337 1068 1387 et
1097 1336 1178 1411 345.
1208 1315 1398 1412 Philippum
1424 1312 1532 1385 filium

871 1415 907 1486 in
933 1418 1084 1515 Belgium
1105 1417 1149 1489 ad
1163 1439 1195 1486 se
1215 1437 1332 1486 vocare
1348 1412 1532 1496 constituit,

870 1534 907 1585 et
939 1516 1034 1606 hujus
1061 1517 1106 1586 rei
1133 1515 1237 1615 gratia
1264 1518 1398 1585 Ducem
1422 1513 1531 1583 Alba-

871 1637 955 1686 num
982 1616 1016 1686 in
1039 1616 1234 1712 Hispaniam
1257 1637 1335 1683 cum
1359 1611 1473 1682 litteris
1495 1631 1529 1681 et

873 1712 1038 1786 mandatis
1051 1716 1179 1786 mittit.
1205 1718 1250 1788 ΙΙ.
1270 1718 1349 1807 346.
1377 1710 1532 1785 Maximi·

870 1814 997 1885 lianum
1038 1813 1265 1885 Archiducem
1305 1812 1456 1883 Austriae
1496 1810 1531 1880 in

870 1913 1066 2008 Hispaniam
1089 1911 1316 2010 proficisci,et
1344 1910 1454 2010 Regni
1470 1910 1533 1979 ad-

872 2010 1147 2084 ministrationem
1179 2033 1257 2083 cum
1293 2010 1399 2081 Maria
1429 2032 1532 2081 uxore

872 2111 966 2183 obire
975 2111 1080 2200 jubet.
1097 2117 1144 2182 II.
1164 2133 1240 2205 347.
1256 2108 1440 2205 Rhodopes
1450 2131 1533 2205 por-

872 2230 926 2282 tus
952 2209 1080 2282 aditum
1109 2234 1182 2282 arce
1212 2209 1393 2280 firmissima
1409 2208 1533 2279 munit.

872 2315 919 2384 Il.
942 2332 1021 2404 352.
1054 2311 1232 2383 Alfonsum
1259 2307 1468 2407 Aguilarium
1491 2332 1533 2384 ex

871 2411 1030 2484 Bruxellis
1056 2409 1286 2484 Mediolanum
1312 2409 1442 2495 mittit,
1473 2410 1534 2505 qui

872 2512 1025 2610 Philippo
1040 2577 1041 2586 ,
1054 2512 1126 2585 filio
1156 2513 1296 2583 salutem
1327 2511 1390 2582 suis
1427 2511 1536 2582 verbis

874 2611 983 2683 dicat.
1016 2617 1062 2681 ΙΙ.
1092 2617 1171 2706 366.
1208 2611 1425 2708 Margaritam
1468 2635 1534 2681 no-

873 2711 966 2783 tham
1000 2710 1104 2782 filiam
1131 2710 1278 2780 Octavio
1316 2709 1466 2779 Farnesio
1499 2710 1535 2780 in

873 2809 1127 2881 matrimonium
1143 2811 1305 2879 collocat.
1322 2814 1368 2877 Π.
1382 2812 1460 2902 369.
1477 2805 1537 2880 Ad

872 2910 1016 2982 Antonii
1045 2908 1175 2980 Fucaris
1215 2907 1405 3006 magnificas
1446 2907 1539 2980 aedes

872 3015 1045 3109 Augustae
1080 3007 1334 3079 Vindelicorum
1373 3006 1537 3079 divertere

873 3108 1081 3181 consuescit.
1108 3114 1155 3179 11.
1184 3132 1262 3203 373.
1289 3107 1475 3179 Laboribus
1499 3128 1537 3179 et

873 3210 998 3280 morbis
1015 3212 1201 3305 plusquam
1223 3232 1285 3304 pro
1300 3226 1407 3277 aetate
1422 3231 1535 3278 conse-

873 3310 1001 3382 nescit.
1039 3312 1086 3376 11.
1117 3307 1196 3401 38ι.
1233 3306 1373 3403 Philippi
1399 3306 1458 3377 filii
1493 3331 1536 3380 ex

872 3429 963 3501 equo
991 3405 1162 3477 deturbati
1212 3404 1333 3475 nuntio
1372 3409 1537 3501 perculsus
1568 3443 1571 3455 .

872 3506 1028 3577 eumdem
1063 3505 1281 3577 amantissime
1302 3503 1458 3575 hortatur
1472 3555 1484 3589 ,
1497 3524 1537 3576 ut

872 3629 949 3678 suae
966 3606 1061 3677 saluti
1078 3604 1193 3676 melius
1213 3605 1247 3673 in
1267 3623 1435 3699 posterum
1450 3629 1539 3674 con-w

872 3707 982 3776 sulat.
998 3710 1045 3773 II.
1066 3705 1146 3798 381.
1173 3701 1386 3775 Ludovicum
1409 3703 1537 3801 Zugni-

873 3828 952 3902 gam
984 3803 1177 3874 accersitum
1210 3802 1438 3874 amantissimis
1461 3827 1540 3873 ver·

877 3905 928 3974 bis
953 3905 1161 3974 consolatur.
1178 3907 1224 3972 II.
1248 3903 1327 3996 381.
1355 3903 1539 4000 Legatione

872 4004 1019 4073 aPaulo
1049 4011 1147 4075 Pont.
1174 4021 1309 4100 accepta
1337 4001 1538 4073 Placentiam

873 4103 1089 4173 Ecclesiastici
1105 4103 1181 4189 juris
1196 4125 1259 4173 esse
1276 4119 1386 4198 negat.
1403 4101 1539 4193 II.382.

873 4200 1117 4273 conditionem
1138 4199 1202 4273 fert
1216 4249 1227 4281 ‚
1239 4200 1262 4270 si
1275 4208 1391 4271 Parma
1411 4219 1444 4270 et
1459 4202 1538 4271 Pla·

872 4301 980 4372 centia
1016 4299 1137 4374 ditioni
1178 4299 1418 4371 Mediolanensi
1446 4298 1537 4371 resti-

872 4418 1040 4484 tuantur,
1070 4424 1101 4471 se
1129 4399 1276 4470 Octavio
1304 4397 1453 4471 Famesio
1474 4399 1536 4470 ab·

872 4497 962 4568 unde
981 4497 1249 4569 satisfacturum.
1274 4503 1320 4568 II.
1353 4501 1431 4591 384.
1460 4500 1541 4590 Jam'

871 4597 931 4669 diu
973 4597 1016 4667 ad
1057 4600 1208 4697 Belgium
1250 4601 1536 4695 Germaniamque

871 4719 1122 4794 commoratur.
1155 4701 1206 4768 ΠΣ
1236 4700 1315 4792 38ς.
1360 4699 1532 4771 Andream

869 4797 1013 4869 Doriam
1048 4801 1238 4896 Dragutcm
1258 4799 1408 4892 insequi,
1427 4818 1460 4869 et
1489 4796 1531 4867 de

870 4894 984 4970 medio
1002 4897 1116 4972 tollere
1134 4897 1226 4991 jubet
1239 4945 1248 4966 .
1261 4904 1307 4972 II.
1327 4900 1406 4995 386.
1428 4902 1530 4990 Joan-

1187 5008 1213 5069 P
1451 5019 1529 5070 nem
