4102 5864
648 408 896 538 cauom
937 393 990 537 u.
1034 455 1151 536 utu.
1193 457 1335 539 xxv.
1596 413 1681 567 323

245 653 546 760 quascumque
582 615 738 748 injuste
775 650 1096 756 occupaverat,
1133 612 1435 717 ecclesiasticas
1484 656 1528 722 et
1565 625 1716 764 profa-

242 802 358 884 nas,
391 761 772 905 quemadmodum
809 803 835 862 a
872 762 1039 865 Carolo
1075 760 1350 862 aestimatum
1389 800 1433 865 et
1467 768 1713 895 judicatum

237 901 427 1028 fuisset,
469 906 736 1008 restitueret.
775 908 922 1008 Multa
959 908 1076 1008 enim
1119 906 1400 1009 ecclesiastica
1437 906 1553 1011 bona
1611 952 1710 1021 tum

234 1048 356 1171 hic,
389 1087 484 1152 tum
521 1060 720 1190 Joannes
755 1063 861 1153 Dux
898 1052 1108 1155 Saxoniae
1146 1092 1222 1194 per
1259 1052 1463 1185 injuriam
1514 1098 1706 1200 occupa·

229 1231 433 1316 verant,
470 1236 582 1338 quae
619 1238 673 1298 ne
711 1200 887 1299 reddere
924 1232 1215 1342 cogerentur,
1250 1197 1399 1298 divina
1435 1236 1480 1299 et
1514 1199 1705 1307 humana

230 1340 581 1480 permiscentes,
620 1341 912 1444 Lutheranam
947 1343 1224 1485 impietatem
1274 1341 1488 1465 alebant,
1523 1382 1567 1446 et
1616 1387 1702 1489 pu-
1777 1415 1781 1424 ·

230 1482 380 1587 blicae
415 1484 766 1589 Christianorum
816 1526 860 1588 et
894 1489 1210 1591 Ecclesiasticae
1247 1487 1390 1628 quieti
1440 1523 1483 1589 et
1519 1529 1705 1595 concor-

226 1626 333 1728 diae
368 1632 643 1771 pertinaciter
678 1630 975 1736 obsistcbant.
1015 1634 1199 1735 Carolus
1236 1630 1323 1732 hoc
1360 1667 1530 1736 tantum
1567 1637 1702 1775 polli-

223 1771 350 1873 citus
387 1813 449 1876 est
466 1853 482 1896 ,
519 1798 679 1878 se'nec
723 1777 771 1878 in
807 1776 1063 1919 Philippum
1113 1776 1356 1921 capitaliter
1406 1779 1702 1884 amimadvet-

222 1957 422 2039 surum,
459 1961 540 2021 nec
576 1962 679 2024 eum
715 1959 921 2066 perpetua
956 1921 1157 2024 custodia
1192 1919 1524 2024 cohibiturum.

308 2074 433 2164 XIX.
511 2067 596 2166 His
647 2066 775 2170 dictis
812 2102 855 2171 et
891 2066 1077 2209 acceptis
1128 2064 1494 2186 conditionibus,
1528 2066 1699 2210 Philip-

220 2245 317 2348 pus
353 2208 517 2310 Halam
568 2212 789 2355 oppidum
839 2213 1049 2315 Saxoniae
1097 2213 1154 2313 ad
1189 2211 1401 2313 Carolum
1451 2212 1576 2311 venit
1604 2247 1626 2331 ,·
1656 2249 1700 2314 et

223 2355 291 2451 ad
329 2356 459 2492 pedes
495 2364 585 2489 ejus
630 2378 735 2460 cum
786 2366 1008 2489 majestate
1057 2354 1272 2470 sedentis,
1308 2352 1495 2497 genibus
1548 2353 1699 2476 llexis,

224 2493 511 2620 obvolutus,
545 2537 783 2645 apertoque
818 2503 994 2644 capite,
1030 2541 1121 2601 non
1159 2537 1235 2639 pet
1272 2538 1316 2598 se
1334 2575 1348 2618 ,
1368 2501 1442 2598 sed
1479 2538 1556 2639 pet
1591 2501 1698 2600 scri-

224 2638 340 2742 bam
377 2683 536 2765 suum,
574 2685 698 2749 more
734 2647 1034 2764 Germanic0‚
1072 2646 1118 2743 in
1167 2643 1279 2743 hanc
1332 2645 1590 2743 sententiam
1635 2678 1698 2743 est

216 2785 450 2890 locutus:
494 2790 587 2911 „Si
623 2831 722 2893 mea
771 2789 819 2893 in
875 2825 918 2891 te
954 2786 1188 2891 commissa
1237 2786 1466 2927 spectanda
1521 2783 1693 2906 forent,

221 2941 521 3075 „Imperator
556 2934 876 3056 invictissime,
913 2935 992 3077 qui
1030 2973 1122 3034 non
1174 2930 1318 3037 solum
1367 2930 1507 3070 impia
1560 2929 1608 3029 in
1654 2963 1696 3030 te

225 3081 403 3197 „arma
439 3080 580 3222 cepi,
613 3084 687 3183 sed
723 3082 886 3182 multos
922 3079 1057 3181 ctiam
1092 3076 1200 3176 alios
1236 3074 1284 3175 in
1319 3072 1448 3206 hujus
1503 3072 1697 3174 criminis

210 3221 553 3342 „societatem
580 3261 629 3325 ut
664 3225 948 3344 asciscerem,
983 3220 1150 3324 cunctis
1202 3217 1447 3319 rationibus
1497 3216 1697 3320 elabora-

232 3365 327 3486 „vi
370 3368 557 3488 ,nullus
607 3407 698 3471 erat
731 3447 746 3489 ,
780 3365 921 3469 fatcor
955 3445 971 3488 ,
1007 3366 1080 3466 cui
1131 3362 1340 3464 causatius
1402 3400 1693 3476 succenseres,

233 3551 417 3634 „nemo
433 3592 448 3635 ,
494 3516 544 3617 in
581 3553 715 3656 quem
751 3513 903 3647 justius
938 3549 1073 3654 quam
1109 3509 1157 3609 in
1193 3548 1264 3609 me
1300 3505 1568 3607 iracundiam
1622 3544 1697 3605 ex·

206 3731 260 3776 2,
281 3694 478 3777 erceres,
514 3667 636 3791 cujus
674 3699 745 3759 me
796 3658 950 3797 culpae
1000 3688 1133 3796 atque
1177 3651 1326 3752 delicti
1376 3650 1510 3750 etiarn
1560 3684 1695 3789 atque

224 3876 260 3920 „
277 3801 413 3901 etiam
450 3804 676 3946 poenitet.
713 3802 887 3945 Dignus
924 3800 1057 3943 igitur
1109 3795 1237 3896 omni
1270 3795 1436 3896 mulcta
1471 3827 1515 3893 et
1549 3793 1695 3893 anim-

204 3945 534 4063 „adversione
586 3986 658 4046 me
706 3984 890 4086 meaque
945 3941 1097 4045 omnia
1161 3940 1209 4041 in
1257 3976 1377 4040 tuam
1434 3973 1695 4081 potestatem

204 4164 254 4209 „
280 4091 525 4228 permitto.
576 4092 673 4193 Erit
717 4128 867 4192 tamen
916 4086 1205 4190 humanitatis
1254 4119 1393 4203 tuae,
1430 4119 1473 4182 et
1524 4079 1695 4221 magnis

229 4234 559 4352 „documentis
594 4274 843 4380 perspectae
888 4232 1055 4335 cunctis
1104 4230 1360 4333 hominibus
1410 4225 1695 4343 clementiae,

225 4382 454 4497 „veniam
511 4383 614 4484 dare
664 4382 771 4485 meis
809 4377 993 4501 erratis,
1027 4415 1072 4479 et
1107 4414 1273 4517 magno
1311 4411 1414 4474 meo
1466 4365 1613 4469 dolori
1647 4406 1697 4466 ac

227 4526 578 4661 „poenitentiae
624 4563 792 4672 partem
842 4524 1038 4665 aliquam
1089 4522 1278 4662 culpae,
1312 4511 1696 4660 quemadmodum

231 4674 372 4798 „jam
409 4706 452 4772 te
490 4714 572 4815 pto
609 4710 685 4774 tua
722 4668 929 4811 singulari
964 4665 1240 4810 benignitate
1276 4658 1492 4765 facturum
1544 4692 1695 4757 osten-

224 4886 256 4932 „
275 4811 420 4938 disti,
461 4819 712 4919 condonare
747 4880 763 4938 ,
801 4853 852 4921 ut
899 4814 1027 4917 liccat
1076 4809 1191 4916 mihi
1241 4845 1317 4912 tua
1364 4805 1588 4910 voluntate
1638 4795 1698 4956 sic

1149 4967 1246 5058 Ssa
1548 5018 1579 5063 „
1595 4977 1702 5040 mets
