4110 5888
474 351 601 423 LVIII.
933 337 1437 415 SUMMARIUM.

513 473 733 563 XXXVIII.
794 467 1060 556 caduceatore
1088 490 1167 550 ran·
1274 466 1406 550 XLIII.
1467 467 1560 551 Hoc
1586 466 1764 583 cognito,
1781 468 1925 557 Britan·

456 595 546 681 dem
593 595 642 681 de
690 590 850 706 pacein
887 612 1005 671 castra
1036 584 1168 688 misso,
1212 612 1283 667 nus
1312 584 1365 668 ira
1396 583 1636 670 exardescens
1666 613 1755 671 cum
1793 589 1928 676 Gallo·

454 713 547 798 arcis
582 709 725 799 deditio
759 708 865 793 certis
892 704 1170 791 conditionibus
1214 731 1299 787 rum
1327 707 1433 819 Rege
1470 726 1510 787 et
1539 702 1736 791 Clemente
1773 708 1927 796 Pontifi-

454 832 666 934 convenit,
689 829 754 914 sed
786 824 997 909 Caesariani
1039 821 1170 907 milites
1213 848 1255 905 ce
1294 820 1333 905 in
1370 821 1499 905 Caroli
1537 821 1679 908 malum
1711 826 1929 940 conspira13

455 950 495 1036 in
531 978 656 1035 arcem
690 948 928 1059 irrumpunt,
968 967 1007 1028 et
1034 964 1171 1028 cuncta
1213 938 1279 1024 sed
1309 939 1384 1025 hoc
1411 938 1461 1026 ad
1492 942 1661 1026 Insubres
1679 945 1760 1047 ,ad
1793 947 1928 1034 urbem

456 1068 633 1182 diripiunt
655 1064 811 1151 ducibus
840 1060 1082 1168 invitissimis.
1214 1060 1406 1164 Romam,
1433 1056 1484 1143 ad
1516 1059 1718 1174 Neapolim
1760 1061 1928 1174 victore,

515 1187 699 1271 XXXIX.
759 1178 920 1266 Carolus
948 1182 1087 1265 Caesar
1115 1206 1172 1263 ca·
1215 1175 1285 1261 alia
1320 1177 1381 1263 via
1419 1175 1629 1264 molestiam
1653 1203 1694 1264 et
1727 1185 1929 1297 negotium

457 1302 587 1422 privosv
614 1306 748 1390 omnes
785 1297 961 1405 liberari,
986 1321 1025 1383 et
1063 1321 1173 1413 pacta
1215 1294 1281 1409 ipsi
1314 1292 1489 1382 facessere
1530 1296 1714 1382 decernit.
1762 1301 1928 1388 Catheri-

455 1425 594 1513 servari
608 1422 737 1534 jubet.
764 1416 932 1506 Bullonis
959 1421 1072 1519 Dux,
1090 1414 1173 1499 Vil·
1215 1442 1305 1497 nam
1333 1415 1462 1529 itaque
1492 1443 1648 1500 uxorem
1681 1417 1809 1503 Caroli
1845 1451 1924 1507 ma·

455 1540 549 1629 liaris
578 1545 721 1628 Comes
757 1599 769 1642 ,
818 1535 950 1622 Nellae
995 1533 1172 1620 Marchio
1215 1555 1390 1620 terteram
1421 1529 1512 1616 falsa
1542 1532 1643 1619 illata
1677 1563 1788 1620 causa
1815 1567 1927 1657 repu-
2007 1549 2010 1556 ’

456 1661 693 1748 Gandavum
724 1655 917 1742 custodiae
946 1681 1059 1738 causa
1085 1654 1169 1738 mit·
1217 1649 1322 1755 diat,
1351 1675 1391 1737 et
1421 1649 1584 1735 Mariam
1622 1649 1734 1739 filiam
1765 1659 1929 1762 notham

455 1801 610 1864 runttrr.
663 1774 878 1867 HesdInum
927 1772 1049 1888 ipsum
1089 1770 1184 1858 solo
1217 1795 1294 1854 esse
1341 1768 1544 1884 praeconio
1587 1772 1821 1885 pronuntiari
1870 1777 1928 1888 ju·

298 1908 301 1914 ’
454 1921 658 2012 aequatur.
1215 1884 1302 1972 bet.
1335 1886 1496 2004 Repudii
1522 1915 1634 1974 causa
1665 1893 1812 1978 Rornae
1845 1923 1868 1977 a
1896 1896 1925 1980 i·

516 2019 598 2103 XL.
661 2013 847 2102 Eduardo
875 2015 991 2097 Sexto
1025 2009 1171 2097 Britan·
1215 2028 1349 2116 tatur,
1375 2030 1414 2092 et
1462 2005 1604 2090 Carolo
1643 2008 1828 2125 Reginam
1867 1926 1927 2100 Io-

455 2131 538 2218 niae
571 2131 668 2250 Regi
696 2132 820 2220 Maria
858 2129 1057 2235 succedit,
1088 2158 1170 2244 quo
1217 2151 1332 2213 vente
1358 2148 1492 2215 contra
1514 2123 1723 2217 Henricum
1756 2158 1925 2248 pronun-

453 2251 591 2339 nuntio
614 2250 772 2338 Carolus
808 2249 920 2337 valde
964 2246 1168 2334 delectamus
1216 2242 1350 2332 tiatur.

454 2368 685 2454 animumin
714 2369 873 2482 Philippi
904 2365 967 2450 lilii
1003 2388 1043 2451 et
1081 2368 1169 2449 Ma·
1279 2364 1418 2451 XLIV.
1478 2367 1548 2449 Per
1577 2363 1626 2451 idv
1646 2389 1794 2482 tempus
1808 2369 1928 2481 Joan·

455 2486 530 2572 riae
572 2485 883 2590 matrimonium,
912 2511 1056 2599 perque
1091 2483 1169 2597 ejus
1216 2507 1283 2567 nes
1313 2480 1497 2569 Genesius
1529 2482 1738 2599 Sepulveda
1778 2490 1927 2577 Romae

456 2605 692 2693 occasionem
734 2605 773 2690 in
813 2603 1080 2689 Britannorum
1117 2604 1168 2691 ad
1218 2598 1400 2716 degens,
1428 2600 1552 2687 libello
1584 2607 1630 2685 de
1664 2609 1743 2688 ritu
1774 2617 1929 2716 nuptia-

455 2723 651 2811 sanitatem
690 2747 730 2810 et
773 2723 900 2809 Pidem
930 2720 1168 2807 Catholicam
1216 2743 1300 2802 rum
1326 2736 1364 2805 et
1394 2724 1666 2830 dispensatione
1692 2721 1827 2832 edito,
1850 2728 1928 2812 Re-

454 2843 617 2929 teditum
644 2841 823 2928 intendit.
870 2844 1016 2925 Earum
1042 2868 1167 2927 rerum
1216 2836 1326 2970 ginae
1355 2868 1505 2926 causam
1555 2840 1806 2955 amplectitur.
1850 2849 1925 2932 De-

455 2989 602 3046 summa
627 2960 735 3048 altius
766 2961 816 3047 ab
848 2983 1003 3048 auctore
1030 2957 1082 3045 ita
1110 2987 1167 3046 re·
1214 2957 1304 3040 inde
1350 2957 1446 3044 libro
1492 2957 1609 3044 altero
1651 2959 1702 3044 ad
1745 2962 1925 3058 eumdem

454 3080 613 3196 petitur.
1215 3074 1352 3184 miss0,
1387 3078 1437 3163 ab
1476 3076 1668 3193 impietate
1708 3101 1747 3165 et
1787 3079 1925 3170 incon-

514 3201 617 3284 XLI.
675 3199 834 3287 Carolus
862 3197 1076 3286 adolescens
1105 3230 1165 3286 so·
1215 3196 1349 3283 stantia
1377 3197 1616 3284 dehortante.

453 3314 625 3403 cieratem
649 3346 737 3403 cum
766 3320 934 3405 Henrico
967 3319 1164 3404 Britanno·
1276 3316 1398 3402 XLV.
1457 3315 1521 3402 lIle
1549 3316 1646 3404 odio¹
1686 3339 1725 3402 et
1756 3318 1808 3404 ira
1837 3347 1921 3408 cae·

453 3461 538 3519 rum
567 3440 673 3552 Rege
716 3438 893 3526 adversus
933 3436 1166 3524 Franciscum
1214 3460 1279 3518 cus
1310 3466 1348 3520 sc
1379 3434 1418 3518 in
1442 3465 1512 3520 suo
1536 3440 1673 3554 Regno
1701 3436 1924 3527 Pontificem

455 3552 599 3639 Galliae
619 3559 764 3672 Regem
794 3557 903 3661 init,
933 3554 1076 3669 sibique
1103 3583 1164 3638 re·
1214 3551 1430 3640 Maximum
1467 3582 1544 3638 esse
1596 3555 1789 3660 declarat;
1823 3558 1924 3645 vitoe

453 3670 541 3784 cipit
571 3673 734 3757 Mariam
765 3675 842 3785 ejus
873 3672 986 3758 filiam
1022 3697 1166 3788 septem
1215 3671 1382 3784 optimos
1418 3693 1460 3755 et
1496 3670 1711 3788 religiosos,
1735 3697 1850 3789 atque
1883 3676 1925 3763 iit

452 3816 641 3876 annorum
686 3793 849 3905 puellam
897 3819 1056 3878 uxorem
1101 3791 1164 3877 ali-
1214 3816 1349 3875 eorum·
1393 3816 1555 3875 numero
1582 3790 1798 3877 Roffensem
1836 3795 1925 3910 Epi·

450 3911 617 4022 quando.
641 3910 860 3998 ducturum.
1214 3936 1372 4022 scopum
1389 3968 1401 4012 ,
1420 3932 1459 3992 et
1471 3907 1664 3994 Thomam
1687 3911 1848 3995 Morum
1874 3913 1925 4000 de

509 4030 625 4112 XLII.
684 4035 728 4113 In
768 4027 991 4212 Ipispauiam
1041 4034 1167 4115 rever
1213 4027 1342 4114 medio
1371 4024 1496 4127 tollit3
1523 4026 1678 4113 demum
1704 4026 1793 4113 Divi
1817 4031 1925 4118 Tho·

450 4170 539 4249 sus,
570 4146 786 4234 civitatibus
818 4175 887 4261 per
934 4144 1077 4262 legatos
1122 4172 1163 4233 et
1213 4172 1298 4228 mae
1356 4143 1630 4231 Canniariensis
1689 4147 1926 4239 mausoleum

448 4262 665 4350 Proceribus
697 4266 918 4370 orantibus,
956 4289 1002 4349 ut
1030 4293 1162 4381 quam·
1214 4261 1438 4367 demolitur,
1463 4286 1502 4347 et
1533 4264 1698 4383 corporis
1724 4265 1802 4378 ejus.
1842 4268 1923 4357 tell·

446 4378 608 4491 primtun
635 4386 840 4497 posteritati
872 4381 1067 4488 cumulat,
1094 4388 1160 4467 Isa-
1211 4380 1318 4495 quias
1349 4380 1538 4470 incendit.

446 4497 583 4584 bellam
633 4505 849 4588 Emanuelis
907 4500 1160 4615 Portugalliae
1270 4503 1407 4586 XLVI.
1467 4506 1622 4587 Annam
1653 4499 1839 4586 Bolenam
1882 4532 1923 4588 a·

443 4618 556 4734 Regis
585 4616 755 4708 liliamin
777 4617 1058 4710 matrimoniun
1090 4621 1162 4733 duj
1212 4615 1359 4702 dulterii
1401 4616 1648 4708 insimulatam
1692 4620 1812 4735 capite
1851 4620 1922 4735 ple·

444 4733 514 4820 cit.
1157 4848 1159 4851 Ι
1211 4733 1322 4841 etit,
1352 4766 1442 4857 quo
1465 4765 1570 4839 auno
1599 4737 1801 4827 Carherina
1840 4770 1923 4858 non

1875 4886 1921 4950 al·
