3998 5850
529 412 766 498 CAROLI
817 415 870 497 V.
913 414 1029 493 LIB·
1070 419 1238 499 xxvss.
1468 426 1555 514 435

130 572 275 676 bertus
310 567 517 672 certiores
553 606 657 670 cum
690 563 888 689 fecisset,
925 572 1143 710 pedestres
1181 573 1381 714 copiae,
1399 574 1485 681 nisi
1513 581 1595 682 sti-

128 717 295 859 pendio
332 718 530 818 duorum
565 714 829 832 mensium,
869 714 995 854 quod
1030 714 1135 855 ipsis
1175 718 1457 843 debebatur,
1492 709 1594 865 per-

128 862 318 982 soluto,
356 900 400 962 se
435 861 556 963 dicto
593 859 816 962 audientes
851 854 950 960 fore
986 896 1295 1003 negaveruntr
1330 873 1450 999 cujus
1487 907 1593 973 mo-

128 1039 199 1107 tus
258 1047 310 1109 ac
372 1005 618 1111 secessionis
677 1002 906 1107 Aumalius
965 1004 1118 1106 Guisiiv
1168 1005 1381 1148 Principis
1432 1000 1593 1136 frater,

128 1151 208 1289 qui
254 1152 346 1253 duo
384 1152 612 1254 Gallorum
661 1148 864 1290 equitum
915 1147 1054 1249 millia
1098 1149 1343 1272 ductabat,
1387 1190 1470 1254 nec
1504 1155 1598 1289 ‘ab-¹

127 1330 217 1394 erat
253 1294 424 1439 longe,
462 1289 601 1396 factus
637 1331 716 1435 per
768 1291 1057 1433 exploratores
1094 1293 1254 1395 certior
1272 1291 1476 1414 ,Alberti
1513 1335 1591 1401 ca-

126 1438 222 1539 stris
260 1442 451 1542 duorum
488 1438 681 1540 millium
731 1438 873 1571 modo
910 1434 1140 1559 intervallo
1174 1438 1328 1539 relicto
1364 1479 1465 1541 suos
1506 1446 1590 1544 ad-

125 1583 299 1702 movit,
318 1619 369 1685 ut
404 1581 577 1684 animos
612 1576 945 1684 contumacibus
981 1578 1185 1694 adderet,
1206 1614 1249 1682 et
1288 1616 1369 1723 per
1393 1584 1591 1687 occultos

121 1724 416 1830 internuntios
453 1728 668 1848 eosdem,
703 1761 755 1826 ut
806 1723 856 1826 in
900 1718 1053 1825 officio
1095 1762 1140 1826 et
1185 1721 1272 1826 fide
1311 1724 1449 1868 Regis
1484 1765 1594 1872 per«,

123 1903 312 1992 starent,
332 1870 538 2013 praemiis
573 1904 617 1969 et
651 1867 857 2010 pollicitis
893 1864 1227 1968 adhortaretur.
1331 1899 1338 1905 ’
1486 1923 1490 1931 ·

193 2024 345 2116 XLIII.
421 2011 661 2131 Albertus,
692 2008 878 2153 cognito
915 2009 1148 2145 Gallorum
1170 2003 1388 2135 consilio,
1410 2047 1470 2117 ne
1493 2003 1594 2161 spa-5

120 2153 237 2260 tlum
271 2156 489 2262 novandis
525 2153 652 2258 rebus
686 2155 984 2295 relinqueret,
1003 2153 1152 2258 statim
1188 2190 1291 2258 curn
1325 2159 1424 2260 solo
1462 2148 1592 2303 εςυίέ

120 2339 216 2404 tatu
250 2301 299 2420 in
335 2300 482 2420 Gallos
517 2336 671 2406 movet
708 2335 720 2411 3
756 2296 998 2439 ceterisque
1043 2295 1251 2442 subsequi
1291 2298 1444 2436 jussis,
1481 2298 1590 2410 tum

118 2447 248 2548 tertia
289 2442 430 2549 ferme
464 2483 589 2589 parte
624 2447 717 2588 ipse
751 2442 1038 2564 antecedens,
1060 2472 1180 2579 tanta
1215 2437 1264 2545 vi
1305 2443 1352 2547 in
1389 2477 1465 2546 eos
1499 2442 1590 2551 imss

117 2627 275 2731 petum
308 2584 450 2710 fecit,
488 2628 537 2692 ut
574 2588 722 2732 primo
769 2623 1002 2732 congressu
1057 2578 1262 2690 firnderet
1299 2583 1351 2689 in
1402 2584 1587 2734 fugam«

119 2773 208 2875 que
244 2769 432 2837 verteret
457 2773 472 2843 3
508 2773 599 2877 qua
635 2733 684 2834 in
718 2727 827 2875 fuga
869 2724 1048 2833 ducenti
1084 2730 1271 2874 amplius
1314 2724 1431 2833 Galli
1467 2734 1585 2837 desi-

118 2877 256 2980 derati
269 2955 285 2999 ,
319 2878 462 3019 plures
497 2874 653 3018 capti,
693 2911 738 2977 et
770 2876 864 2976 *dux
898 2873 1029 3019 ipse,
1066 2874 1203 2976 tribus
1250 2866 1438 3016 acceptis
1479 2879 1584 2979 vul-

118 3021 297 3124 neribus
353 3061 446 3123 non
489 3018 736 3141 letalibus,
779 3015 906 3120 vivus
959 3018 1007 3119 in
1050 3013 1205 3120 manus
1256 3031 1583 3127 Germanorum

116 3162 290 3268 Alberti
324 3204 378 3267 ue
414 3163 655 3307 pervenit3
690 3201 815 3307 capta
852 3195 1071 3306 praeterea
1106 3162 1199 3264 duo
1242 3156 1367 3306 signa
1408 3159 1581 3267 milita·
1686 3213 1689 3219 ·

117 3308 180 3410 ria
200 3385 215 3429 ,
235 3205 398 3450 quibus
434 3312 491 3410 ad
525 3307 753 3412 Albanum
787 3307 1061 3451 praemissis,
1089 3342 1133 3408 et
1167 3300 1383 3445 militibus
1420 3305 1478 3408 ad
1510 3298 1581 3409 ob

113 3450 271 3553 ficium
316 3451 535 3573 reversis,
575 3491 787 3596 novoque
810 3485 1099 3554 sacramento
1135 3447 1330 3570 adactis,
1368 3449 1577 3592 Albertus

113 3593 164 3699 in
204 3633 340 3719 castra
381 3598 577 3702 Caesaris
619 3600 757 3741 copiis
801 3596 1007 3714 omnibus
1053 3590 1310 3697 contendit.
1366 3594 1578 3698 Venienti
1676 3673 1678 3675 >

109 3737 309 3844 'Albanus
345 3740 547 3885 equitum
589 3741 682 3845 duo
729 3739 867 3844 millia
912 3769 1130 3844 trecentos
1173 3729 1355 3842 obviam
1407 3740 1576 3881 praesi-

114 3882 282 4024 dioque
318 3884 537 4028 proficisci
571 3884 736 4020 jubet3
776 3919 993 4029 praeterea
1030 3885 1295 4030 quingentos
1337 3913 1476 4024 equos
1518 3885 1575 3986 ad
1680 3930 1684 3935 ¹

112 4064 361 4148 tormenta,
380 4065 492 4274 eptae
515 4068 703 4135 numero
741 4065 859 4134 erant
897 4025 1221 4175 quinquaginta
1257 4063 1453 4171 septem,
1473 4062 1575 4129 ton·

111 4170 314 4274 vehenda
350 4212 396 4274 su
430 4174 597 4280 mittit.
649 4189 802 4319 Itaque
845 4176 1026 4280 nemine
1070 4175 1152 4278 iter
1187 4201 1431 4313 remorante
1466 4250 1482 4292 ,
1523 4171 1575 4272 in

112 4316 248 4419 Meris
285 4355 570 4462 conspectum
606 4321 850 4465 pervenit,
893 4356 936 4424 et
969 4346 1082 4422 trans
1127 4318 1362 4456 Mosellam
1405 4312 1573 4455 flumen

112 4461 354 4597 consedit,
392 4501 443 4567 ut
491 4463 628 4567 hostis
676 4464 874 4604 undique
915 4454 1113 4565 subsidio
1157 4493 1202 4565 et
1249 4454 1570 4575 commeatibus

112 4602 465 4746 prohiberetur,
506 4647 613 4713 nam
657 4643 815 4711 ceteras
856 4638 998 4753 partes
1041 4607 1185 4741 nostri
1217 4601 1385 4748 partitis
1430 4602 1571 4746 copiis

112 4746 396 4856 obsederant.
451 4747 466 4756 ⁴
1010 4788 1012 4792 ’

987 4892 1042 5000 Iii
1062 4928 1094 4996 ι’.
1470 4895 1573 4993 Mad
