4170 5866
544 392 629 501 164
920 396 1007 478 DE
1048 393 1247 475 REBUS
1286 389 1517 474 GESTIS

508 597 562 657 ex
597 547 860 653 Montisone
896 589 999 650 cum
1036 548 1309 650 nobilium
1294 546 1504 678 Juvenum
1555 542 1769 650 comitatu
1821 548 1973 691 profc-

512 737 640 818 ctus,
679 696 998 835 Perpinianum
1023 693 1183 809 venit3
1220 727 1351 831 atque
1387 691 1435 791 id
1471 692 1690 831 oppidum
1744 697 1969 857 maxime,

518 843 639 983 quod
675 843 898 972 ajoanne
928 843 1113 996 Acugna
1149 833 1340 973 regionis
1378 843 1467 965 ejus
1504 835 1739 934 militare
1729 839 1972 978 imperium

519 982 747 1085 obtinente
797 1019 901 1079 cum
952 1017 1096 1117 paucas
1147 975 1398 1075 custodibus
1448 975 1677 1077 tenebatur
1711 978 1969 1120 ,operibus

520 1125 808 1227 muniendum
844 1123 1045 1240 cutavit,
1066 1155 1215 1220 noctes
1251 1119 1428 1255 diesque
1463 1119 1643 1219 militati
1679 1056 1824 1222 labore
1860 1163 1971 1223 con-

491 1267 731 1385 tinuam,
768 1298 987 1404 auctoque
1037 1262 1249 1403 praesidio
1302 1259 1527 1381 firmavit,
1562 1298 1606 1362 et
1654 1263 1702 1362 in
1744 1267 1971 1371 castellum
2026 1302 2031 1310 '

440 1513 454 1526 ,
522 1409 892 1526 munitissimum,
916 1407 1038 1546 quod
1073 1406 1127 1506 ad
1163 1401 1338 1504 Salsulas
1374 1443 1399 1501 a
1433 1441 1614 1505 tentum
1649 1405 1973 1510 militibuscu·-

524 1548 824 1668 stodiebatut,
861 1548 1060 1649 trecentis
1095 1580 1313 1689 praetcrea
1348 1545 1396 1644 in
1439 1548 1641 1689 praesidii
1689 1551 1970 1690 supplemen-

525 1730 623 1793 tum
660 1686 920 1831 proficisci
907 1690 1064 1822 jussis,
1096 1702 1266 1790 Eunam
1302 1728 1484 1830 quoque
1521 1726 1820 1793 sexcentorum
1857 1694 1969 1794 mili·

525 1870 619 1936 tum
657 1833 870 1975 praesidio
912 1871 1014 1932 com
1055 1827 1271 1971 praefecto
1307 1835 1537 1934 Ludovico
1574 1845 1708 1932 Icarte
1746 1834 1964 1935 firmavit.

525 1989 687 2078 Interea
721 2009 936 2075 tormenta
971 2013 1131 2116 magna
1166 1975 1402 2075 duodecim
1437 2013 1481 2077 ct
1515 1974 1684 2077 minora
1714 1978 1969 2116 quindecim

527 2164 578 2222 ex
614 2120 849 2220 Barcinone
893 2116 1178 2227 naviculis
1167 2153 1360 2257 itemque
1412 2160 1463 2218 ex
1499 2118 1668 2218 Malaca
1716 2118 1969 2220 triremibus

519 2263 670 2404 ‹pulvis
713 2260 1048 2373 tormentarius,
1086 2254 1296 2399 ferreique
1344 2261 1501 2402 globi,
1537 2258 1711 2381 hastae,
1747 2262 1971 2402 scloppeta

529 2441 695 2564 magno
747 2441 967 2521 numero,
1003 2437 1046 2500 et
1097 2436 1274 2515 cetera,
1311 2443 1424 2542 quae
1474 2405 1700 2505 tormentis
1749 2445 1798 2504 ac
1852 2404 1971 2506 bello

529 2585 627 2645 usur
657 2582 794 2665 sunt,
829 2588 854 2645 a
888 2544 1154 2645 Bernardino
1189 2547 1467 2648 Mendoza
1455 2587 1503 2646 m
1538 2555 1721 2647 Portum
1758 2547 1940 2650 Venetis
1954 2624 1970 2666 ,

528 2725 578 2788 ut
628 2685 827 2788 fuerat
816 2724 1112 2850 imperatum,
1146 2691 1358 2809 advecta,
1395 2726 1439 2791 et
1487 2690 1722 2790 duodecim
1758 2731 1784 2789 a
1819 2691 1971 2831 Perpi

527 2831 661 2932 niano
698 2829 886 2931 millibus
922 2830 1157 2973 exposita3
1194 2831 1370 2932 horum
1388 2835 1479 2933 duo
1515 2842 1682 2962 majora
1717 2868 1760 2931 et
1796 2834 1972 2933 minora

384 3002 385 3005 ‘
528 2973 728 3113 quinque
762 2986 969 3092 E,unam
1003 3011 1143 3074 cetera
1177 2976 1487 3115 Perpinianum
1524 2975 1699 3093 delata,
1735 3014 1828 3114 quo
1865 2986 1973 3074 Ber-

528 3116 759 3216 nardinus
769 3157 821 3216 ex
856 3116 1038 3216 nauticis
1072 3153 1288 3217 trecentos
1324 3157 1410 3219 una
1445 3118 1605 3218 milites
1636 3154 1859 3219 veteranos
1896 3119 1974 3216 de··

528 3255 660 3357 lectos
689 3258 1001 3422 scloppetarios
1042 3260 1194 3366 misitr
1227 3270 1406 3401 jamque
1458 3261 1720 3401 praesidium
1770 3261 1825 3359 ad
1862 3300 1975 3400 qua·

525 3432 629 3500 tuor
663 3401 827 3502 circiter
860 3437 1128 3501 armatorum
1164 3402 1300 3501 millia
1339 3440 1625 3544 pervenerat,
1660 3439 1851 3563 quorum
1886 3414 1976 3502 Ca-

528 3543 691 3641 stellani
725 3579 848 3643 erant
884 3548 1079 3679 Joannes
1114 3551 1332 3686 Acugna,
1369 3548 1449 3686 qui
1484 3547 1567 3646 toti
1602 3543 1814 3686 praesidio
1862 3584 1978 3686 pro-

528 3685 876 3826 pugnationique
910 3721 1099 3826 praeerat
1134 3726 1235 3786 cum
1271 3688 1443 3787 duobus
1479 3688 1579 3787 filiis
1607 3692 1782 3823 Joanne
1817 3722 1862 3785 et
1892 3695 1977 3825 Ja

527 3824 683 3945 eobo,
719 3864 762 3925 et
797 3867 893 3964 pars
942 3824 1032 3928 fere
1081 3865 1269 3969 quarta,
1307 3831 1437 3930 ceteri
1486 3831 1715 3949 Catalani,
1752 3831 1980 3970 perpaucis

525 3968 877 4109 Aragonensibus
912 3970 1241 4111 Valentinisque
1278 3973 1533 4112 permixtis.
1590 3983 1725 4072 Erant
1759 4008 1983 4112 praeterea

525 4149 577 4208 ex
614 4112 917 4251 oppidanis
879 4113 1051 4214 crrcitcr
1101 4116 1308 4233 trecenti,
1346 4116 1425 4255 qui
1475 4153 1594 4214 arma
1630 4152 1674 4213 et
1709 4109 1813 4215 ferre
1869 4154 1982 4254 pos-

522 4292 657 4374 sent,
690 4293 732 4356 ct
766 4252 1062 4384 juberentur,
1096 4257 1243 4355 multis
1278 4295 1397 4356 cmm
1434 4293 1613 4397 propter
1647 4255 1976 4395 suspicionem,

521 4399 645 4530 quod
680 4397 805 4514 rcb'us
859 4398 1034 4497 Gallicis
1086 4401 1257 4499 studere
1307 4397 1620 4537 putabantur,
1656 4400 1830 4547 ademta
1883 4395 1974 4499 fue·

517 4572 649 4655 rant,
684 4539 897 4677 equitatus
938 4541 985 4639 in
1024 4541 1277 4700 praesidio
1274 4542 1413 4639 nullus
1451 4576 1568 4646 erat.

583 4691 660 4778 XI
734 4678 836 4780 His
864 4678 993 4783 rebus
1053 4681 1343 4801 constitutis,
1379 4694 1483 4810 Dux
1519 4683 1712 4783 Albanus
1745 4690 1972 4820 Joanuem

1842 4835 1968 4925 Acu-
