4102 5864
361 528 366 533 ³
506 425 757 511 canora
794 429 847 512 v.
889 432 1182 514 rttsuxxv.
1442 445 1529 538 317

112 582 178 684 illi
215 580 415 724 gnaviter
451 622 501 683 ac
539 582 771 722 diligenter
814 583 1150 704 administrant,
1186 619 1228 686 et
1262 591 1366 688 Dur'r
1400 585 1492 730 ipse
1528 591 1570 694 i-

111 728 309 826 doneum
345 725 496 825 locum
533 764 685 866 capere
720 727 979 845 contendit,
1002 728 1196 830 Albanus
1232 735 1460 872 pugnandi
1496 777 1569 837 oc-

108 871 335 969 casionem
372 865 488 967 baud
523 871 879 1008 praetereundam
914 906 1061 989 ratus,
1099 873 1309 974 Carolum
1324 951 1337 996 ,
1365 877 1445 1016 qui
1478 890 1570 1012 jam

91 1013 289 1131 aderat,
324 1011 554 1112 certiorem
587 1004 730 1132 facit,
765 1053 808 1112 se
844 1013 1201 1154 Mauriciumque
1238 1057 1288 1114 ea
1324 1054 1445 1155 parte
1481 1021 1568 1122 ho-

98 1167 223 1254 stem
273 1155 510 1260 invaderes
546 1155 733 1293 proinde
787 1154 1085 1296 cataphractos
1136 1159 1227 1296 ipse
1279 1159 1564 1286 immitteret,

97 1334 160 1399 ut
196 1298 453 1398 conterritus
489 1295 625 1398 hostis
652 1297 863 1399 omnibus
899 1340 951 1398 ex
988 1297 1178 1440 partibus
1215 1338 1462 1442 urgeretur.
1506 1318 1571 1410 Ita

93 1481 204 1543 uno
241 1477 440 1582 tempore
476 1441 624 1542 cuncti
666 1481 833 1583 magno
869 1443 1022 1542 animo
1074 1481 1320 1583 magnaque
1372 1446 1569 1551 alacrita-

45 1591 154 1687 ’τε
189 1661 205 1704 ,
240 1585 316 1684 alii
363 1594 564 1718 Imperium
598 1661 613 1704 ,
649 1621 700 1685 ut
750 1624 846 1685 mos
900 1623 962 1686 est
996 1661 1010 1703 ,
1053 1585 1171 1705 alii,
1209 1625 1402 1726 quorum
1451 1589 1569 1694 fuere

93 1729 345 1870 Hungati,
383 1726 553 1867 quibus
580 1766 740 1827 nomen
776 1728 952 1867 Imperii
990 1764 1170 1867 propter
1207 1765 1370 1829 veteres
1416 1734 1570 1836 simul*

97 1905 219 1972 rates
268 1910 360 1970 non
411 1881 482 1969 est·
524 1869 586 1970 ira
636 1872 880 2003 jucundum
919 1871 1199 2008 ,Hispaniam
1251 1873 1534 1978 inclamantes
1548 1917 1569 1999 ,·

78 2049 398 2157 procurrunt.
450 2024 614 2112 Hostes
649 2049 900 2113 nostrorum
938 2015 1136 2153 primum
1187 2013 1406 2154 impetum
1457 2015 1570 2122 ferte

79 2194 412 2299 nequeuntes,
448 2197 491 2255 se
526 2150 656 2295 fugae
707 2158 999 2275 mandarunt,
1042 2155 1123 2295 qui
1160 2196 1322 2297 magna
1359 2202 1411 2260 ex
1446 2199 1567 2301 parte

94 2342 136 2401 a
173 2301 333 2400 nostris
368 2292 543 2400 luerunt
574 2301 627 2399 in
661 2294 767 2442 fuga
802 2298 871 2399 vel
907 2298 1110 2417 concisi,
1147 2299 1217 2398 vel
1252 2301 1369 2442 capti
1397 2381 1412 2422 ,
1445 2343 1575 2442 prae-f

95 2446 261 2545 settim
297 2444 353 2544 ab
389 2443 484 2560 eis,
519 2442 598 2583 qui
634 2442 771 2542 levius
802 2447 926 2542 'erant
960 2440 1146 2542 armati.
1203 2443 1268 2542 Hi
1305 2446 1424 2544 enim
1460 2449 1571 2550 ultra

90 2625 315 2730 passuum
351 2589 504 2685 decem
541 2585 677 2684 millia
711 2579 926 2728 fitgientes
977 2619 1075 2684 sunt
1110 2583 1327 2686 imecuti.
1387 2597 1451 2688 Ex
1487 2631 1573 2692 noa

78 2732 198 2834 stris
226 2728 550 2870 quinquaginta
586 2726 751 2828 circiter
786 2725 1033 2868 perierunt.
1072 2728 1258 2828 Carolus
1295 2727 1414 2870 ipse,
1435 2771 1571 2871 quem

81 2883 206 2977 :Rex
254 2869 382 2973 frater
431 2869 769 2990 comitabatur,
804 2871 861 2970 ad
913 2908 1118 3011 passuum
1173 2871 1310 2970 millia
1368 2875 1572 3016 quinque

76 3014 324 3157 ffirgientes
355 3016 625 3135 insectatus,
657 3015 704 3114 in
738 3013 930 3115 nemoris
981 3049 1151 3154 ptat0,
1186 3050 1237 3115 ut
1288 3032 1387 3115 suos
1443 3019 1573 3122 colli-·
1622 3123 1624 3126 Α

99 3193 537 3304 geter,const1ttt.
1397 3246 1400 3253 .

186 3313 281 3403 XII.
370 3312 474 3401 Huc
526 3298 721 3403 Ducibus
774 3343 826 3403 ac
876 3298 1126 3442 proceribus
1162 3299 1573 3425 convenientibus,

76 3453 306 3584 joannes
340 3444 564 3546 Fedeticus
600 3456 703 3544 Dux
738 3445 946 3546 Saxoniae
993 3482 1142 3584 captus
1178 3485 1263 3547 esse
1317 3446 1570 3552 nuntiatur.
1631 3460 1634 3465 “

69 3602 218 3708 Quo
250 3588 411 3687 nuntio
447 3587 681 3687 delectatus
717 3589 928 3707 Carolus,
967 3587 1135 3728 quippe
1172 3627 1221 3686 ea
1257 3588 1427 3686 tatione
1478 3586 1572 3689 bel-2

59 3731 202 3832 lum
236 3725 485 3830 confectum
520 3769 606 3828 esse
642 3729 949 3871 intelligebat,
986 3770 1089 3831 eum
1124 3731 1180 3829 ad
1215 3770 1257 3827 se
1313 3730 1471 3830 deduci
1505 3738 1574 3865 ju·

76 3871 209 3976 bet.
263 3875 344 3973 Sed
379 3872 594 4014 quoniam
631 3875 818 4014 primam
853 3873 1030 3974 laudem
1066 3872 1184 4010 capti
1218 3874 1353 3973 Ducis
1389 3873 1473 3973 sibi
1508 3877 1574 3975 di-

72 4014 224 4118 versi
261 4016 482 4153 Hispani,
520 4016 656 4116 Italici
690 4093 705 4135 ,
739 4051 780 4119 et
815 4015 1019 4157 Hungati
1069 4011 1394 4136 vindicabant,
1429 4056 1574 4156 nequa
1693 4050 1698 4056 “

79 4158 272 4261 seditio
338 4198 388 4256 ex
440 4159 728 4259 contentione
782 4158 1000 4278 oriretur,
1039 4171 1211 4261 Ducem
1249 4158 1472 4258 Albanum
1518 4199 1574 4259 eo

88 4338 343 4446 properare
395 4300 568 4432 jubet,
606 4302 712 4442 qui,
747 4301 917 4434 judicio
952 4301 1272 4402 controversiae
1320 4303 1377 4401 ad
1427 4302 1574 4441 ipsum
1653 4341 1659 4356 ·'

98 4445 319 4545 Carolum
357 4455 556 4577 rejecto,
593 4444 716 4543 illum
755 4485 807 4543 ex
844 4446 1046 4583 equitum
1094 4441 1295 4543 manibus
1346 4482 1573 4583 ereptum,

96 4588 169 4687 ad
220 4629 262 4687 se
279 4682 282 4689 ,
297 4590 556 4692 deduceret.
592 4582 795 4723 'Joanncs
831 4587 967 4729 igitur
1002 4587 1227 4686 Fedeticu's
1263 4596 1368 4687 Dux
1419 4589 1577 4689 lorica-

90 4764 214 4850 tus,
254 4767 296 4831 et
330 4733 507 4874 insuper
542 4729 827 4851 thoracatus,
862 4766 927 4864 ut
949 4766 1084 4850 erat,
1119 4747 1326 4872 equoque
1361 4730 1576 4848 invectus,

434 4915 439 4919 ’
1536 4908 1581 4975 ct
