4102 5864
494 439 576 530 340
869 421 955 504 un
993 419 1191 502 nunus
1229 414 1448 500 cussis

459 582 751 691 admonitum
799 619 963 681 cuma
1011 586 1189 715 Joanne
1224 583 1473 677 Guevara
1459 611 1549 705 jam
1592 608 1814 672 venenum
1862 609 1919 670 ex

461 727 720 828 Mediolano
757 757 1052 865 praeparatum
1089 754 1132 818 et
1165 720 1393 819 advectum
1430 753 1561 816 esset:
1600 712 1855 833 Desinite,
1842 752 1917 812 rn-

468 872 595 1008 quit,
619 894 771 1037 'uosque
809 904 939 1000 meque
968 865 1169 997 fatigando
1202 864 1359 996 frustra
1408 871 1464 959 uit
1466 868 1515 975 ἐς
1561 899 1623 993 ego
1675 867 1775 957 cuim
1823 866 1916 956 uiro

462 1019 716 1145 principi
655 1014 750 1110 nihil
781 1011 1005 1141 indignius,
1032 1009 1126 1105 nibil
1160 1014 1306 1162 turpius
1336 1043 1413 1101 esse
1445 1028 1567 1100 statuo
1594 1078 1609 1117 ‚
1641 1034 1754 1134 quum
1789 1039 1918 1100 uene-

469 1194 515 1250 no
541 1185 737 1286 pugnares
773 1181 811 1247 er
842 1180 998 1247 mortem
1035 1156 1146 1244 etiam
1175 1149 1318 1302 justum
1350 1146 1626 1244 dissimulanter
1638 1174 1781 1275 perque
1788 1141 1921 1269 frau

471 1299 554 1431 deu
589 1293 764 1421 inserte,
796 1295 992 1389 sceleris
978 1318 1099 1388 ututur
1145 1319 1182 1385 et
1189 1290 1348 1421 pusilli
1383 1293 1495 1385 animi
1533 1322 1613 1382 esse
1650 1315 1795 1417 semper
1851 1321 1922 1380 te-

468 1428 624 1566 putaui.

545 1583 638 1673 XL.
712 1583 817 1673 Hoc
853 1611 1034 1713 quoque
1069 1608 1184 1672 anno
1221 1574 1277 1671 ad
1311 1568 1464 1671 urbem
1488 1565 1729 1708 Neapolim
1765 1568 1925 1666 adver·

329 1843 332 1851 ¹
411 1830 413 1837 ἵ
475 1746 542 1815 sus
577 1724 754 1814 Petrum
788 1716 1032 1833 Toletum,
1067 1714 1148 1854 qui
1184 1752 1264 1853 pro
1300 1713 1460 1814 Carolo
1495 1723 1675 1810 Caesare
1700 1722 1928 1850 Regnum

474 1853 763 1996 procurabat,
795 1793 1046 1955 tumultuari
1081 1891 1289 1993 coeptum
1326 1889 1413 1953 est
1454 1852 1778 1953 Tumultuandi
1817 1890 1930 1949 cau-

477 1992 638 2097 saluit
674 2036 811 2097 novae
848 1982 953 2137 legis
990 1999 1044 2094 de
1081 1996 1216 2095 causis
1251 1994 1563 2094 haereticorum
1599 1994 1809 2131 Hispano
1838 1993 1932 2090 ritu

478 2141 794 2278 cognoscendis
831 2137 1154 2301 promulgatio
1200 2137 1381 2237 Carolus
1416 2137 1536 2238 enim
1570 2134 1934 2234 animadvertens

481 2315 578 2378 rum
618 2282 700 2380 alia
742 2280 966 2398 crimina,
1007 2315 1104 2377 tum
1142 2321 1191 2378 ea
1226 2278 1274 2377 in
1310 2278 1503 2418 primis,
1548 2275 1704 2416 quibus
1751 2277 1934 2414 pietas,

481 2455 701 2521 contemta
737 2422 1004 2561 Religione,
1040 2420 1285 2519 violatur
1238 2421 1534 2560 ,tmpunitate
1568 2458 1783 2536 crescere,
1810 2458 1937 2519 seve-

479 2563 594 2661 riore
630 2601 771 2703 poena
808 2598 851 2661 et
887 2595 1006 2661 metu
1041 2563 1259 2683 coerceri,
1290 2563 1617 2699 providendum
1652 2560 1844 2668 statuit·,
1882 2574 1936 2659 ut

359 2716 360 2719 ‘
481 2702 558 2803 illo
596 2744 776 2842 quoque
820 2704 867 2802 in
871 2714 1066 2864 “Regno
1112 2723 1190 2802 suo
1227 2639 1329 2803 liuic
1371 2703 1502 2843 quasi
1537 2701 1744 2805 morbo
1732 2740 1784 2802 rn
1839 2703 1937 2802 dies

481 2844 607 2945 latius
643 2847 829 2985 serpenti
869 2844 921 2944 iis
957 2842 1247 2945 rationibus
1236 2882 1367 2946 rretur
1407 2842 1590 2945 obviam
1623 2921 1637 2963 ‚
1676 2883 1794 2984 quae
1840 2844 1939 2943 Hi-

483 2987 657 3122 spaniae
693 2988 941 3125 periculosis
985 2986 1252 3125 temporibus
1296 2989 1421 3088 saluti
1455 2983 1658 3089 fuissent.
1709 2985 1938 3085 Audierat

485 3128 634 3246 enirn,
671 3131 726 3227 ad
764 3169 831 3227 eas
866 3131 1062 3270 regiones
1099 3131 1259 3231 multos
1296 3171 1347 3229 ex
1382 3128 1608 3230 nobilitate
1644 3127 1941 3267 potissimum

484 3265 622 3406 impia
658 3271 849 3408 quadam
896 3272 1068 3370 licentia
1103 3307 1146 3371 et
1179 3271 1427 3411 arrogantia
1461 3272 1516 3370 de
1559 3269 1802 3408 Religione
1840 3309 1943 3370 non

483 3406 597 3508 bene
633 3412 817 3530 sentire,
853 3449 932 3511 nec
970 3414 1068 3511 satis
1104 3454 1156 3512 ex
1190 3413 1513 3513 Christiana
1472 3447 1631 3553 pretate
1665 3412 1839 3548 loqui,
1880 3414 1944 3513 ad

483 3549 818 3657 Ethnicotum
807 3556 1077 3690 impietatem
1113 3555 1424 3673 deflectentes,
1437 3557 1590 3715 Ηςυοά
1630 3548 1802 3652 faciunt
1839 3592 1943 3655 arn·

483 3689 643 3791 bitiosa
680 3696 928 3833 quadam
917 3697 1187 3835 rmpietate,
1223 3732 1273 3796 ut
1322 3697 1470 3796 ceteris
1519 3693 1840 3836 ingeniosiores
1899 3731 1945 3796 et

395 3965 402 3973 ἡ
480 3830 699 3934 liberiores
735 3876 822 3934 esse
848 3835 1115 3950 videantur,
1151 3838 1186 3934 si
1222 3837 1464 3937 humanum
1500 3867 1671 3938 sensum
1705 3875 1756 3932 ae
1797 3838 1944 3935 intel-

480 3972 691 4092 lectum,
729 4015 862 4114 quem
912 3978 1006 4116 lege
1056 3976 1302 4078 Divinam
1344 3978 1597 4079 servitutem
1638 3977 1907 4115 redigere
1893 4020 1944 4079 tn

480 4053 744 4256 obsequiim
780 4115 944 4215 Christi
978 4115 1210 4247 jubemur,
1246 4121 1428 4219 oraculis
1464 4121 1666 4236 Divinis,
1704 4158 1822 4257 quae
1849 4117 1942 4220 fue

480 4294 609 4376 runt,
645 4294 694 4358 ut
729 4258 956 4357 Paulus
920 4293 981 4357 art
1003 4259 1380 4398 ‚sequentibus
1350 4261 1478 4402 signis
1496 4336 1512 4383 ,
1533 4263 1578 4362 id
1616 4297 1704 4379 est,
1739 4261 1941 4362 miracu-

478 4397 531 4493 lis
593 4398 801 4519 firmata,
847 4396 1129 4540 praeferant,
1167 4406 1291 4542 quod
1342 4440 1403 4503 est
1436 4405 1626 4545 unpium
1661 4438 1795 4542 atque
1853 4444 1940 4505 ne·

476 4531 659 4637 sarium.

545 4688 658 4783 XLI
739 4683 788 4781 Id
823 4718 925 4784 cum
961 4718 1065 4789 esset
1115 4684 1163 4787 in
1224 4685 1390 4825 vulgus·
1431 4686 1642 4804 editum,
1678 4685 1826 4825 legem
1883 4691 1938 4788 ad

1850 4862 1937 4932 no*
