4034 5858
541 428 623 532 528
918 438 1003 517 DE
1046 438 1244 519 REBUS
1282 435 1502 520 GESTIS

489 598 762 705 inclinantes
796 591 908 697 facie
943 596 1152 716 liberali,
1188 597 1271 696 nisi
1306 597 1431 736 quod
1466 626 1666 695 mentum
1703 591 1952 734 prominens

491 780 535 841 et
570 779 724 879 parum
768 738 1045 841 cohaerentia
1093 737 1213 838 labra
1259 735 1461 838 nonnihil
1498 776 1596 836 eam
1631 736 1934 878 deturpabant.

486 887 629 1019 Quod
664 922 768 986 vero
806 884 995 1023 pertinet
1049 883 1106 981 ad
1158 919 1332 998 mores,
1368 880 1587 980 animosus
1623 917 1754 1001 erat,
1791 886 1942 1026 etqui

382 1052 383 1055 ‘
489 1028 681 1172 pericula
717 1027 764 1126 in
799 1023 940 1144 bello,
962 1026 1056 1165 plus
1091 1063 1226 1163 quam
1262 1021 1508 1163 Principem
1544 1032 1943 1167 Imperatoremque

490 1177 696 1289 deceret,
735 1169 953 1268 interdum
990 1203 1143 1307 sponte
1178 1164 1377 1265 subiret:
1417 1166 1643 1303 equitandi
1677 1202 1721 1266 et
1757 1168 1945 1296 jaculan-

489 1318 539 1416 di
571 1351 617 1413 et
654 1312 859 1411 militaria
900 1347 1080 1410 munera
1118 1307 1359 1411 meditandi
1401 1308 1641 1408 studiosus.
1694 1309 1812 1410 Bella
1855 1352 1943 1413 non

490 1458 575 1560 nisi
609 1457 725 1588 justis
761 1495 813 1553 ex
848 1454 984 1554 causis
1034 1452 1295 1592 suscipere,
1332 1450 1404 1549 sed
1441 1488 1516 1590 per
1553 1490 1627 1572 se,
1665 1450 1843 1590 quoties
1896 1456 1943 1554 li-

491 1603 618 1718 cuit,
652 1636 789 1736 quam
826 1607 900 1736 per
937 1598 1063 1696 duces
1100 1596 1195 1736 geri
1231 1593 1359 1692 malle
1380 1602 1403 1700 '3
1447 1591 1556 1732 quin
1593 1593 1725 1694 etiam
1765 1633 1939 1697 munera

491 1743 707 1884 quaedam
743 1733 965 1878 praefectis
1001 1733 1261 1837 militaribus
1297 1734 1543 1833 mandanda
1579 1775 1705 1875 saepe
1741 1736 1835 1875 ipse
1871 1778 1939 1879 per

491 1926 535 1984 se
571 1880 752 1983 obibat.
801 1882 923 1982 Idem
958 1878 1070 1980 bella
1106 1880 1323 2018 quaedam
1357 1877 1565 1977 alacriore
1601 1879 1757 1978 animo
1795 1883 1932 2012 junior

491 2025 707 2166 suscepit,
749 2061 883 2162 quam
919 2016 1050 2120 fuerit
1086 2014 1411 2122 difficultatibus
1455 2020 1758 2122 exsistentibus
1810 2061 1937 2163 perse-

491 2207 643 2270 cutus.
682 2173 805 2265 Nam
840 2166 1162 2305 ingravescente
1197 2197 1367 2281 aetate,
1402 2160 1600 2282 bellum,
1629 2202 1722 2303 quo
1762 2173 1936 2267 Germa-

491 2353 571 2410 nos
606 2308 913 2409 tumultuantes
949 2305 1159 2444 pacavit,
1206 2305 1354 2405 multis
1409 2305 1669 2445 magnisque
1704 2303 1937 2408 difficulta-

495 2450 610 2552 tibus
669 2486 712 2548 et
759 2448 1073 2548 calamitatibus
1124 2447 1387 2547 alienissimo
1439 2448 1545 2547 anni
1586 2483 1786 2590 tempore
1819 2491 1939 2590 supe⁴

360 2696 363 2703 ,
492 2595 590 2694 ratis
627 2668 643 2710 ,
675 2591 1014 2692 constantissime
1048 2583 1319 2731 feliciterque
1354 2589 1510 2730 gessit.
1559 2600 1698 2720 Cujus
1732 2629 1937 2692 successus

488 2734 703 2837 memoria
739 2769 783 2833 et
819 2773 894 2872 spe
930 2729 1254 2852 confirmatus,
1300 2731 1446 2872 paucis
1495 2768 1598 2872 post
1650 2735 1774 2834 annis
1818 2732 1931 2833 bello

489 2880 703 2996 Gallico,
743 2876 987 2976 saevissima
1021 2871 1166 2973 hieme
1200 2952 1215 2994 ,
1252 2914 1355 2974 cum
1391 2881 1576 3013 magnus
1612 2878 1825 2976 exercitus
1862 2874 1936 2976 sub

491 3021 674 3158 pellibus
710 3020 910 3137 Metim,
949 3018 1073 3157 quod
1109 3018 1327 3156 oppidum
1363 3015 1565 3157 operibus
1601 3019 1936 3119 munitissimum

493 3161 742 3262 firmissimo
781 3161 990 3299 praesidio
1028 3152 1367 3278 defendebatur,
1398 3160 1765 3287 circumsederet‚
1803 3158 1931 3261 obsti·

493 3338 624 3402 nante
660 3300 892 3402 obsidione
927 3341 1080 3444 urgere
1115 3300 1451 3440 perseveravit,
1487 3304 1638 3402 amicis
1692 3339 1739 3402 et
1776 3298 1933 3444 praefe-

490 3447 567 3544 ctis
602 3446 923 3585 nequidquam=
957 3442 1323 3563 reclamantibus,
1366 3443 1428 3542 ita
1477 3481 1528 3544 ut
1563 3445 1805 3548 hominum
1841 3446 1932 3545 mil-

492 3588 551 3687 lia
586 3587 756 3688 circiter
800 3587 981 3728 triginta
1016 3584 1183 3685 morbis
1230 3621 1272 3684 et
1306 3583 1542 3725 frigoribus
1598 3588 1825 3706 amiserit,
1859 3629 1933 3707 ne,

494 3731 616 3870 quod
653 3730 829 3829 tandem
864 3725 1002 3828 facere
1040 3766 1211 3828 coactus
1249 3765 1311 3827 est
1344 3807 1359 3848 ,
1394 3767 1439 3828 re
1475 3724 1633 3830 infecta
1675 3730 1930 3830 discederet.

564 3880 714 3971 XXV.
787 3872 912 3971 Circa
947 3872 1223 4011 trigesimum
1258 3870 1406 3971 aetatis
1459 3911 1622 3975 annum
1660 3872 1824 3973 morbo
1874 3912 1932 3972 ar·

494 4011 662 4113 ticulari
698 4014 852 4112 tentati
886 4015 1059 4153 coepit.
1104 4013 1191 4111 Die
1228 4015 1357 4112 semel
1399 4016 1623 4114 dumtaxat
1659 4015 1933 4117 accumbebat

495 4154 540 4254 in
577 4152 792 4294 publico,
828 4152 1065 4293 cibumque
1100 4155 1230 4294 paulo
1267 4157 1597 4256 immoderatius
1632 4157 1857 4277 sumebat,
1872 4156 1933 4253 id·

495 4337 584 4434 que
617 4297 735 4396 circa
785 4297 1012 4396 meridiem
1050 4332 1093 4394 et
1128 4297 1173 4394 in
1221 4298 1322 4396 loco
1372 4297 1601 4437 publico,
1638 4303 1936 4441 Hispanorum

490 4448 665 4578 Regum
701 4439 843 4576 patrio
879 4479 1037 4558 more,
1074 4440 1220 4538 multis
1257 4479 1350 4540 non
1386 4441 1527 4540 solum
1563 4443 1933 4560 domesticorum,

496 4583 570 4676 sed
607 4581 847 4679 alienorum
901 4584 1031 4682 etiam
1068 4579 1337 4683 astantibus.
1396 4592 1546 4681 Nemo
1597 4588 1724 4685 enim
1760 4665 1774 4706 ‚
1810 4589 1937 4687 modo

494 4760 588 4822 non
622 4721 862 4862 indignus,
884 4764 936 4825 eo
973 4726 1070 4824 loco
1107 4723 1445 4842 excludebatur,
1466 4726 1607 4826 donec
1644 4730 1802 4831 dentes
1838 4732 1940 4831 circa

1842 4907 1941 4972 aeta·
