4192 5858
474 339 559 447 278
867 343 954 425 nt
990 342 1192 424 nunus
1236 339 1468 424 Gusrrs

427 503 633 605 exercitus
688 501 921 604 adventare
974 500 1137 602 Carolo
1191 500 1489 600 nuntiaretur.
1545 511 1696 643 Itaque
1750 503 1907 612 relicto

428 645 639 788 Albano,
675 658 910 788 jussoque,
959 682 1010 743 ut
1048 647 1102 744 de
1139 645 1429 744 tumultuatio
1468 649 1704 752 certamine
1755 655 1901 796 deque

427 788 625 892 hostium
665 832 895 935 progressu
931 786 1089 890 crebris
1136 788 1299 890 nunriis
1336 830 1379 889 se
1416 792 1650 894 certiorem
1702 791 1894 921 faceret,

399 937 482 1035 ‚ad
520 936 765 1040 citeriorem
801 938 988 1054 locum,
1027 933 1109 1076 qui
1143 935 1288 1034 castris
1325 934 1542 1059 idoneus,
1580 939 1647 1040 uti
1683 943 1901 1070 diximus,

425 1078 543 1179 visus
580 1077 755 1202 fuerat,
791 1080 997 1199 revertit,
1037 1077 1144 1213 (hic
1181 1079 1300 1179 enim
1339 1079 1537 1222 primum
1572 1093 1747 1227 agmen*
1785 1124 1898 1190 cete·

424 1263 498 1325 ros
535 1225 766 1328 intervallo
817 1223 1125 1366 subsequentes
1163 1262 1350 1366 spectare
1403 1234 1614 1364 jusserat)
1651 1266 1693 1331 et
1735 1232 1899 1334 instru-

425 1404 514 1469 ctas
552 1374 662 1474 acies
699 1412 842 1514 aequo
895 1371 997 1470 loco
1050 1369 1299 1509 disposuit,
1337 1366 1491 1511 ibique
1546 1371 1661 1475 hosti
1709 1369 1896 1479 faculta-

424 1547 521 1612 tem
572 1518 752 1617 summis
806 1516 947 1657 copiis
1000 1514 1285 1657 depugnandi
1314 1511 1460 1630 ,facete
1514 1518 1778 1629 constituits
1817 1520 1896 1663 qui

424 1653 595 1782 hostis,
619 1664 654 1763 si
689 1664 746 1761 ad
781 1700 884 1762 eum
921 1660 1104 1778 locum,
1125 1659 1225 1760 licet
1262 1659 1344 1760 sibi
1381 1661 1619 1802 iniquum,
1639 1702 1893 1808 progressus

422 1801 549 1943 signa
585 1807 870 1925 contulisset,
903 1842 1126 1946 magnum
1146 1803 1384 1904 discrimen
1422 1807 1632 1909 exercitus
1667 1811 1892 1912 Caesaria-

422 1983 503 2047 nus
543 1990 718 2094 propter
754 1954 821 2053 sui
858 1950 1123 2091 paucitatem
1160 1949 1355 2049 aditurus
1393 1992 1480 2051 esse
1517 1953 1781 2074 videbatut;
1821 1955 1896 2057 sed

421 2090 621 2196 hostium
657 2100 786 2198 duces
822 2132 1052 2235 tantopere
1106 2133 1283 2198 suorum
1318 2095 1593 2197 multitudini
1646 2139 1696 2199 ac
1751 2138 1929 2201 rerum.

422 2241 628 2342 omnium
665 2234 893 2384 apparatui
944 2236 1259 2358 confidebant,
1296 2274 1347 2338 ut
1396 2238 1481 2341 sibi
1534 2243 1591 2341 ad
1646 2241 1760 2344 bene
1809 2283 1934 2385 pu·-

423 2387 653 2523 gnandum
684 2420 931 2528 numquam
962 2418 1136 2523 tempus
1160 2377 1417 2485 defuturum
1454 2426 1539 2486 esse
1573 2385 1914 2491 existimarent:

418 2528 531 2665 quin
566 2530 658 2671 ipse
693 2530 916 2674 Philippus
950 2528 1237 2670 Lantgravius
1289 2528 1416 2629 brevi
1472 2565 1673 2674 tempore
1723 2573 1768 2631 se
1807 2545 1907 2634 Ca-

420 2673 565 2773 tolum
617 2673 688 2775 vel
737 2676 866 2777 omni
918 2673 1153 2777 Germania
1206 2672 1490 2812 depulsurum
1538 2751 1554 2794 ,
1612 2677 1683 2777 vel
1737 2678 1896 2781 vivum

417 2853 704 2961 mortuumve
739 2821 788 2921 in
824 2858 945 2920 suam
982 2853 1245 2961 potestatem
1282 2818 1606 2938 redacturum,
1648 2821 1890 2963 magnificis

419 2961 564 3063 verbis
609 2960 824 3103 professus
861 2959 1028 3065 fixerat.
1081 2975 1185 3080 Qua
1222 2958 1383 3061 fiducia
1418 2961 1653 3065 Luthetani
1691 2967 1882 3108 popula-

419 3145 486 3207 res
524 3108 648 3247 quasi
684 3110 739 3210 ad
756 3140 758 3146 ·
775 3109 1045 3250 exploratam
1081 3105 1316 3206 victoriam
1352 3107 1613 3249 agminatim
1649 3110 1698 3209 in
1753 3148 1887 3212 castra
1994 3138 2004 3243 t

419 3250 674 3374 confluere,
710 3288 754 3352 et
790 3253 984 3355 civitates
1020 3251 1138 3354 bello
1173 3250 1407 3353 necessaria
1443 3249 1677 3354 liberaliter
1732 3293 1887 3399 sugge·
1983 3260 1994 3371 l

419 3435 514 3498 rete
552 3435 645 3497 non
681 3396 975 3499 desistebant.
1965 3388 1984 3533 ,l

491 3551 633 3643 XVII.
710 3554 828 3644 Cum
877 3541 1033 3643 crebris
1084 3539 1249 3641 nuntiis
1285 3539 1470 3641 Carolus
1525 3555 1713 3643 aDuce
1750 3536 1891 3643 Alba-
1955 3538 1972 3663 l

419 3722 516 3806 n0,
554 3686 665 3826 quid
717 3688 861 3787 hostes
913 3687 1063 3787 moliri
1099 3687 1384 3804 viderentur,
1421 3723 1741 3826 cognosceret,
1785 3687 1891 3787 diu·
1947 3659 1962 3765 l

419 3870 508 3969 que
558 3831 756 3971 ipsorum
809 3833 1051 3933 adventum
1102 3864 1424 3972 exspectasset,
1463 3831 1648 3971 cognito
1709 3833 1890 3930 tandem
1935 3777 1953 3898 l

326 3974 330 3981 ’
419 3975 613 4115 ipsorum
651 3976 697 4077 in
733 4012 870 4077 castra
906 4014 1116 4119 receptu,
1156 3976 1313 4074 ordine
1358 4010 1528 4074 servato
1579 3974 1893 4117 progreditur,
1925 3929 1941 4130 pl

421 4155 464 4221 et
491 4122 650 4257 locum
687 4121 906 4240 alterum,
944 4124 998 4221 de
1035 4160 1127 4263 quo
1183 4119 1407 4237 diximus,
1444 4118 1591 4219 castris
1641 4120 1697 4219 ad
1733 4119 1924 4259 Ingol-q

425 4265 616 4364 stadium
654 4267 992 4367 accomodatum
1029 4265 1184 4407 cepit,
1221 4302 1357 4405 quem
1401 4263 1551 4363 locum
1587 4305 1613 4364 a
1650 4301 1777 4404 tergo
1813 4256 1913 4385 lod

413 4407 628 4548 'golstadii
677 4412 885 4529 moenia,
927 4452 951 4511 a
994 4410 1116 4510 laeva
1152 4407 1381 4509 Danubius
1433 4443 1478 4508 et
1562 4407 1741 4507 aludosa
1795 4401 1904 4526 local

421 4547 675 4652 tutabantur
716 4593 732 4671 3
769 4597 795 4654 a
832 4553 1009 4695 reliquis
1047 4550 1239 4693 partibus
1279 4588 1328 4650 ut
1363 4553 1495 4653 ducta
1531 4446 1644 4653 iussa
1680 4529 1894 4672 commus]

422 4695 566 4818 niret,
603 4735 700 4799 eam
735 4737 889 4800 curam
926 4695 1129 4798 adhibuit
1165 4695 1357 4797 Albanus
1377 4734 1464 4819 ‚ut
1480 4775 1496 4818 ,
1520 4736 1626 4798 cum
1660 4696 1751 4799 dies
1770 4673 1883 4828 illul

1796 4827 1871 5028 xiq
