3998 5850
463 423 712 569 CAROLl
750 481 803 569 V.
852 483 966 563 LIB.
1008 482 1198 561 XXVlII.
1423 479 1509 572 443

88 634 284 745 Senensis
318 640 534 766 ditionis,
555 643 894 746 muniendorum
931 644 1130 742 adversus
1155 647 1402 741 Turturum
1438 640 1549 741 clas

86 824 180 886 sem
209 831 378 929 ,quae
422 830 547 894 oram
590 789 711 890 illam
753 786 1093 951 adnavigabat;
1132 824 1178 883 re
1221 822 1368 887 autem
1411 825 1512 887 vera
1529 864 1546 907 ,

85 930 154 1029 uti
189 973 238 1034 ea
272 973 408 1037 manu
444 950 569 1039 Senas
603 935 781 1035 inducta
817 932 1083 1071 praesidium
1118 930 1425 1031 Caesarianum
1461 972 1545 1032 sex

84 1111 317 1178 centorum
352 1081 685 1225 Hispanorum,
713 1116 806 1219 quo
843 1075 943 1177 urbs
979 1071 1265 1176 obtinebatur
1277 1076 1541 1205 ,ejicerent.

83 1218 166 1315 Sed
207 1217 295 1321 hoc
336 1222 567 1326 consilium
610 1234 865 1322 Francesum
909 1221 1096 1322 Alavam
1132 1220 1334 1360 praesidii
1370 1216 1543 1359 praefe-

83 1393 204 1463 ctum
241 1403 334 1466 non
368 1369 526 1470 latuit.
566 1377 714 1506 Itaque
747 1376 944 1469 Romam
980 1366 1035 1465 ad
1072 1366 1277 1465 eumdem
1314 1362 1541 1498 Jacobum

81 1507 352 1610 Mendozam
371 1511 521 1613 Caroli
554 1510 776 1650 legatum,
801 1544 844 1609 et
880 1509 937 1607 ad
971 1508 1244 1609 fernandum
1265 1517 1540 1675 Gonzagam,

82 1648 163 1786 qui
199 1689 290 1752 erat
330 1655 379 1754 in
422 1653 764 1756 Mediolanensis
809 1652 1081 1793 Principatus
1125 1652 1474 1792 procuratione,
1511 1692 1538 1751 a

82 1827 176 1930 quo
212 1795 304 1936 ipse
346 1789 471 1898 Senas
513 1837 618 1898 cum
654 1797 958 1957 Hispanorum
1001 1797 1215 1938 praesidio
1250 1796 1401 1897 missus
1444 1792 1538 1896 fue

81 1969 177 2053 tat,
221 1936 397 2059 scribit,
435 1976 478 2041 et
514 1943 576 2040 de
604 1977 736 2040 motu
770 1939 1023 2039 Senensium
1080 1975 1124 2039 et
1176 1938 1371 2079 periculo
1405 1942 1538 2045 etiam

79 2116 107 2176 a
142 2080 275 2180 Gallrs
309 2084 513 2184 certiores
549 2080 687 2199 facit,
720 2080 848 2181 ab
813 2120 961 2244 eisque
997 2118 1095 2181 tum
1132 2081 1333 2223 praesidii
1362 2085 1535 2225 supple

80 2258 314 2345 mentum,
350 2260 447 2328 tum
483 2225 751 2392 stipendium
787 2227 964 2365 poscit,
1009 2265 1103 2366 qno
1140 2225 1340 2346 milites,
1367 2228 1447 2367 qui
1483 2269 1536 2327 o

79 2364 254 2469 mnium
297 2408 443 2471 rerum
486 2371 636 2512 inopia
678 2367 982 2489 laborarent,
1009 2368 1315 2469 subleventur
1362 2370 1535 2471 Litteris

79 2514 214 2647 porro
265 2510 428 2646 Jacobi
469 2515 716 2614 Mendozae
779 2550 822 2613 et
867 2446 1078 2612 Ferriandi
1119 2526 1364 2673 Gonzagae
1396 2508 1534 2615 factus

79 2652 251 2758 certior
293 2657 474 2758 Carolus
528 2661 582 2758 ad
633 2668 852 2758 Cosmum
906 2656 1132 2757 Medicem
1182 2654 1534 2760 Florentinorum

78 2805 297 2918 Ducem,
347 2842 476 2903 suurn
531 2801 734 2904 clientem
791 2838 1054 2940 suarumque
1103 2837 1250 2900 rerum
1292 2797 1340 2897 in
1382 2798 1535 2938 primis

22 3020 24 3033 .
78 2874 325 3042 studiosuin
360 2945 553 3065 scribit,
589 2978 841 3088 rogatque,
875 2981 927 3044 ut
962 2956 1145 3045 Senense
1180 2942 1410 3084 negotium
1446 2983 1534 3042 sus

77 3080 284 3223 ciperet,
320 3124 364 3187 et
412 3090 716 3230 Hispanorum
751 3088 1014 3229 praesidio,
1049 3087 1192 3229 siquid
1237 3124 1348 3225 opus
1396 3122 1533 3204 esset,
1586 3116 1587 3119 ‘

77 3264 213 3365 opem
248 3227 361 3331 ferre
396 3272 451 3333 ne
486 3268 773 3396 gravaretur,
800 3235 909 3332 dum
946 3241 1268 3331 Germanorum
1305 3227 1530 3346 auxilium,

77 3375 200 3510 quod
236 3374 411 3476 mittere
446 3377 688 3518 cogitaret,
729 3376 1003 3517 perveniret,
1024 3411 1069 3475 et
1090 3374 1270 3515 reliqua
1304 3368 1407 3471 huic
1442 3369 1532 3472 bel

74 3512 122 3614 lo
158 3520 393 3620 necessaria
428 3520 783 3662 providerentur

162 3670 220 3761 V.
308 3673 440 3764 Hanc
489 3664 640 3766 Caroli
689 3663 965 3804 epistolam,
1007 3659 1110 3802 qui
1140 3699 1217 3801 pet
1264 3657 1311 3758 id
1361 3689 1532 3797 tempus

75 3796 356 3942 Oenspruchi
396 3805 691 3925 morabatur,
733 3805 928 3969 Jacobus
970 3806 1197 3905 Mendoza
1237 3815 1411 3908 Romae
1454 3839 1530 3900 ac-

75 3982 249 4086 ceptam
296 3961 500 4051 Franceso
536 3952 699 4052 Alavae
736 3949 935 4071 remisit,
965 3986 1039 4089 per
1074 3947 1325 4086 litterasque
1353 3942 1530 4042 manda

74 4087 168 4206 vit,
207 4124 257 4189 ut
292 4090 383 4230 ipse
419 4095 477 4195 ad
510 4107 729 4197 Cosmum
765 4021 1009 4232 perferiet,
1046 4129 1089 4192 et
1125 4089 1180 4190 de
1216 4088 1343 4189 rebus
1378 4099 1531 4186 Senen

73 4228 190 4331 sibus
228 4234 455 4339 edoceret.
501 4248 735 4357 Cosmus,
780 4235 961 4396 epistola
997 4235 1223 4375 perlecta,
1261 4268 1305 4332 tt
1348 4267 1441 4368 quo
1483 4227 1539 4355 in

71 4409 184 4475 statu
222 4413 286 4476 res
331 4402 438 4478 esset
474 4382 683 4519 (quod
673 4419 764 4519 rpse
810 4419 902 4480 non
948 4375 1212 4518 ignorabat)
1255 4417 1282 4474 a
1322 4387 1529 4473 Franceso

71 4517 205 4617 etiam
239 4524 451 4642 edoctuS,
477 4524 784 4625 liberaliter
747 4562 789 4622 er
811 4523 1085 4661 respondet,
1106 4557 1148 4620 et
1186 4519 1300 4620 auxil
1303 4518 1397 4616 ium
1434 4513 1532 4656 pol

72 4659 259 4770 licetur,
296 4667 416 4765 scd
406 4704 610 4767 tracum
653 4702 829 4766 suarum
864 4666 956 4805 ipse
993 4701 1139 4764 rerum
1186 4661 1381 4803 periculo
1417 4698 1534 4760 con
1584 4712 1588 4715 >

74 4803 301 4924 suluisset,
331 4812 527 4950 quod
491 4850 552 4912 ets
589 4846 697 4911 esset
741 4853 767 4910 a
803 4816 1054 4910 Turcatum
1090 4809 1264 4932 classe,
1299 4845 1411 4949 quae
1447 4802 1538 4900 cir-

909 4958 1011 5052 Kltk
1033 4995 1057 5052 2
1489 4983 1539 5042 ca
1671 4907 1674 4911 Δ
