3998 5850
509 475 594 583 4:⁷8
904 485 987 564 on
1037 484 1235 564 nauus
1278 482 1501 565 ossrrs

464 650 648 803 ejusque
678 635 820 737 otium
858 675 901 738 et
950 634 1174 804 quietem
1185 678 1277 737 non
1314 639 1358 736 in
1396 678 1593 778 praesens
1630 644 1820 766 solum,
1861 644 1936 748 sed

407 918 408 923 Ν
466 823 601 884 etram
637 786 683 884 in
720 820 944 923 posterum
984 786 1252 946 pertinente:
1269 780 1458 881 hortari
1495 818 1769 929 rogareque,
1787 830 1838 890 ut
1869 786 1929 891 of-

462 927 552 1028 ficii
588 929 653 1026 sui
697 968 913 1027 memores
953 928 1168 1058 justitiam
1216 966 1342 1026 more
1392 937 1613 1058 majorum
1669 933 1934 1076 bonumque

461 1070 692 1214 publicum
728 1071 895 1172 cunctis
933 1071 1214 1190 rationibus,
1253 1107 1303 1169 ut
1339 1069 1526 1167 tales
1484 1111 1602 1172 vrros
1639 1076 1810 1197 decet,
1851 1122 1929 1183 an·

460 1252 704 1378 reponant,
726 1254 768 1316 et
803 1217 1106 1347 jusjurandum
1142 1213 1365 1353 fidemque
1402 1253 1642 1354 praestent,
1682 1261 1820 1382 quam
1854 1232 1928 1352 ju

458 1399 532 1459 stis
572 1359 844 1502 Principibus
882 1398 925 1459 et
970 1355 1255 1522 Reipublicae
1293 1359 1532 1478 dederint,
1572 1399 1673 1461 cum
1713 1366 1761 1465 in
1800 1368 1926 1466 colle

459 1505 587 1645 gium
629 1545 821 1605 summae
863 1503 1131 1603 auctoritatis
1173 1539 1531 1643 cooptarentur,
1580 1516 1703 1638 cujus
1749 1509 1922 1671 collegii

460 1648 593 1770 fidei,
637 1649 928 1766 constantiae,
963 1646 1201 1788 integritati
1237 1684 1371 1786 atque
1407 1648 1663 1786 prudentiae
1700 1685 1795 1752 tota
1830 1656 1921 1753 Bri-

464 1796 613 1893 tannia
651 1835 737 1895 sese
772 1791 1076 1893 commiserit.

532 1949 624 2038 Vll.
698 1935 946 2036 Hisrebus
984 1933 1176 2076 cognitis
1214 1971 1257 2034 et
1295 1931 1635 2055 animadversis,
1673 1938 1918 2042 Northum⁴

458 2077 656 2184 berlanus
710 2121 803 2181 non
849 2079 933 2180 sibi
985 2081 1258 2220 negligenter
1310 2082 1535 2220 agendum
1587 2082 1806 2222 putavit,
1850 2085 1915 2185 scd

457 2229 584 2326 omni
628 2266 714 2379 ope
758 2226 1011 2324 conandum
1042 2298 1056 2385 ’.
1091 2259 1141 2322 ut
1183 2224 1306 2361 quod
1345 2225 1486 2363 gratia
1530 2261 1574 2322 et
1616 2225 1784 2328 artibus
1831 2268 1915 2330 ιιοιι

458 2406 649 2530 posset,
686 2370 733 2466 id
781 2368 827 2465 vi
864 2405 935 2467 et
949 2368 1080 2464 armis
1124 2404 1443 2505 assequeretur.
1496 2378 1642 2502 Hujus
1686 2370 1748 2470 rei
1794 2414 1913 2473 causa

459 2513 772 2673 conquisitores
809 2552 913 2609 cum
948 2508 1133 2672 pecpnia
1170 2512 1226 2608 ad
1263 2510 1532 2650 stipendium
1568 2514 1751 2613 militare
1787 2516 1915 2614 dirm-

457 2693 542 2774 srt,
579 2693 628 2756 ut
663 2648 869 2756 confecto
908 2654 1128 2772 exercitu,
1164 2691 1221 2753 ne
1257 2692 1447 2769 manus,
1484 2691 1533 2753 ut
1568 2696 1831 2820 coeperant,
1853 2659 1908 2757 ad

455 2801 648 2900 Mariam
690 2798 996 2916 convenirent,
1033 2797 1294 2960 impediret.
1333 2798 1758 2939 Conquisitorum
1748 2842 1797 2902 m
1830 2801 1913 2940 pri

454 2945 540 3041 mis
577 2941 658 3044 fuit
701 2943 891 3043 Comitis
935 2941 1297 3058 Hoctinctonis,
1337 2942 1417 3081 qui
1460 2947 1593 3043 Pocai
1629 2946 1769 3045 Ducis
1810 2945 1910 3045 ami

398 3156 402 3163 ·
456 3085 607 3188 citiam
644 3121 687 3183 et
723 3125 862 3227 partes
899 3083 1186 3224 sequebatur,
1222 3018 1379 3182 fraier.
1430 3086 1550 3184 Huic
1586 3087 1907 3188 Northumber·

455 3229 578 3332 lanus
623 3228 726 3329 Dux
770 3269 873 3329 cum
910 3229 1131 3368 stipendio
1175 3227 1407 3369 negotium
1449 3231 1600 3349 dedit,
1639 3266 1689 3330 ut
1725 3263 1905 3371 quatuor

455 3374 647 3474 millium
683 3409 952 3476 armatorum
988 3410 1169 3471 manum
1213 3373 1513 3473 conduceret
1506 3438 1518 3479 ‚
1555 3411 1647 3513 quo
1697 3375 1773 3475 ille
1815 3374 1907 3473 dili-

455 3555 606 3680 genter
605 3515 945 3618 administrato
1003 3518 1269 3615 conductam
1312 3555 1496 3614 manum
1544 3516 1592 3616 in
1627 3556 1770 3617 castra
1814 3527 1907 3616 Ma

454 3702 546 3761 rrae
578 3662 907 3801 auxiliumque,
943 3658 1316 3759 consentientibus
1352 3653 1578 3799 praefectis
1633 3700 1715 3760 nec
1770 3659 1908 3760 invitis

455 3803 705 3926 militibus,
743 3806 969 3923 traduxit,
986 3807 1094 3902 dum
1130 3844 1155 3902 a
1191 3800 1299 3920 fide,
1334 3842 1469 3942 quarn
1505 3838 1693 3938 tyranno
1737 3804 1786 3903 in
1823 3844 1910 3902 ma-

454 3950 598 4047 lum
584 3986 720 4078 justae
755 3949 951 4109 Reginae
987 3949 1189 4066 dederat,
1227 3946 1446 4046 discedere
1482 3945 1593 4046 nihil
1628 3946 1911 4087 turpitudinis

350 4199 353 4205 ,
455 4090 714 4263 liabiturum
751 4092 1032 4189 existimaret.

461 4247 641 4335 VIII.
718 4234 950 4332 Periclem
986 4228 1076 4332 fere
1113 4267 1287 4372 tempus
1321 4230 1489 4375 Regiae
1524 4272 1658 4334 naves
1709 4275 1779 4335 sex
1823 4227 1911 4327 mi

455 4380 529 4477 lite
565 4417 698 4519 atque
735 4376 965 4477 tormentis
1003 4377 1161 4477 bene
1151 4412 1418 4496 instructae,
1464 4379 1621 4476 eodem
1659 4373 1917 4476 Northum-

455 4519 633 4622 berlano
670 4560 872 4640 auctore,
911 4523 985 4621 sed
1021 4520 1209 4622 Consilii
1245 4521 1467 4683 nomine,
1506 4522 1630 4660 quod
1677 4533 1772 4654 ejus
1812 4518 1915 4619 libi

456 4664 560 4763 dini
587 4667 792 4804 temporis
829 4704 954 4764 causa
991 4663 1239 4786 serviebat,
1275 4666 1428 4763 missae
1465 4702 1602 4786 sunt,
1642 4707 1761 4806 quae
1799 4703 1915 4763 mare

396 4918 398 4924 ,
456 4808 656 4952 Belgium
692 4810 907 4950 attingens
944 4809 1241 4930 obsiderent,
1296 4807 1712 4951 prohiberentque,
1754 4808 1916 4952 nequid

1848 4991 1916 5053 m·
