4034 5858
99 515 184 588 que.
208 497 255 563 II.
284 397 514 583 58.deiiam
548 509 762 562 contemnens

99 595 307 686 insequitur.
333 600 379 663 Il.
410 595 464 683 58.
496 594 590 661 Duas
613 594 761 660 Veneto·

99 717 187 774 rum,
209 692 356 761 triremes
399 709 587 787 expugnat.
627 696 673 759 11.
703 696 760 757 60.

860 512 919 558 ner
947 395 1233 588 FemandiBliiesss
1266 494 1522 589 Oenspruchum
1558 524 1560 527 ’

861 587 1050 682 Philippum
1061 591 1279 704 &alutaturus
1308 593 1428 706 uenit.
1477 602 1523 665 II.

867 711 945 780 372.
971 695 1154 757 Passavrum
1178 712 1355 760 convenit.
1376 698 1421 761 ΙΙ.
1439 699 1523 783 426.

98 794 243 862 Classem
272 791 307 860 in
331 792 552 862 Ambracium
576 786 682 857 sinum
706 811 762 857 re·
811 785 967 858 Bavariae
984 789 1068 855 Dux
1086 788 1334 873 (Guilielmus)
1348 793 1527 862 Munichae

861 886 895 955 in
923 886 1081 979 palatium
1125 886 1314 985 Philippum
1362 895 1525 961 Asturum

862 985 1046 1080 Principem
1063 984 1222 1055 deducit.
1248 993 1292 1057 ΙΙ.
1311 1011 1386 1080 373.
1408 994 1526 1085 Augu-

100 890 210 962 ducit.
227 895 273 959 II.
291 894 350 966 62.
373 891 555 962 Castellum
571 899 686 958 Novum
702 911 763 956 ex-

100 1007 251 1086 pugnat.
279 994 325 1057 ΙΙ.
354 985 419 1082 63.
437 986 636 1058 Vehementi
675 1007 762 1056 tem-

101 1108 223 1185 pestate
248 1107 318 1158 non
344 1091 450 1184 'longe
465 1087 521 1199 'ab
554 1086 688 1155 Aulone
715 1086 763 1173 ja-

862 1104 944 1153 stam
979 1082 1021 1153 ad
1049 1085 1241 1156 Concilium
1275 1083 1524 1157 Germanorum

101 1206 237 1270 ctatus,
258 1188 330 1283 plus
358 1188 474 1285 viginti
498 1183 633 1255 navibus
665 1185 763 1254 amis-
863 1185 1037 1254 convenit.
1067 1189 1112 1252 11.
1130 1206 1213 1274 402.

100 1287 172 1368 sis,
198 1285 232 1354 in
255 1288 362 1357 sinum
391 1283 611 1357 Ambracium
639 1282 763 1354 confu-
813 1279 1224 1378 Baxagusoppidum,Pax
1248 1288 1400 1382 Augusta
1421 1290 1541 1374 aRo·v
1616 1336 1625 1348 .

101 1385 169 1483 git.
185 1388 231 1454 II.
249 1390 308 1477 64.
326 1385 478 1484 Argeliae
495 1403 610 1480 regnat
623 1432 634 1466 ,
646 1402 679 1452 et
696 1407 765 1453 ma·

101 1509 137 1555 re
153 1483 320 1556 Ibericum
341 1484 490 1556 infestat.
511 1489 654 1575 II.133.
687 1485 763 1573 Jus-

864 1380 991 1464 manis,
1012 1382 1209 1452 Badaxtaab
1234 1385 1387 1480 Hispanis
1412 1387 1524 1481 appel⁴

864 1481 992 1549 latum.
1017 1485 1063 1548 ΙΙ.
1083 1502 1163 1573 234.

96 1585 339 1679 suSolymani,
354 1604 386 1654 et
410 1581 569 1652 Francisci
585 1580 764 1651 Gallorum
815 1583 1003 1671 Baxaugu'sta
1036 1586 1276 1674 corruptumst
1309 1583 1435 1653 Mauris
1472 1608 1526 1656 uta

101 1682 202 1779 Regis
220 1684 370 1779 precibus
379 1680 560 1776 Hispaniae
574 1704 668 1750 oram
684 1704 763 1749 curn
864 1678 913 1747 bis
936 1679 1025 1748 Pacis
1040 1684 1209 1774 Augustae
1228 1704 1368 1749 nomen.
1395 1688 1423 1751 I.
1445 1706 1475 1774 3.

101 1784 197 1850 classe
213 1780 363 1852 infestat.
393 1784 439 1852 II.
462 1785 541 1848 161.
558 1782 649 1847 Cum
668 1781 764 1848 classe
815 1778 966 1847 Bazanus
993 1779 1189 1863 (Alvarus)
1217 1780 1377 1848 Goletam
1397 1807 1415 1850 a
1443 1780 1527 1852 mari

101 1880 136 1950 in
152 1879 300 1954 Galliam
324 1905 343 1950 a
367 1878 539 1949 Francisco
563 1884 657 1972 Rege
680 1902 762 1945 evo-

102 1997 195 2049 catus
235 1976 434 2049 Tauroentii
469 1996 605 2072 portum
651 1976 763 2070 appel-

102 2078 164 2147 lit.
202 2082 248 2147 II.
286 2077 367 2145 208.
407 2070 641 2145 Villaefrancae
682 2098 763 2168 por-

102 2195 178 2256 tum
211 2174 334 2270 capit,
359 2196 467 2266 eoque
501 2173 633 2242 castello
664 2193 763 2268 capto

103 2293 205 2367 atque
233 2274 363 2369 direpto
387 2275 543 2345 Nicaeam
564 2290 697 2343 movet.
714 2277 761 2344 II.

104 2374 187 2443 208.
211 2379 264 2449 Re
286 2370 406 2445 infecta
436 2370 513 2441 inde
541 2370 706 2454 discedit,
729 2390 763 2440 et

101 2474 350 2545 Tauroentium
410 2469 605 2545 hibernandi
656 2470 762 2568 gratia

19 2659 22 2665 ‚
103 2572 246 2670 migrat.
270 2580 316 2644 ΙΙ.
334 2593 413 2658 209.

54 2671 234 2742 Barbianus
259 2672 495 2761 (Ludovicus)
523 2696 600 2745 cum
641 2672 763 2770 praesi-

103 2771 160 2841 dio
184 2773 317 2866 Papiam
338 2772 490 2843 obtinet.
512 2779 541 2842 Ι.
572 2793 653 2861 247.
697 2773 761 2841 Hi-

101 2892 281 2964 spanorum
298 2870 369 2940 duo
392 2872 493 2940 millia
510 2872 543 2939 in
571 2871 689 2942 Leivae
705 2893 763 2943 ca·

103 2988 169 3038 stra
185 2967 366 3042 incolumes
388 2969 502 3041 ducit.
524 2975 551 3038 I.
570 2973 651 3062 283.

53 3065 230 3141 Barcineus
249 3070 458 3139 Comitatus.
476 3074 504 3139 1.
521 3072 556 3139 6.

55 3166 198 3240 Barcino
214 3168 313 3237 urbs.
339 3173 384 3237 ΙΙ.
411 3169 469 3238 28.

54 3266 308 3338 Barcinonenses
327 3269 510 3351 Consules,
526 3287 559 3337 et
577 3268 702 3361 reliqua
719 3267 762 3336 ci*

100 3365 185 3435 vitas
210 3365 488 3461 appropinquanti
522 3366 674 3463 Philippo
697 3365 762 3436 ob-

92 3463 191 3549 ¹viam
214 3465 419 3561 procedunt.
444 3469 489 3534 II.
510 3488 590 3557 351.

55 3562 218 3639 Barredus
240 3565 392 3635 centurio
414 3562 762 3652 interficitur.1.258.

54 3663 149 3739 Barri
189 3663 479 3761 Archiepiscopus.
520 3678 563 3735 V.
613 3661 763 3733 Merinus

103 3762 316 3848 (Gabriel).

53 3860 297 3934 Barrionuevus
330 3868 344 3946 (
374 3862 576 3940 Antonius)
618 3866 761 3955 Legatus

104 3957 388 4049 Guadalajarensis
414 3961 574 4031 Castellae
605 3956 760 4031 Concilio

104 4057 235 4128 interest
248 4093 271 4127 .«
283 4063 328 4127 II.
346 4083 405 4149 71.

55 4156 196 4229 Basilea.
220 4162 249 4228 Ι.
265 4162 348 4251 467.

55 4256 218 4327 Bavaria.
246 4263 292 4327 ΙΙ.
312 4277 391 4348 273.
409 4275 441 4325 et
459 4279 540 4344 291.

53 4355 211 4428 Bavariae
242 4359 326 4425 Dux
357 4362 372 4440 (
384 4354 566 4435 Albertus)
598 4356 759 4425 Carolum

104 4453 138 4523 in
166 4455 353 4524 ulteriorem
382 4453 528 4524 Galliam
555 4476 760 4551 progressum

103 4571 302 4622 assectatur.
333 4558 360 4621 I.
378 4572 461 4644 437.
483 4554 691 4623 Catholicam
717 4551 761 4622 li-

105 4648 182 4720 dem
199 4668 334 4732 tuetur,
351 4651 407 4721 sed
432 4672 630 4722 cunctanter
658 4670 691 4721 et
715 4649 761 4723 ti-

104 4747 194 4819 mide
220 4749 315 4817 initio
343 4773 406 4819 sese
426 4751 530 4847 gerit.
547 4757 591 4820 II.
611 4774 690 4843 273.
720 4752 762 4818 In'

99 4846 274 4920 consilium
297 4844 490 4921 adhibetur.
517 4855 563 4920 Π.
584 4873 663 4945 320.
688 4850 759 4922 Ge-

865 1874 971 1942 tribus
991 1875 1138 1970 partibus
1159 1874 1303 1945 dirutam
1324 1902 1388 1946 esse
1415 1886 1534 1969 Caro·v

865 1973 936 2042 lum
965 1976 1022 2066 per
1046 1973 1201 2041 nuntium
1235 1974 1407 2045 certiorem
1426 1976 1525 2047 facit.

866 2077 895 2141 Ι.
917 2070 994 2164 386.
1023 2073 1205 2142 Veteranos
1227 2074 1344 2143 milites
1362 2076 1526 2172 Hispanos

868 2169 910 2239 ad
933 2173 1095 2241 Savonam
1112 2174 1269 2268 exponit.
1294 2170 1322 2244 I.
1339 2195 1362 2262 4
1369 2196 1422 2267 3ς.
1457 2178 1526 2245 Ge*

867 2293 969 2351 nuam
993 2270 1221 2341 contenderea
1242 2275 1368 2342 Carolo
1381 2274 1527 2364 jubetur,
1573 2290 1583 2349 1

866 2387 899 2437 et
920 2370 1036 2439 milites
1051 2369 1230 2465 imponere.
1248 2376 1275 2440 I.
1292 2393 1375 2465 435.
1401 2374 1527 2443 Omnia

867 2467 991 2564 oppida
1015 2473 1170 2562 vicosque
1200 2474 1381 2542 maritimos
1409 2472 1527 2542 Massi·

815 2598 817 2606 ¹
866 2566 946 2636 liam
968 2591 1072 2661 usque
1096 2593 1130 2636 ur
1155 2593 1246 2639 suam
1269 2576 1462 2669 potestatem
1476 2595 1527 2641 re-
1575 2584 1578 2593 '

868 2665 975 2764 digit.
1008 2673 1036 2736 Ι.
1060 2672 1143 2759 436.
1178 2674 1267 2738 Cum
1294 2670 1479 2741 triremibus
1507 2696 1527 2741 a

869 2767 995 2837 Carolo
1017 2766 1050 2835 in
1077 2767 1271 2860 Hispaniam
1304 2771 1467 2853 mittitur,
1486 2788 1527 2839 ut
1576 2809 1579 2819 ·

870 2863 1043 2962 pecuniam
1075 2865 1257 2935 Barcinone
1297 2888 1440 2965 reportet
1458 2919 1469 2952 ,
1486 2868 1529 2938 si·

819 2984 820 2987 ’
871 2965 1007 3057 mulque
1051 2964 1230 3035 Gallorum
1250 2970 1252 2974 ⁴
1270 2972 1528 3060 Turcarumque

817 3086 822 3097 ·
870 3068 1003 3136 classem
1030 3086 1220 3163 oppugnet.
1249 3071 1276 3135 I.
1292 3093 1376 3162 452.
1400 3074 1438 3137 In
1456 3071 1529 3136 Ve-

871 3165 955 3235 neris
980 3184 1082 3260 portu
1116 3166 1307 3253 detinetur,
1334 3189 1426 3236 tera
1453 3169 1526 3238 sinu

870 3263 1077 3336 Narbonensi
1105 3265 1236 3336 adversa
1259 3285 1449 3364 tempestate
1476 3290 1529 3334 re·
1579 3335 1582 3340 .

868 3366 995 3455 jectus.
1019 3370 1047 3434 I.
1063 3369 1149 3458 463.
1174 3371 1252 3435 Non
1267 3369 1341 3438 satis
1355 3389 1451 3435 suum
1474 3361 1530 3435 of·

869 3464 984 3535 licium
1004 3467 1240 3535 nonnullorum
1256 3465 1381 3555 judicio
1401 3466 1528 3534 Carolo

870 3582 1030 3659 praestat.
1048 3568 1076 3632 I.
1093 3570 1177 3657 463.
1205 3567 1242 3632 Se
1265 3589 1320 3634 sua
1336 3582 1451 3660 sponte
1466 3562 1529 3635 tri·
1571 3572 1574 3575 ’

869 3662 1009 3733 remium
1034 3663 1239 3756 praefectura
1259 3662 1413 3745 abdicat,
1438 3666 1529 3732 Cae·

868 3785 936 3831 sare
967 3810 978 3843 ,
1006 3780 1045 3829 ut
1067 3761 1179 3856 opinio
1202 3759 1293 3844 fuit,
1317 3762 1452 3832 minime
1475 3761 1528 3831 ins

870 3860 964 3928 vito.
991 3863 1019 3927 I.
1037 3866 1119 3953 463.
1142 3861 1353 3950 Conjunctus
1369 3885 1447 3932 cum
1463 3866 1529 3930 Ca*

869 3957 932 4029 toli
954 3956 1052 4026 classe
1070 3957 1103 4026 in
1127 3951 1286 4029 Palamosi
1304 3980 1440 4055 portum
1459 3981 1531 4053 per·

869 4054 976 4126 venit.
995 4060 1023 4124 Ι.
1043 4062 1126 4150 463.
1151 4059 1316 4128 Biremem
1347 4057 1529 4128 Turcicam
1570 4104 1572 4108 f

866 4154 976 4251 capit,
1001 4181 1069 4250 qua
1087 4158 1212 4252 legatus
1231 4181 1249 4227 a
1283 4160 1464 4252 Solymano
1487 4153 1531 4225 ad

866 4259 996 4351 Regem
1017 4257 1222 4325 franciscum
1252 4257 1364 4327 missus
1387 4254 1529 4326 vehitur.

867 4359 896 4423 I.
921 4358 1006 4444 464.
1044 4356 1172 4448 Calpen
1201 4355 1402 4426 contendens
1432 4379 1450 4423 e
1476 4377 1531 4423 re-

866 4452 966 4548 gione
990 4452 1177 4523 Paniscolae
1201 4477 1332 4524 saevam
1352 4473 1530 4550 tempesta·

866 4568 936 4619 tem
953 4551 1140 4647 experitur.
1155 4557 1181 4620 Ι.
1196 4558 1284 4643 465.
1301 4560 1428 4625 Navem
1442 4577 1533 4649 prae*

865 4651 986 4719 toriam
1031 4647 1184 4720 fortunae
1230 4655 1372 4747 relinqui
1410 4654 1529 4741 jubet,

865 4767 905 4815 ut
924 4747 1075 4818 homines
1099 4749 1278 4823 desilientes
1303 4773 1482 4823 serventur.
1499 4756 1529 4822 1.

865 4851 949 4939 466.
997 4850 1140 4925 Vincula
1175 4852 1313 4951 captivis
1346 4852 1532 4944 ceterisque

1482 4971 1531 5025 1e⁴
