4102 5864
550 474 791 559 cauom
834 472 889 559 V·
935 477 1049 556 [ΙΙΙ.
1089 477 1237 579 XXVI.
1472 482 1561 579 349

152 682 206 744 ne
241 634 297 739 ad
334 628 479 797 pedes
498 629 589 777 ipse
631 635 850 774 ceterique
886 670 1085 773 proceres
1132 626 1492 737 Maximilianum
1534 676 1605 735 sa-

151 780 322 884 lutandi
370 778 511 938 gratia
562 780 819 880 descendere
867 811 1173 917 cogerentur,
1208 816 1296 915 qua
1340 780 1607 879 caerimonia
1689 833 1697 841 ἰ

154 927 387 1065 optimates
439 920 630 1059 Hispani
682 920 730 1019 in
776 958 875 1018 suos
926 955 1099 1019 tantum
1149 929 1292 1058 Reges
1341 931 1611 1080 Regumque

153 1105 306 1167 uxores
342 1099 385 1166 et
420 1061 576 1163 liberos
612 1061 677 1161 ιιιι
713 1061 1078 1166 consuevissent3
1124 1095 1199 1158 aut
1234 1102 1287 1159 ex
1321 1101 1443 1198 equrs
1491 1069 1609 1164 salu·

152 1243 293 1306 tames
348 1242 598 1344 arroganter
648 1201 789 1304 facere
835 1202 1109 1303 viderentur
1150 1211 1300 1341 Itaque
1335 1176 1609 1307 Maximilia

153 1389 257 1468 n0,
288 1382 339 1446 ut
374 1348 430 1445 ad
466 1349 745 1462 Quemadam
782 1345 1037 1463 diverteret,
1084 1383 1228 1506 seque
1248 1344 1416 1446 ibidem
1457 1390 1607 1489 exspe

155 1525 326 1607 ctaret,
359 1489 609 1589 nuntiatum
646 1485 823 1595 mittit3
862 1526 967 1586 nam
1003 1527 1045 1588 se
1090 1487 1339 1646 itinerisque
1390 1491 1536 1591 socios
1572 1491 1609 1591 i-

156 1634 270 1771 psius
308 1566 548 1730 ialetudini
585 1667 785 1769 parcere,
821 1667 918 1746 ne,
956 1626 992 1728 si
1026 1628 1076 1727 in
1118 1667 1190 1727 vra
1233 1633 1608 1772 congrederentur,

155 1775 331 1914 pulvere
369 1809 412 1871 et
448 1806 565 1870 aestu
600 1769 896 1870 molestiam
884 1768 1049 1880 rtineris
1085 1809 1324 1911 augerent..
1359 1784 1433 1873 Est
1460 1811 1608 1876 autem

155 1916 387 2032 Quemada
424 1914 690 2052 praetorium
724 1922 845 2044 juxta
880 1914 999 2013 viam
1035 1948 1238 2050 passuum
1273 1914 1463 2015 millium
1497 1920 1609 2018 duo

154 2095 258 2156 rum
292 2055 348 2156 ab
392 2056 641 2157 Olivaribus
684 2053 948 2171 intervallo,
984 2055 1145 2193 quod,
1182 2055 1287 2195 quia
1326 2059 1520 2196 capacius
1562 2098 1612 2160 et

155 2198 431 2297 commodius
468 2233 555 2296 erat
565 2235 744 2336 ,quam
773 2196 905 2293 ulla
894 2230 1007 2295 intra
1042 2233 1192 2297 vacum
1226 2199 1415 2316 dormis,
1441 2200 1610 2302 idcirco

33 2420 40 2432 .
147 2339 222 2440 ibi
257 2326 501 2478 hospitium
535 2337 840 2438 Maximiliano
876 2336 1105 2478 magnifice
1141 2378 1167 2436 a
1202 2339 1489 2442 Comcstabili
1539 2383 1608 2482 pa·

154 2517 299 2583 ratum
334 2516 454 2595 erat,
494 2515 537 2580 et
572 2479 685 2580 laute
718 2482 844 2579 rebus
880 2477 1147 2581 omnibus
1133 2516 1424 2601 rnstructum,
1459 2485 1611 2586 multis

154 2624 269 2724 circa
322 2622 513 2726 tentoriis
542 2697 564 2742 ,
610 2659 724 2763 quae
776 2620 966 2760 speciem
1016 2656 1255 2725 castrorum
1305 2560 1609 2764 praebebant,

156 2767 336 2868 erectis

227 2910 304 3012 VI.
376 2919 480 3008 Huc
516 2904 842 3010 Maximilianus
877 2944 980 3008 cum
1016 2905 1292 3028 deflexisset,
1336 2910 1467 3049 paulo
1504 2946 1607 3072 post

153 3046 461 3151 Comestabil'is
497 3048 664 3151 affuit
657 3117 668 3157 ‚
704 3050 884 3191 ipseque
919 3086 963 3154 et
998 3050 1127 3151 ceteri
1164 3089 1360 3212 proceres
1398 3053 1609 3154 Maximi-

154 3187 333 3295 lianum
354 3191 648 3295 venerabundi
685 3192 1083 3312 salutaverunt,
1042 3191 1323 3333 vicissimque
1351 3193 1411 3294 ab
1443 3235 1497 3293 eo
1535 3235 1609 3294 co⁴

154 3334 292 3435 miter
323 3372 368 3435 et
412 3334 605 3434 humane
639 3372 737 3434 sunt
774 3333 967 3473 excepti.
1019 3340 1165 3433 Nocte
1201 3335 1399 3474 sequenti
1440 3334 1610 3474 Philip-

158 3513 239 3614 pus
275 3477 395 3616 ipse,
430 3471 569 3576 officii
605 3511 649 3574 et
686 3476 899 3576 salutandi
934 3475 1102 3613 gratia,
1144 3515 1220 3637 per
1255 3515 1390 3616 equos
1425 3476 1611 3616 disposi-

155 3653 225 3716 tos
260 3659 361 3720 cum
399 3617 545 3758 paucis
597 3616 878 3718 summatibus
899 3615 1059 3717 affuit
1091 3618 1159 3716 Hi
1194 3654 1342 3718 autem
1376 3614 1495 3718 fuere
1514 3631 1610 3718 Fer-

156 3761 328 3860 nandus
365 3761 550 3861 Alvarus
591 3759 775 3860 Tolerus
811 3771 914 3859 Dux
952 3756 1146 3859 Albanus
1183 3796 1227 3860 et
1261 3761 1410 3860 Caroli
1449 3771 1612 3861 Caesa

156 3900 215 3998 ris
250 3898 440 4003 familiae
475 3895 771 4041 praefectus,
813 3901 1024 4040 itemque
1061 3902 1282 4000 Mauricus
1326 3911 1433 4003 Lara
1474 3910 1612 4034 Naja-

155 4042 323 4162 sensis,
359 4046 597 4145 Pernandus
634 4043 852 4144 Gonzalus
888 4038 1099 4144 Corduba
1130 4055 1371 4163 Suesanus,
1391 4043 1613 4144 Beltranus

155 4192 310 4284 Cueva
346 4184 776 4347 Alburquerquensis
804 4261 819 4303 ,
856 4183 1053 4320 Jacobus
1089 4195 1235 4325 Lupus
1272 4122 1483 4288 Paciaecus
1517 4196 1615 4286 Sca

153 4325 371 4444 lonensis,
394 4340 572 4436 Duces,
608 4327 831 4429 Antonius
867 4327 1128 4429 Pimentelus
1164 4340 1490 4428 Benaventanus
1515 4339 1615 4429 Co-

155 4503 290 4584 mes,
326 4478 474 4571 Petrus
524 4469 710 4569 Alvarus
762 4468 944 4568 Osorius
987 4469 1313 4586 Astoriceusis,
1363 4470 1615 4571 Ludovicus

155 4545 381 4717 Mendoza
417 4610 802 4743 Mondejarcnsis,
841 4619 989 4709 Petrus
1027 4610 1155 4711 Avila
1192 4615 1446 4732 Navensis,
1487 4621 1613 4713 Mar·

151 4745 379 4863 thrones,
419 4757 659 4895 eademque
695 4787 825 4857 nocte
874 4750 1102 4894 Philippus
1137 4792 1373 4895 parumper
1416 4791 1611 4861 moratus

1500 4933 1606 4998 toe-
