4124 5880
518 425 758 510 cnnorr
807 360 1241 512 v.a1a.xvr11.
1517 426 1570 514 ar

141 582 458 712 „commisisse
491 664 505 707 ,
540 587 666 727 quod
702 620 851 685 tamen
886 581 1115 683 miraretur
1156 585 1297 686 adhuc
1332 582 1381 688 in
1418 591 1607 692 exordiis

142 735 345 852 „versari
358 812 373 855 ,
395 773 499 833 cum
532 739 626 859 jam
661 729 717 828 ad
747 726 881 827 finem
900 729 1161 867 perductum
1189 763 1431 872 oporteret.
1463 739 1605 858 Quod

135 917 339 996 „autem
382 880 436 976 de
472 913 619 974 rerum
661 870 997 973 deliberatarum
1047 908 1161 976 statu
1197 877 1339 998 scire,
1372 917 1415 980 et
1456 879 1518 982 ob
1555 882 1603 984 id

134 1023 370 1141 „consilia
415 1059 520 1120 cum
566 1016 799 1119 civitatum
841 1015 994 1158 legatis
1043 1021 1373 1122 communicare
1414 1025 1599 1148 vellent,

139 1201 239 1285 „ne
283 1165 380 1263 illos
423 1164 605 1306 quidem
647 1162 753 1262 certi
795 1161 1045 1303 quidquam
1090 1163 1362 1292 decretisse,
1400 1171 1606 1308 quamvis

139 1309 414 1429 „nonnullas
446 1309 636 1408 rationes
672 1305 950 1425 attulissent„
984 1346 1096 1446 quae
1132 1345 1288 1448 parurn
1322 1305 1509 1414 facerent
1544 1315 1601 1416 ad

140 1488 456 1593 „praesentem
493 1487 536 1553 et
572 1451 906 1594 impendentem
945 1449 1146 1591 inopiam
1181 1451 1522 1578 sublevandam,
1557 1495 1602 1560 et

139 1599 246 1717 „ad
282 1637 388 1739 quas
432 1596 644 1698 ineundas
680 1593 792 1696 nihil
833 1632 943 1735 opus
984 1589 1132 1696 fuisset
1165 1598 1398 1698 Concilio.
1447 1611 1599 1744 Itaque
1687 1649 1688 1658 ¹

141 1812 172 1863 „
188 1738 302 1841 nihil
344 1783 431 1843 esse
474 1741 598 1882 quod
641 1736 822 1839 consilia
865 1775 969 1839 cum
1009 1737 1161 1881 legatis
1206 1738 1470 1853 conferant3
1518 1764 1623 1846 nec*

141 1885 317 2003 „aliam
358 1927 401 1986 se
439 1887 586 1985 videre
635 1884 853 1983 rationem
896 1956 912 2006 ,
949 1922 1036 2024 qua
1074 1883 1206 1984 tantis
1255 1926 1403 1988 rerum
1453 1929 1598 2032 angu-

142 2028 282 2150 „stiis
320 2029 545 2173 provideri
581 2028 748 2169 possit,
767 2066 904 2170 quam
942 2067 1054 2169 quae
1085 2031 1140 2127 de
1176 2035 1286 2128 Sisa—
1307 2028 1456 2133 fuisset
1495 2073 1598 2174 pro·

141 2245 171 2291 „
186 2174 361 2314 posita,
400 2175 568 2315 quippe
611 2173 656 2273 id
706 2171 948 2273 universale
984 2169 1201 2273 tributum
1237 2216 1356 2296 esse,
1393 2216 1436 2277 et
1474 2179 1600 2317 quod

143 2319 400 2438 „omnium
439 2318 631 2418 maxime
669 2317 850 2418 latenter
890 2311 1196 2437 conferretur,
1227 2357 1271 2419 ct
1307 2316 1490 2420 minime
1529 2363 1600 2422 so·

145 2462 300 2579 „leret
332 2501 512 2606 gravare
554 2462 778 2604 singulos.
826 2468 988 2601 Neque
1024 2500 1131 2562 vero
1169 2461 1217 2560 id
1256 2505 1298 2564 se
1336 2503 1599 2605 perpetuum

142 2679 171 2724 „
202 2647 290 2706 esse
331 2608 471 2728 velle,
509 2608 583 2707 sed
619 2606 674 2734 ad
712 2604 842 2708 breve
876 2640 1081 2745 tempus,
1109 2646 1189 2706 nec
1224 2609 1280 2707 ad
1324 2610 1429 2708 alios
1474 2650 1599 2729 usus,

143 2822 172 2873 „
198 2790 337 2890 quam
374 2753 429 2851 ad
469 2790 576 2871 eas,
613 2748 862 2892 dequibus
900 2749 1030 2850 initio
1082 2752 1254 2850 dictum
1305 2787 1443 2871 esset,
1477 2747 1601 2851 difli-

146 2968 175 3010 „
191 2897 368 2996 cultates
402 2896 715 3035 expediendas.
755 2893 978 3016 Quocirca
1015 2895 1177 3034 placere
1215 2893 1331 3012 sibi,
1367 2932 1418 2996 ut
1456 2895 1601 2998 abun·

144 3038 244 3153 „de
290 3077 524 3159 caveatur,
562 3079 617 3141 ne
668 3039 716 3137 id
766 3039 1017 3180 exemplum
1056 3115 1071 3157 ,
1109 3039 1233 3180 quasi
1284 3039 1602 3180 praejudicium

147 3178 342 3297 „obesse
381 3183 517 3324 possit
569 3181 790 3284 nobilium
837 3221 889 3283 ac
928 3182 1200 3282 immunium
1253 3182 1488 3282 hominum
1545 3182 1603 3283 li·-

149 3398 183 3449 „
196 3322 385 3447 bertari,
418 3329 490 3428 cui
527 3352 694 3468 se'mpcr
734 3327 827 3468 ipse
861 3320 1070 3446 favisset,
1110 3362 1153 3426 et
1191 3364 1298 3428 tunc
1344 3327 1486 3426 nihilo
1533 3366 1602 3424 se-

144 3470 285 3586 „cius
321 3470 572 3573 consultum
608 3473 656 3572 in
691 3506 914 3611 posterum
957 3511 1042 3572 esse
1080 3470 1235 3574 vellet?
1285 3485 1465 3613 Rogare
1516 3471 1600 3569 ita-

139 3681 176 3730 „
194 3655 285 3754 que
321 3651 364 3715 et
399 3614 569 3717 hortari
604 3654 683 3756 pro
718 3614 917 3758 ipsorum
968 3616 1015 3718 in
1066 3656 1110 3716 se
1146 3650 1366 3755 perspecta
1419 3613 1506 3714 fide
1558 3649 1602 3714 et

125 3827 172 3874 „
187 3759 455 3878 voluntate,
487 3761 556 3860 uti
592 3800 642 3860 ea
676 3799 812 3901 quarn
848 3760 1044 3901 primum
1095 3762 1233 3892 (narn
1285 3787 1457 3859 moram
1509 3797 1603 3856 non

115 3973 173 4016 „
195 3900 289 4002 sine
321 3904 488 4005 damno
525 3903 652 4040 fieri)
688 3906 956 4022 decernant,
983 3901 1141 4044 quibus
1177 3901 1446 4047 indigentiae
1483 3940 1604 4042 prae-

112 4117 177 4160 „
198 4045 314 4144 senti
339 4087 387 4145 ac
416 4045 770 4192 impendentibus
792 4044 1122 4150 difficultatibus
1149 4048 1454 4189 provideatur,
1475 4083 1605 4184 quae«

106 4258 169 4309 „
194 4227 281 4327 que
319 4190 472 4291 scirent
517 4235 560 4293 se
597 4189 654 4292 ab
704 4192 804 4334 ipsis
842 4230 1085 4334 exspectare
1107 4213 1132 4302 ς’
1155 4193 1278 4332 quod
1329 4193 1454 4331 siqua
1492 4188 1603 4288 ratio

110 4405 173 4449 ,‚
199 4331 277 4432 alia
313 4334 566 4437 universalis
602 4339 885 4438 commodior
919 4338 991 4436 illa
1028 4340 1205 4438 inventa
1240 4332 1407 4453 fuerit,
1446 4371 1603 4432 cuncta

111 4548 170 4590 ‚‚
199 4514 237 4573 se
271 4476 458 4580 libenter
492 4483 780 4599 auditurum,
817 4515 861 4578 et
895 4481 1019 4617 quod
1047 4481 1191 4580 visum
1226 4473 1359 4577 fuerit
1396 4518 1605 4580 commo-

117 4689 179 4731 „
204 4618 426 4725 dissimum
453 4704 468 4745 ,
503 4624 926 4764 comprobaturum.
945 4640 975 4681 “

235 4773 328 4866 XII.
413 4769 498 4870 His
534 4769 754 4909 acceptis,
792 4805 1027 4910 proceres,
1063 4802 1107 4869 et
1141 4766 1294 4871 animo
1331 4765 1479 4872 Caroli
1515 4802 1613 4907 per-

228 4907 336 5011 Tom.
355 4921 411 5011 Π,
1191 4923 1228 5012 L
1252 5022 1255 5033 ¹
1519 4948 1618 5049 spe-
