4170 5866
557 411 635 495 130
727 477 729 481 J
942 390 1027 469 nu
1075 386 1278 465 nauus
1313 379 1544 463 essars

414 532 420 544 ²
515 554 666 651 cedere
702 560 866 651 necesse
908 542 962 647 sit
999 623 1014 666 ‚
1053 578 1129 644 aut
1185 579 1378 642 mortem
1433 578 1538 641 cum
1578 537 1768 679 cruciatu
1807 542 1977 653 subire.

518 698 605 796 His
643 688 1020 796 dehortationibus
1058 694 1251 825 Joanncs
1289 686 1557 802 deterritus,
1595 687 1831 790 consilium
1881 733 1982 797 mu-

517 877 610 959 tat,
636 835 902 978 fratremque
930 871 1048 935 vetat
1086 873 1233 933 secum
1258 830 1444 971 amplius
1481 831 1536 928 de
1567 830 1751 933 discessu
1782 875 1834 936 ex
1871 848 1980 941 Ger-

516 985 663 1083 mania
710 984 1015 1123 nequidquam
1066 1016 1220 1120 agere.
1275 984 1403 1076 Tune
1452 1013 1557 1074 vero
1594 971 1801 1079 Alfonsus
1850 985 1980 1086 tantis

515 1129 639 1228 malis
677 1127 932 1229 occurrendi
969 1160 1125 1224 ceteras
1162 1121 1253 1221 vias
1290 1120 1536 1220 interclusas
1572 1162 1659 1221 esse
1696 1125 1980 1229 animadver-

516 1306 645 1392 tens,
680 1267 823 1372 fratris
861 1268 1093 1370 occidendi
1128 1265 1360 1367 consilium
1397 1266 1554 1406 capit,
1588 1303 1638 1366 ut
1690 1308 1781 1369 uno
1831 1272 1980 1372 crimi-

514 1454 606 1533 ne,
645 1417 824 1559 quando
859 1415 980 1514 aliter
1016 1451 1109 1511 non
1147 1446 1325 1552 posset,
1350 1409 1501 1509 multis
1538 1445 1580 1508 et
1616 1415 1854 1545 majoribus
1891 1456 1978 1516 sce-

512 1559 673 1662 leribus
710 1563 766 1660 ad
816 1557 1041 1700 religionis
1078 1560 1293 1658 damnum
1313 1564 1341 1674 ‚'
1363 1592 1406 1655 et
1457 1549 1648 1656 familiae
1699 1599 1798 1658 suae
1846 1596 1979 1700 atque

511 1705 623 1804 adeo
660 1705 821 1846 patriae
859 1741 902 1804 et
939 1702 1073 1802 totius
1110 1697 1349 1840 Hispaniae
1385 1692 1616 1800 infamiam
1657 1701 1978 1840 pertinentibus

513 1886 791 1956 occurrerem
825 1849 880 1948 ad
917 1886 1170 1962 summam,
1207 1879 1256 1942 ut
1291 1883 1483 1946 atrocem
1519 1844 1754 1977 injuriam,
1782 1850 1855 1946 cui
1891 1848 1978 1949 bo-

510 2029 677 2092 nestam
716 2029 909 2093 mortem
947 1985 1276 2133 praeferendam
1313 1987 1570 2131 putabat,a
1605 2032 1649 2091 se
1686 2028 1870 2132 totaque
1907 1988 1977 2093 fa-

509 2136 631 2237 milia
667 2137 848 2278 ipsaque
895 2136 1036 2278 patria
1086 2134 1343 2276 repelleret,
1380 2171 1449 2235 tot
1501 2135 1719 2235 malorum
1771 2174 1975 2261 auctore,

511 2280 625 2419 qui,
663 2318 713 2381 ut
748 2282 886 2382 bostis
923 2282 1085 2422 patriae
1122 2319 1170 2378 ac
1207 2279 1469 2419 religionis,
1504 2280 1660 2381 divino
1698 2301 1741 2381 et
1777 2281 1977 2384 humano

509 2431 601 2554 jure
638 2427 867 2526 damnatus
905 2463 1045 2539 esset,
1068 2424 1123 2524 de
1160 2423 1310 2522 medio
1347 2423 1417 2521 vel
1452 2463 1561 2540 cum
1590 2467 1671 2524 suo
1693 2465 1856 2569 magno
1895 2469 1978 2567 pe-

509 2568 646 2668 riculo
682 2567 885 2688 sublate,
922 2569 1073 2668 ceteris
1110 2564 1318 2667 omnibus
1354 2567 1601 2668 rationibus
1637 2564 1786 2670 frustra
1831 2607 1977 2672 tenta·

510 2710 591 2812 tis.
639 2726 791 2855 Itaque
829 2714 1033 2814 dolorem
1070 2711 1374 2831 dissimulans,
1410 2711 1580 2812 blandis
1618 2711 1761 2813 verbis
1796 2710 1980 2818 fratrem

508 2855 762 2959 discessurus
799 2859 1073 2999 alloquitur,
1111 2858 1291 2996 quando
1329 2856 1565 2956 consilium
1605 2857 1655 2983 in
1689 2857 1857 2959 ltaliam
1908 2902 1978 2961 se·

495 3039 614 3098 cum
649 3003 945 3102 contendendi
981 3003 1141 3100 minus
1163 2995 1396 3140 probaret,
1418 2994 1578 3103 faceret
1615 3042 1714 3102 sane
1747 3005 1872 3143 quod
1907 3004 1980 3104 lu-

510 3138 670 3253 beret3
709 3186 752 3247 se
787 3143 898 3246 nihil
932 3145 1183 3285 impedire,
1222 3144 1459 3284 quominus
1511 3145 1604 3286 ipse
1635 3187 1733 3245 suo
1784 3182 1827 3245 et
1866 3188 1978 3289 pru-

510 3286 713 3390 dentium
752 3291 1001 3389 amicorum
1038 3287 1205 3421 judicio
1243 3287 1359 3387 vitae
1395 3289 1609 3389 rationem
1644 3292 1976 3402 moderaretur3

508 3425 615 3532 illud
655 3431 856 3554 hortari,
892 3471 943 3533 ut
979 3434 1028 3532 in
1065 3467 1266 3572 suscepto
1303 3433 1490 3533 consilio
1526 3434 1789 3575 persistens,
1822 3472 1977 3536 caveat

506 3571 564 3672 ab
602 3577 844 3716 Hispanis,
881 3619 936 3678 ne
974 3578 1084 3718 quid
1119 3577 1401 3678 incommodi
1438 3620 1489 3678 ex
1523 3580 1730 3718 ipsorum
1769 3579 1838 3678 vel
1880 3619 1978 3681 ma-

505 3713 677 3843 nibus,
711 3724 781 3822 vel
817 3760 1015 3822 sermone
1068 3721 1243 3862 capiat,
1281 3725 1426 3864 deque
1476 3721 1561 3822 suis
1611 3721 1740 3826 rebus
1775 3736 1978 3832 Romam

411 3862 414 3867 ’
502 3854 752 4002 frequentes
789 3867 844 3966 ad
883 3907 927 3966 se
963 3867 1125 3967 litteras
1163 3865 1339 3968 mittat.

574 4018 788 4110 XXXIX.
864 4021 989 4110 Haec
1026 4008 1177 4111 effatus
1227 4051 1382 4112 aureos
1434 4050 1643 4112 nummos
1698 4018 1979 4154 quatuorde-

502 4148 591 4250 cim
628 4155 684 4254 ad
719 4154 920 4294 inopiam
957 4153 1267 4255 sublevandam
1306 4153 1499 4262 tribuit3
1531 4155 1841 4298 discedensque
1869 4169 1979 4261 Au-

501 4331 710 4436 gustam,
746 4340 862 4440 quae
895 4301 997 4401 inde
1033 4300 1161 4400 unius
1196 4298 1286 4398 diei
1337 4300 1490 4399 itinere
1537 4297 1717 4419 aberat,
1754 4341 1858 4401 curn
1897 4345 1981 4405 ve-

499 4440 664 4559 nisset,
699 4446 932 4545 consilium
969 4484 1073 4545 curn
1110 4443 1316 4579 ministro
1363 4444 1544 4544 satellite
1590 4444 1978 4571 communicavit,

496 4619 541 4681 et
578 4587 683 4724 quid
720 4585 814 4685 fieri
852 4590 1014 4708 vellet,
1055 4587 1277 4687 ostendit.
1312 4594 1440 4687 Tum
1473 4587 1611 4688 tribus
1648 4589 1881 4688 conductis
1921 4634 1975 4691 e-

484 4726 636 4868 quis,
670 4731 943 4876 Nuburgum
978 4733 1139 4834 itinere
1190 4766 1410 4836 nocturno
1462 4733 1644 4835 revertit
1678 4810 1696 4853 ,
1735 4771 1780 4833 er
1831 4735 1976 4877 paulo

1884 4918 1974 4980 an-
