4192 5858
397 454 486 546 274
544 436 550 443 “
769 435 851 514 nn
891 431 1103 512 nunus
1152 431 1378 513 cnsrrs

359 591 574 699 Danubio
611 627 884 691 commeatus
923 586 1221 690 subvelrendi:
1247 627 1382 730 quem
1420 586 1569 688 locum
1606 627 1833 729 occupan-

364 742 451 860 di,
483 775 526 839 et
562 735 831 839 Ratisbonae
870 734 1257 896 oppugnationem
1294 771 1384 833 tam
1423 734 1644 875 imparatis
1680 734 1834 834 Caroli

364 885 556 986 Caesaris
593 879 720 981 rebus
758 881 1001 982 omittendi
1037 878 1266 979 consilium
1304 879 1522 997 declarat,
1556 891 1830 999 Germanos,

366 1031 483 1191 apud
522 1068 665 1168 quos
690 1065 907 1169 magnum
959 1063 1021 1124 est
1057 1060 1099 1126 et
1134 1020 1381 1126 venerabile
1431 1062 1595 1124 nomen
1632 1033 1831 1163 Impera-

365 1173 507 1323 toris,
544 1213 637 1272 non
675 1172 728 1270 de
767 1170 1064 1315 opprimendo
1100 1167 1315 1270 Carolo
1304 1204 1415 1293 rnter
1466 1168 1593 1268 initia
1637 1168 1831 1310 cogitas-

365 1359 444 1438 se,
480 1319 553 1416 sed
591 1319 645 1415 de
682 1313 934 1417 obsistendo
988 1314 1218 1414 conatibus
1270 1320 1402 1444 ejus,
1439 1311 1474 1410 si
1511 1313 1605 1414 vim
1641 1307 1826 1431 faceret,

328 1584 329 1587 Ν
365 1461 609 1562 autetiam
645 1460 790 1602 ipsum
827 1460 930 1562 ab
919 1496 1096 1600 incepto
1133 1458 1432 1564 deterrendos
1467 1457 1669 1597 quamvis
1706 1491 1831 1599 Ροιι·

367 1647 463 1726 ea,
500 1645 600 1706 cum
638 1605 722 1706 sibi
759 1607 900 1748 magis
952 1642 1145 1703 metuere
1181 1601 1474 1743 coepissent,
1510 1600 1618 1700 nibil
1664 1640 1829 1699 omrse-

337 1762 502 1870 runt,
539 1751 663 1891 quod
714 1750 769 1849 ad
806 1749 1016 1851 Carolum
1065 1787 1171 1847 cum
1228 1787 1307 1846 suo
1351 1746 1542 1865 exercitu
1592 1743 1829 1863 delendum

367 1829 619 2059 condiscere
655 1893 900 2007 videretur.
1388 1929 1390 1933 ·

367 2049 514 2139 ΧΙ.
590 2051 714 2140 Dum
768 2037 875 2138 baec
927 2010 1045 2179 apud
1079 2036 1353 2138 Lutberanos
1402 1992 1650 2177 geruntur,
1686 2043 1829 2142 Caro·

367 2182 470 2302 lus,
502 2184 721 2282 Fernando
756 2184 921 2282 Toleto
959 2179 1135 2282 Albano
1173 2183 1289 2282 Duci
1325 2219 1526 2319 proxima
1562 2175 1695 2278 sibi
1681 2217 1828 2319 tmpe-

366 2261 491 2427 randi
527 2321 731 2425 facultate
768 2327 962 2444 tradita,
1001 2362 1064 2425 res
1100 2325 1217 2427 bello
1254 2363 1537 2445 necessarias,
1574 2362 1682 2464 quas
1733 2362 1829 2421 sero

368 2466 735 2589 difficultatibus,
774 2471 840 2569 uti
877 2404 1101 2589 diximus,
1136 2470 1375 2641 impeditus
1414 2508 1559 2610 parare
1598 2502 1831 2607 coeperat,

366 2653 559 2755 urgere,
599 2655 647 2714 ac
684 2649 732 2712 ut
767 2615 936 2714 Italicae
973 2613 1126 2756 copiae
1163 2624 1252 2745 jam
1292 2614 1371 2713 iter
1406 2652 1618 2754 ingressae
1663 2650 1830 2751 prope·

367 2795 541 2876 tarent,
558 2752 824 2898 praefectos
820 2799 896 2900 per
917 2760 1077 2859 litteras
1115 2798 1157 2858 et
1192 2757 1371 2859 nuntios
1404 2757 1624 2857 cohortari
1658 2758 1829 2894 coepits

366 2941 419 3001 ex
457 2899 619 3042 quibus
654 2903 880 3044 Hispanae
933 2901 1134 3003 cobortes
1182 2945 1234 3001 ex
1270 2903 1569 3044 Neapolitanis
1605 2900 1831 3040 praesidiis

368 3047 580 3145 deductae
618 3084 720 3145 cum
757 3043 979 3188 praefecto
1003 3042 1190 3148 Allonso
1217 3048 1361 3166 Vive,
1390 3048 1578 3149 navibus
1611 3086 1662 3144 ex
1698 3053 1830 3186 Apu-

365 3188 488 3289 lia
477 3229 524 3289 ιιι
560 3189 833 3290 Dalmatiam
869 3226 912 3290 et
951 3189 1062 3290 fines
1094 3193 1306 3291 fernandi
1355 3190 1524 3332 Regis
1520 3199 1827 3320 trajecerant,

364 3369 416 3432 ut
453 3331 729 3433 breviore
687 3373 759 3434 vra
794 3336 842 3435 in
877 3335 1163 3436 Germaniam
1202 3370 1514 3478 properarent.
1564 3335 1712 3435 Ceteri
1752 3375 1827 3474 per

363 3478 634 3580 Tridentum
686 3515 730 3579 et
778 3479 1178 3622 Oensprucbum
1167 3516 1247 3580 tter
1284 3483 1574 3602 direxerant,
1609 3516 1658 3580 ut
1694 3480 1830 3619 Alpi-

363 3621 429 3720 nis
465 3619 663 3722 faucibus
700 3661 743 3723 er
762 3622 987 3767 Erebergo
1023 3663 1117 3727 arce
1154 3626 1360 3764 imposita
1397 3625 1707 3764 vitatis,quae
1747 3622 1832 3723 ho·

363 3765 451 3865 stili
486 3766 706 3907 praesidio
743 3766 1022 3891 tenebatur,
1025 3807 1138 3931 per
1174 3770 1293 3869 Ocni
1330 3770 1471 3909 ripam
1515 3771 1562 3893 ιιι
1597 3767 1834 3872 Bavariam

362 3912 728 4032 contenderent,
781 3954 874 4053 quo
924 3913 974 4013 in
1023 3913 1178 4014 itinere
1214 3924 1437 4016 Lanzuete
1491 3913 1710 4054 oppidum
1767 3951 1852 4047 est
1930 3951 1942 3967 '
2087 3950 2093 3957 ’

361 4052 409 4153 in
445 4054 647 4155 Bavariae
683 4055 878 4178 finibus,
912 4057 1013 4156 loco
1050 4061 1106 4157 ad
1142 4096 1423 4201 progressum
1459 4060 1737 4160 venientium
1775 4099 1835 4159 ex

360 4199 480 4297 Italia
530 4198 757 4339 copiarum
808 4201 1141 4343 impediendum
1195 4241 1574 4345 peropportuno·
1566 4272 1577 4312 ‚
1629 4206 1682 4305 de
1732 4241 1836 4339 quo

359 4338 612 4442 invadendo
660 4381 704 4445 et
758 4347 1018 4487 occupando
1070 4388 1174 4448 curn
1228 4346 1372 4449 hostes
1423 4344 1722 4449 consilium
1712 4346 1837 4449 mire

359 4486 539 4584 Carolus
575 4524 651 4623 per
683 4489 975 4652 exploratores
1011 4492 1314 4632 cognovisset,
1343 4492 1458 4592 haud
1496 4490 1578 4592 sibi
1616 4529 1837 4591 cunctan-

358 4627 468 4725 dum
505 4631 725 4789 putavit,
764 4635 873 4771 quin
925 4634 1133 4738 omnibus
1185 4572 1431 4739 ratioiribus
1482 4636 1611 4771 liujus
1665 4635 1835 4776 oppidi

357 4773 696 4914 occupationem
732 4774 987 4881 anteferret

1734 4932 1828 5024 Ra-

2015 4596 2081 4708 i

1957 4968 2051 4991 α
