4124 5880
1536 415 1596 516 97,

267 557 390 756 Jo'.
453 605 834 735 onunsn
893 566 1547 784 suputvsaonu

307 845 382 993 ’,
482 839 1426 1071 oe'rsarsusoesa‘rs'
1548 1021 1551 1026 .

277 1108 874 1271 CAROLI
964 1109 1522 1296 QUINTI

332 1409 763 1491 IMPERATORIS
797 1410 877 1490 ET
904 1414 1079 1491 REGIS
1113 1415 1454 1501 HISPANIAE

316 1851 319 1855 Ι
424 1709 1015 1869 nrssuoecrmus
1060 1711 1363 1823 Nouus,
1507 1725 1509 1730 ’
1572 1688 1574 1691 ’

194 2004 226 2094 Ι.
265 1923 471 2101 DUM
508 1987 616 2092 hacc
650 1986 699 2091 in
735 1986 953 2130 Hispania
989 2027 1252 2136 geruntur,
1289 1995 1621 2126 Gandavenses‚

165 2175 275 2279 quae
310 2135 462 2238 civitas
498 2170 561 2236 est
596 2133 819 2238 Flandriae
853 2174 1048 2238 summae
1099 2137 1397 2240 auctoritatis
1424 2176 1469 2241 et
1503 2181 1622 2282 opu·

163 2279 438 2402 lentissima,
471 2279 601 2382 novis
651 2277 778 2382 rebus
832 2281 1005 2382 studere
1036 2358 1052 2402 ‚
1088 2301 1133 2382 ¹et
1183 2283 1369 2426 imperia
1402 2286 1620 2408 Mariae,

162 2466 273 2568 quae
308 2463 391 2568 pro
427 2424 593 2527 Carolo
628 2417 762 2525 fratre
796 2424 1040 2526 Flandriam
1077 2425 1376 2568 procurabat,
1407 2431 1622 2532 detrecta-

160 2609 202 2671 re
244 2606 518 2711 coeperunt,
552 2604 785 2711 propterea
820 2570 946 2712 quod
997 2569 1205 2693 tributis,
1239 2606 1289 2673 ut
1337 2572 1423 2712 ipsi
1481 2583 1619 2704 jacta-

158 2711 296 2836 bant,
332 2714 680 2857 supramodum
714 2751 1029 2857 gravarentur,
1054 2754 1134 2817 nec
1169 2752 1318 2816 exacta
1352 2716 1536 2857 pecunia
1571 2718 1618 2816 in

158 2896 230 2960 eos
268 2898 403 2980 usus,
439 2898 636 3002 quorum
671 2858 854 2960 nomine
902 2860 1113 3001 imperata
1161 2854 1345 2978 fuisset,
1382 2858 1616 3000 impende·

156 3041 297 3106 retur.
352 3006 492 3126 Quod
535 3000 677 3107 verita
711 3000 857 3103 Maria
906 3043 964 3104 ne
1007 3003 1191 3105 initium
1241 3038 1348 3104 esset
1389 3014 1616 3134 majorum

151 3148 207 3249 ad
244 3187 317 3250 eas
352 3149 547 3292 regiones
582 3184 827 3267 motuum,
864 3147 900 3247 si
951 3147 1079 3249 armis
1129 3146 1224 3290 ipsa
1258 3148 1615 3250 Gandavensium

145 3278 484 3396 contumaciam
518 3327 874 3435 persequeretur,
909 3327 986 3431 per
1024 3291 1188 3392 litteras
1225 3325 1269 3392 et
1304 3290 1484 3392 nuntios
1519 3304 1614 3392 Ca-

139 3437 301 3541 tolum
351 3431 457 3539 facit
515 3440 572 3538 de
620 3433 749 3538 rebus
815 3433 1024 3536 omnibus
1070 3436 1351 3555 certiorem,
1389 3432 1615 3536 hortatur·

134 3619 276 3724 que,
313 3618 365 3685 ut
401 3581 451 3685 in
486 3582 686 3725 Belgium
722 3580 869 3722 primo
905 3619 1089 3726 quoque
1125 3615 1327 3721 ternpore
1360 3575 1612 3719 proficisca-

117 3759 259 3850 tur,
289 3766 554 3871 magnopere
591 3768 634 3828 se
670 3724 890 3827 confidere
925 3727 1230 3857 Gandavenses
1265 3720 1321 3825 ab
1358 3722 1456 3868 ipso
1493 3763 1615 3864 prae⁴

106 3907 276 3971 sente
324 3866 448 3973 facile
498 3910 625 4014 posse
673 3872 730 3971 ad
756 3868 994 3973 ‘sanitatem
1043 3868 1264 3971 revocari.
1321 3878 1372 3969 In
1408 3869 1611 3971 eamdem

102 4013 414 4114 sententiam
446 4032 549 4118 curn
592 4016 753 4118 litteras
789 4011 847 4115 ab
882 4012 1012 4134 aliis,
1046 4052 1242 4157 quorum
1285 4011 1333 4112 in
1382 4053 1425 4114 se
1476 4008 1612 4113 fidem

100 4193 463 4301 perspexerat,
487 4162 811 4304 consiliumque
841 4155 1087 4300 probabat,
1116 4155 1376 4302 accepisset,
1410 4152 1612 4295 Belgium

102 4302 267 4404 adire
310 4304 575 4429 constituit,
608 4301 1024 4450 profectionemque
1076 4295 1225 4445 parare
1269 4298 1443 4439 coepit.
1503 4309 1612 4417 Quo

107 4448 369 4588 cognito,
412 4462 509 4555 Rex
546 4453 777 4552 Gallorum
822 4447 1066 4547 Franciscus
1110 4442 1362 4544 demerendi
1398 4441 1614 4542 Carolum

114 4592 461 4716 occasionem,
503 4636 617 4738 quae
652 4590 801 4697 offerri
839 4588 1099 4710 videbatur,
1132 4588 1218 4690 sibi
1241 4587 1498 4689 ¹tenendam
1542 4625 1614 4686 ra-

125 4762 253 4851 tus,
293 4739 412 4841 ultro
459 4779 537 4882 per
589 4739 766 4841 nuntios
803 4772 846 4839 et
880 4737 1042 4838 litteras
1094 4773 1215 4837 suam
1267 4733 1307 4834 ei
1341 4732 1616 4834 voluntatem

224 4880 340 4982 Tom.
363 4895 420 4985 Π.
1227 4885 1275 4976 Ν
1565 4911 1619 4970 o·
