<?xml version="1.0" encoding="UTF-8"?>
<!DOCTYPE html PUBLIC "-//W3C//DTD XHTML 1.0 Transitional//EN"
    "http://www.w3.org/TR/xhtml1/DTD/xhtml1-transitional.dtd">
<html xmlns="http://www.w3.org/1999/xhtml" xml:lang="en" lang="en">
 <head>
  <title>
</title>
<meta http-equiv="Content-Type" content="text/html;charset=utf-8" />
  <meta name='ocr-system' content='tesseract 3.04.00' />
  <meta name='ocr-capabilities' content='ocr_page ocr_carea ocr_par ocr_line ocrx_word'/>
</head>
<body>
  <div class='ocr_page' id='page_1' title='image "./joannisgenesiis00sepgoog_0297.png"; bbox 0 0 4192 5858; ppageno 0'>
   <div class='ocr_carea' id='block_1_1' title="bbox 409 391 1444 501">
    <p class='ocr_par' dir='ltr' id='par_1_1' title="bbox 409 391 1444 501">
     <span class='ocr_line' id='line_1_1' title="bbox 409 391 1444 501; baseline -0.009 -15"><span class='ocrx_word' id='word_1_1' title='bbox 409 404 648 487; x_wconf 74' lang='lat' dir='ltr'>ennom</span> <span class='ocrx_word' id='word_1_2' title='bbox 689 404 741 484; x_wconf 87' lang='lat' dir='ltr'>v.</span> <span class='ocrx_word' id='word_1_3' title='bbox 783 402 902 483; x_wconf 70' lang='lat' dir='ltr'>cru.</span> <span class='ocrx_word' id='word_1_4' title='bbox 944 408 1131 483; x_wconf 81' lang='lat' dir='ltr'>xxrrr.</span> <span class='ocrx_word' id='word_1_5' title='bbox 1360 391 1444 501; x_wconf 75' lang='lat'>265</span> 
     </span>
    </p>
   </div>
   <div class='ocr_carea' id='block_1_2' title="bbox 113 554 1575 2986">
    <p class='ocr_par' dir='ltr' id='par_1_2' title="bbox 113 554 1575 2986">
     <span class='ocr_line' id='line_1_2' title="bbox 114 554 1506 699; baseline -0.001 -40"><span class='ocrx_word' id='word_1_6' title='bbox 114 561 204 661; x_wconf 77' lang='lat' dir='ltr'>rad</span> <span class='ocrx_word' id='word_1_7' title='bbox 237 592 409 699; x_wconf 88' lang='lat' dir='ltr'>tempus</span> <span class='ocrx_word' id='word_1_8' title='bbox 445 556 777 657; x_wconf 82' lang='lat' dir='ltr'><strong>destinarentur.</strong></span> <span class='ocrx_word' id='word_1_9' title='bbox 822 554 961 673; x_wconf 86' lang='lat' dir='ltr'>Quod</span> <span class='ocrx_word' id='word_1_10' title='bbox 997 593 1101 653; x_wconf 91' lang='lat' dir='ltr'>cum</span> <span class='ocrx_word' id='word_1_11' title='bbox 1133 595 1227 664; x_wconf 88' lang='lat' dir='ltr'>non</span> <span class='ocrx_word' id='word_1_12' title='bbox 1263 558 1506 697; x_wconf 85' lang='lat' dir='ltr'>impetras·&#39;</span> 
     </span>
     <span class='ocr_line' id='line_1_3' title="bbox 126 694 1486 844; baseline -0.001 -43"><span class='ocrx_word' id='word_1_13' title='bbox 126 705 154 824; x_wconf 10' lang='grc' dir='ltr'>,ἶ</span> <span class='ocrx_word' id='word_1_14' title='bbox 176 703 340 844; x_wconf 88' lang='lat' dir='ltr'>quippe</span> <span class='ocrx_word' id='word_1_15' title='bbox 377 699 579 840; x_wconf 84' lang='lat' dir='ltr'>religioni</span> <span class='ocrx_word' id='word_1_16' title='bbox 613 696 699 797; x_wconf 91' lang='lat' dir='ltr'>hoc</span> <span class='ocrx_word' id='word_1_17' title='bbox 734 694 937 797; x_wconf 88' lang='lat' dir='ltr'>habitum</span> <span class='ocrx_word' id='word_1_18' title='bbox 973 731 1070 816; x_wconf 89' lang='lat' dir='ltr'>est,</span> <span class='ocrx_word' id='word_1_19' title='bbox 1105 734 1148 796; x_wconf 90' lang='lat' dir='ltr'>et</span> <span class='ocrx_word' id='word_1_20' title='bbox 1184 696 1239 797; x_wconf 90' lang='lat' dir='ltr'>ab</span> <span class='ocrx_word' id='word_1_21' title='bbox 1275 700 1486 800; x_wconf 89' lang='lat' dir='ltr'>Ecclesia-</span> 
     </span>
     <span class='ocr_line' id='line_1_4' title="bbox 114 835 1487 984; baseline -0.001 -39"><span class='ocrx_word' id='word_1_22' title='bbox 114 886 150 945; x_wconf 87' lang='lat' dir='ltr'>:a</span> <span class='ocrx_word' id='word_1_23' title='bbox 198 843 409 984; x_wconf 83' lang='lat' dir='ltr'>dignitate</span> <span class='ocrx_word' id='word_1_24' title='bbox 458 880 508 939; x_wconf 90' lang='lat' dir='ltr'>ac</span> <span class='ocrx_word' id='word_1_25' title='bbox 553 836 748 939; x_wconf 88' lang='lat' dir='ltr'>libertate</span> <span class='ocrx_word' id='word_1_26' title='bbox 800 835 1032 963; x_wconf 84' lang='lat' dir='ltr'>abhorrere</span> <span class='ocrx_word' id='word_1_27' title='bbox 1087 839 1274 959; x_wconf 91' lang='lat' dir='ltr'>visum,</span> <span class='ocrx_word' id='word_1_28' title='bbox 1318 844 1487 974; x_wconf 88' lang='lat' dir='ltr'>Joanni</span> 
     </span>
     <span class='ocr_line' id='line_1_5' title="bbox 114 978 1488 1121; baseline -0.001 -37"><span class='ocrx_word' id='word_1_29' title='bbox 114 986 243 1087; x_wconf 89' lang='lat' dir='ltr'>trtino</span> <span class='ocrx_word' id='word_1_30' title='bbox 275 984 441 1118; x_wconf 63' lang='lat' dir='ltr'>vSilicco</span> <span class='ocrx_word' id='word_1_31' title='bbox 477 983 695 1121; x_wconf 89' lang='lat' dir='ltr'>Episcopo</span> <span class='ocrx_word' id='word_1_32' title='bbox 737 978 1069 1120; x_wconf 84' lang='lat' dir='ltr'>Carthaginensi</span> <span class='ocrx_word' id='word_1_33' title='bbox 1120 981 1237 1116; x_wconf 91' lang='lat' dir='ltr'>idem</span> <span class='ocrx_word' id='word_1_34' title='bbox 1292 990 1488 1119; x_wconf 79' lang='lat' dir='ltr'>sacerdo·</span> 
     </span>
     <span class='ocr_line' id='line_1_6' title="bbox 114 1111 1487 1247; baseline 0.001 -21"><span class='ocrx_word' id='word_1_35' title='bbox 114 1116 180 1226; x_wconf 69' lang='lat' dir='ltr'>m¹</span> <span class='ocrx_word' id='word_1_36' title='bbox 211 1114 510 1226; x_wconf 86' lang='lat' dir='ltr'>mandandum</span> <span class='ocrx_word' id='word_1_37' title='bbox 559 1123 752 1224; x_wconf 90' lang='lat' dir='ltr'>curavit.</span> <span class='ocrx_word' id='word_1_38' title='bbox 811 1122 920 1221; x_wconf 86' lang='lat' dir='ltr'>Hie</span> <span class='ocrx_word' id='word_1_39' title='bbox 952 1122 1071 1223; x_wconf 89' lang='lat' dir='ltr'>enim</span> <span class='ocrx_word' id='word_1_40' title='bbox 1124 1121 1202 1247; x_wconf 75' lang='lat' dir='ltr'>se,</span> <span class='ocrx_word' id='word_1_41' title='bbox 1230 1111 1273 1222; x_wconf 30' lang='lat' dir='ltr'>*si</span> <span class='ocrx_word' id='word_1_42' title='bbox 1310 1122 1487 1227; x_wconf 88' lang='lat' dir='ltr'>Archie-</span> 
     </span>
     <span class='ocr_line' id='line_1_7' title="bbox 113 1259 1488 1407; baseline 0.001 -40"><span class='ocrx_word' id='word_1_43' title='bbox 113 1306 248 1407; x_wconf 92' lang='lat' dir='ltr'>copus</span> <span class='ocrx_word' id='word_1_44' title='bbox 299 1266 450 1387; x_wconf 86' lang='lat' dir='ltr'>fieret,</span> <span class='ocrx_word' id='word_1_45' title='bbox 486 1265 674 1366; x_wconf 91' lang='lat' dir='ltr'>minimo</span> <span class='ocrx_word' id='word_1_46' title='bbox 724 1259 819 1364; x_wconf 89' lang='lat' dir='ltr'>fore</span> <span class='ocrx_word' id='word_1_47' title='bbox 871 1298 1167 1382; x_wconf 84' lang='lat' dir='ltr'>contentum,</span> <span class='ocrx_word' id='word_1_48' title='bbox 1202 1265 1363 1365; x_wconf 87' lang='lat' dir='ltr'>Carolo</span> <span class='ocrx_word' id='word_1_49' title='bbox 1413 1306 1488 1406; x_wconf 90' lang='lat' dir='ltr'>per</span> 
     </span>
     <span class='ocr_line' id='line_1_8' title="bbox 117 1407 1483 1533; baseline 0.004 -25"><span class='ocrx_word' id='word_1_50' title='bbox 117 1408 341 1509; x_wconf 90' lang='lat' dir='ltr'>emuntios</span> <span class='ocrx_word' id='word_1_51' title='bbox 392 1416 446 1509; x_wconf 88' lang='lat' dir='ltr'>et&#39;</span> <span class='ocrx_word' id='word_1_52' title='bbox 482 1407 641 1508; x_wconf 87' lang='lat' dir='ltr'>litteras</span> <span class='ocrx_word' id='word_1_53' title='bbox 689 1407 982 1525; x_wconf 87' lang='lat' dir='ltr'>ostenderat,</span> <span class='ocrx_word' id='word_1_54' title='bbox 1017 1446 1096 1506; x_wconf 88' lang='lat' dir='ltr'>nee</span> <span class='ocrx_word' id='word_1_55' title='bbox 1159 1444 1483 1533; x_wconf 86' lang='lat' dir='ltr'>recusaturum,</span> 
     </span>
     <span class='ocr_line' id='line_1_9' title="bbox 114 1544 1575 1679; baseline 0.004 -31"><span class='ocrx_word' id='word_1_56' title='bbox 114 1552 161 1649; x_wconf 93' lang='lat' dir='ltr'>in</span> <span class='ocrx_word' id='word_1_57' title='bbox 196 1551 375 1653; x_wconf 83' lang='lat' dir='ltr'>Carolus</span> <span class='ocrx_word' id='word_1_58' title='bbox 408 1546 622 1651; x_wconf 90' lang='lat' dir='ltr'>fructibus</span> <span class='ocrx_word' id='word_1_59' title='bbox 656 1557 746 1679; x_wconf 87' lang='lat' dir='ltr'>ejus</span> <span class='ocrx_word' id='word_1_60' title='bbox 782 1546 1009 1650; x_wconf 89' lang='lat' dir='ltr'>sacerdotii</span> <span class='ocrx_word' id='word_1_61' title='bbox 1053 1544 1267 1652; x_wconf 86' lang='lat' dir='ltr'>arbitratu</span> <span class='ocrx_word' id='word_1_62' title='bbox 1318 1590 1397 1652; x_wconf 90' lang='lat' dir='ltr'>suo</span> <span class='ocrx_word' id='word_1_63' title='bbox 1431 1556 1489 1655; x_wconf 89' lang='lat' dir='ltr'>ad</span> <span class='ocrx_word' id='word_1_64' title='bbox 1570 1556 1575 1559; x_wconf 63' lang='grc'><strong>’</strong></span> 
     </span>
     <span class='ocr_line' id='line_1_10' title="bbox 114 1686 1488 1832; baseline 0.004 -40"><span class='ocrx_word' id='word_1_65' title='bbox 114 1730 231 1796; x_wconf 84' lang='lat' dir='ltr'>›rum</span> <span class='ocrx_word' id='word_1_66' title='bbox 290 1690 531 1793; x_wconf 86' lang='lat' dir='ltr'>bellorum</span> <span class='ocrx_word' id='word_1_67' title='bbox 569 1728 732 1793; x_wconf 88' lang='lat' dir='ltr'>sumtus</span> <span class='ocrx_word' id='word_1_68' title='bbox 784 1704 973 1793; x_wconf 88' lang='lat' dir='ltr'>uteretur</span> <span class='ocrx_word' id='word_1_69' title='bbox 987 1701 1024 1794; x_wconf 56' lang='grc' dir='ltr'>,Τ</span> <span class='ocrx_word' id='word_1_70' title='bbox 1047 1701 1232 1832; x_wconf 52' lang='lat' dir='ltr'>[Itaque</span> <span class='ocrx_word' id='word_1_71' title='bbox 1281 1702 1398 1796; x_wconf 55' lang='lat' dir='ltr'>cum?</span> <span class='ocrx_word' id='word_1_72' title='bbox 1418 1686 1488 1797; x_wconf 87' lang='lat' dir='ltr'>fa·</span> 
     </span>
     <span class='ocr_line' id='line_1_11' title="bbox 114 1833 1490 1978; baseline 0.004 -45"><span class='ocrx_word' id='word_1_73' title='bbox 114 1875 159 1933; x_wconf 86' lang='lat' dir='ltr'>rs</span> <span class='ocrx_word' id='word_1_74' title='bbox 180 1870 285 1935; x_wconf 84' lang='lat' dir='ltr'>esset</span> <span class='ocrx_word' id='word_1_75' title='bbox 317 1833 715 1976; x_wconf 88' lang='lat' dir='ltr'>Archiepiscopus,</span> <span class='ocrx_word' id='word_1_76' title='bbox 750 1834 1033 1934; x_wconf 90' lang='lat' dir='ltr'>constitutum</span> <span class='ocrx_word' id='word_1_77' title='bbox 1074 1869 1134 1932; x_wconf 88' lang='lat' dir='ltr'>cst</span> <span class='ocrx_word' id='word_1_78' title='bbox 1183 1836 1308 1938; x_wconf 83' lang='lat' dir='ltr'>inter.</span> <span class='ocrx_word' id='word_1_79' title='bbox 1342 1837 1490 1978; x_wconf 88' lang='lat' dir='ltr'>ipsos,</span> 
     </span>
     <span class='ocr_line' id='line_1_12' title="bbox 136 1974 1517 2117; baseline 0.004 -41"><span class='ocrx_word' id='word_1_80' title='bbox 136 1977 396 2076; x_wconf 87' lang='lat' dir='ltr'>ducatorum</span> <span class='ocrx_word' id='word_1_81' title='bbox 430 1978 660 2077; x_wconf 87' lang='lat' dir='ltr'>aureorum</span> <span class='ocrx_word' id='word_1_82' title='bbox 695 1977 969 2117; x_wconf 89' lang='lat' dir='ltr'>quadragena</span> <span class='ocrx_word' id='word_1_83' title='bbox 1005 1974 1141 2076; x_wconf 86' lang='lat' dir='ltr'>millia</span> <span class='ocrx_word' id='word_1_84' title='bbox 1160 1974 1222 2078; x_wconf 76' lang='lat' dir='ltr'>&#39;in</span> <span class='ocrx_word' id='word_1_85' title='bbox 1254 1987 1395 2079; x_wconf 62' lang='lat' dir='ltr'>&#39;annos</span> <span class='ocrx_word' id='word_1_86' title='bbox 1432 1985 1517 2082; x_wconf 89' lang='lat' dir='ltr'>ad.</span> 
     </span>
     <span class='ocr_line' id='line_1_13' title="bbox 114 2117 1489 2263; baseline 0.005 -47"><span class='ocrx_word' id='word_1_87' title='bbox 114 2119 253 2217; x_wconf 72' lang='lat' dir='ltr'>ndreae</span> <span class='ocrx_word' id='word_1_88' title='bbox 295 2118 460 2218; x_wconf 89' lang='lat' dir='ltr'>Doriae</span> <span class='ocrx_word' id='word_1_89' title='bbox 507 2117 730 2218; x_wconf 89' lang='lat' dir='ltr'>classicum</span> <span class='ocrx_word' id='word_1_90' title='bbox 780 2118 1045 2257; x_wconf 91' lang='lat' dir='ltr'>stipendium</span> <span class='ocrx_word' id='word_1_91' title='bbox 1091 2120 1340 2256; x_wconf 68' lang='lat' dir='ltr'>&#39;pendereta</span> <span class='ocrx_word' id='word_1_92' title='bbox 1376 2162 1489 2263; x_wconf 85' lang='lat' dir='ltr'>quae</span> 
     </span>
     <span class='ocr_line' id='line_1_14' title="bbox 114 2255 1491 2400; baseline 0.007 -44"><span class='ocrx_word' id='word_1_93' title='bbox 114 2297 222 2357; x_wconf 87' lang='lat' dir='ltr'>nma</span> <span class='ocrx_word' id='word_1_94' title='bbox 256 2297 361 2359; x_wconf 90' lang='lat' dir='ltr'>cum</span> <span class='ocrx_word' id='word_1_95' title='bbox 394 2295 495 2398; x_wconf 91' lang='lat' dir='ltr'>post</span> <span class='ocrx_word' id='word_1_96' title='bbox 528 2262 582 2359; x_wconf 88' lang='lat' dir='ltr'>ad</span> <span class='ocrx_word' id='word_1_97' title='bbox 618 2259 806 2400; x_wconf 61' lang='lat' dir='ltr'>triginta&gt;</span> <span class='ocrx_word' id='word_1_98' title='bbox 827 2257 963 2357; x_wconf 89' lang='lat' dir='ltr'>millia</span> <span class='ocrx_word' id='word_1_99' title='bbox 998 2259 1168 2358; x_wconf 84' lang='lat' dir='ltr'>redacta</span> <span class='ocrx_word' id='word_1_100' title='bbox 1202 2255 1385 2384; x_wconf 75' lang='lat' dir='ltr'>luisset,</span> <span class='ocrx_word' id='word_1_101' title='bbox 1416 2267 1491 2365; x_wconf 91' lang='lat' dir='ltr'>tri-</span> 
     </span>
     <span class='ocr_line' id='line_1_15' title="bbox 118 2399 1492 2541; baseline 0.012 -46.951"><span class='ocrx_word' id='word_1_102' title='bbox 118 2400 172 2499; x_wconf 91' lang='lat' dir='ltr'>tis</span> <span class='ocrx_word' id='word_1_103' title='bbox 211 2410 301 2530; x_wconf 89' lang='lat' dir='ltr'>jam</span> <span class='ocrx_word' id='word_1_104' title='bbox 350 2436 530 2501; x_wconf 88' lang='lat' dir='ltr'>centum</span> <span class='ocrx_word' id='word_1_105' title='bbox 574 2400 735 2541; x_wconf 87' lang='lat' dir='ltr'>viginti</span> <span class='ocrx_word' id='word_1_106' title='bbox 787 2399 978 2500; x_wconf 88' lang='lat' dir='ltr'>millibus</span> <span class='ocrx_word' id='word_1_107' title='bbox 1011 2456 1027 2517; x_wconf 82' lang='lat'>,</span> <span class='ocrx_word' id='word_1_108' title='bbox 1061 2399 1209 2539; x_wconf 89' lang='lat' dir='ltr'>coepit</span> <span class='ocrx_word' id='word_1_109' title='bbox 1259 2404 1313 2503; x_wconf 90' lang='lat' dir='ltr'>de</span> <span class='ocrx_word' id='word_1_110' title='bbox 1363 2410 1492 2513; x_wconf 87' lang='lat' dir='ltr'>omni</span> 
     </span>
     <span class='ocr_line' id='line_1_16' title="bbox 114 2538 1492 2684; baseline 0.007 -42"><span class='ocrx_word' id='word_1_111' title='bbox 114 2543 261 2643; x_wconf 87' lang='lat' dir='ltr'>nsione</span> <span class='ocrx_word' id='word_1_112' title='bbox 294 2580 484 2644; x_wconf 86' lang='lat' dir='ltr'>recusare</span> <span class='ocrx_word' id='word_1_113' title='bbox 495 2617 512 2660; x_wconf 85' lang='lat'><em>,</em></span> <span class='ocrx_word' id='word_1_114' title='bbox 547 2580 591 2644; x_wconf 92' lang='lat' dir='ltr'>et</span> <span class='ocrx_word' id='word_1_115' title='bbox 624 2540 858 2643; x_wconf 84' lang='lat' dir='ltr'>recusandi</span> <span class='ocrx_word' id='word_1_116' title='bbox 878 2579 1051 2642; x_wconf 85' lang='lat' dir='ltr'>causam</span> <span class='ocrx_word' id='word_1_117' title='bbox 1100 2538 1212 2641; x_wconf 88' lang='lat' dir='ltr'>hanc</span> <span class='ocrx_word' id='word_1_118' title='bbox 1246 2545 1336 2684; x_wconf 90' lang='lat' dir='ltr'>ipse</span> <span class='ocrx_word' id='word_1_119' title='bbox 1378 2548 1492 2652; x_wconf 84' lang='lat' dir='ltr'>mihi</span> 
     </span>
     <span class='ocr_line' id='line_1_17' title="bbox 114 2680 1491 2828; baseline 0.007 -48"><span class='ocrx_word' id='word_1_120' title='bbox 114 2683 352 2822; x_wconf 86' lang='lat' dir='ltr'>lloquendo</span> <span class='ocrx_word' id='word_1_121' title='bbox 400 2680 529 2787; x_wconf 85' lang='lat' dir='ltr'>fuisse</span> <span class='ocrx_word' id='word_1_122' title='bbox 574 2684 716 2804; x_wconf 88' lang='lat' dir='ltr'>dixit,</span> <span class='ocrx_word' id='word_1_123' title='bbox 752 2719 796 2783; x_wconf 92' lang='lat' dir='ltr'>et</span> <span class='ocrx_word' id='word_1_124' title='bbox 832 2681 1135 2825; x_wconf 87' lang='lat' dir='ltr'>praedicabat,</span> <span class='ocrx_word' id='word_1_125' title='bbox 1168 2686 1293 2822; x_wconf 91' lang='lat' dir='ltr'>quod</span> <span class='ocrx_word' id='word_1_126' title='bbox 1328 2727 1376 2787; x_wconf 87' lang='lat' dir='ltr'>ea</span> <span class='ocrx_word' id='word_1_127' title='bbox 1411 2727 1491 2828; x_wconf 88' lang='lat' dir='ltr'>pe·</span> 
     </span>
     <span class='ocr_line' id='line_1_18' title="bbox 114 2821 1491 2986; baseline 0.008 -61"><span class='ocrx_word' id='word_1_128' title='bbox 114 2825 218 2945; x_wconf 87' lang='lat' dir='ltr'>nia,</span> <span class='ocrx_word' id='word_1_129' title='bbox 252 2865 389 2965; x_wconf 83' lang='lat' dir='ltr'>quam</span> <span class='ocrx_word' id='word_1_130' title='bbox 415 2825 512 2986; x_wconf 86' lang='lat' dir='ltr'>ipse</span> <span class='ocrx_word' id='word_1_131' title='bbox 547 2865 621 2926; x_wconf 85' lang='lat' dir='ltr'>sua</span> <span class='ocrx_word' id='word_1_132' title='bbox 655 2825 879 2926; x_wconf 87' lang='lat' dir='ltr'>voluntate</span> <span class='ocrx_word' id='word_1_133' title='bbox 930 2864 981 2923; x_wconf 82' lang='lat' dir='ltr'>ac</span> <span class='ocrx_word' id='word_1_134' title='bbox 1028 2821 1281 2932; x_wconf 81' lang='lat' dir='ltr'>liberalitate</span> <span class='ocrx_word' id='word_1_135' title='bbox 1333 2826 1491 2936; x_wconf 57' lang='lat' dir='ltr'>tribuo</span> 
     </span>
    </p>
   </div>
   <div class='ocr_carea' id='block_1_3' title="bbox 114 2965 1069 3114">
    <p class='ocr_par' dir='ltr' id='par_1_3' title="bbox 114 2965 1069 3114">
     <span class='ocr_line' id='line_1_19' title="bbox 114 2965 1069 3114; baseline 0.008 -47"><span class='ocrx_word' id='word_1_136' title='bbox 114 3000 160 3091; x_wconf 85' lang='lat' dir='ltr'>t,</span> <span class='ocrx_word' id='word_1_137' title='bbox 194 3007 220 3069; x_wconf 88' lang='lat' dir='ltr'>a</span> <span class='ocrx_word' id='word_1_138' title='bbox 254 3007 298 3070; x_wconf 87' lang='lat' dir='ltr'>se</span> <span class='ocrx_word' id='word_1_139' title='bbox 334 3004 460 3110; x_wconf 79' lang='lat' dir='ltr'>quast</span> <span class='ocrx_word' id='word_1_140' title='bbox 491 2978 586 3104; x_wconf 89' lang='lat' dir='ltr'>jure</span> <span class='ocrx_word' id='word_1_141' title='bbox 620 2965 767 3074; x_wconf 83' lang='lat' dir='ltr'>debita</span> <span class='ocrx_word' id='word_1_142' title='bbox 801 2966 1069 3114; x_wconf 69' lang='lat' dir='ltr'>exigerem.</span> 
     </span>
    </p>
   </div>
   <div class='ocr_carea' id='block_1_4' title="bbox 0 0 2107 5858">
    <p class='ocr_par' dir='ltr' id='par_1_4' title="bbox 0 0 2107 5858">
     <span class='ocr_line' id='line_1_20' title="bbox 0 0 2107 5858; baseline 0 0"><span class='ocrx_word' id='word_1_143' title='bbox 0 0 2107 5858; x_wconf 95' lang='lat' dir='ltr'> </span> 
     </span>
    </p>
   </div>
  </div>
 </body>
</html>
