4034 5858
111 555 219 628 tiones
240 551 478 623 transcendat.
502 552 531 621 1.
554 549 634 645 385.
674 550 780 622 Cete-¹

109 679 160 727 ras
183 653 296 751 copias
326 651 458 724 instruit
496 648 541 722 ad
580 650 781 723 avertendos

108 754 241 837 hostes,
255 752 340 847 siqui
372 774 414 825 ex
441 752 577 822 Tunete
600 768 780 848 erumpant

109 854 155 927 ad
169 851 416 950 impediendam
440 852 585 924 Goletae
604 872 780 949 expugna-

109 955 257 1026 tionem.
291 959 320 1024 Ι.
342 954 424 1046 385.
460 950 648 1048 Octoginta
680 973 780 1024 naves

111 1072 269 1126 rostratas
303 1052 430 1124 idoneis
451 1051 532 1124 locis
556 1051 722 1122 collocat.
747 1054 778 1122 Ι.

112 1155 196 1250 387.
225 1154 395 1225 inlocum
411 1148 670 1251 oppugnationis
697 1172 778 1245 pro-

111 1253 284 1352 greditur.
312 1258 340 1323 Ι.-
372 1254 451 1346 386.
482 1255 650 1324 Hortatus
676 1247 779 1321 duces

110 1356 179 1450 ipse
195 1351 238 1423 ad
253 1352 435 1424 curandam
446 1352 571 1433 aciem,
588 1350 613 1422 si
628 1347 738 1420 hostes
757 1372 779 1420 a

111 1455 248 1524 Tunete
266 1452 487 1537 emittantur,
505 1449 602 1548 pedes
630 1445 778 1547 regredi-

111 1571 169 1624 tur
191 1604 202 1638 ,
228 1576 306 1623 nam
332 1576 425 1648 equo
445 1551 586 1624 insidens
614 1549 685 1621 telis
711 1548 778 1621 ho-

110 1654 213 1726 stium
228 1653 468 1747 tormentisque
495 1648 599 1747 tnagis
617 1648 777 1745 patebat.

112 1757 143 1825 Ι.
172 1753 252 1844 386.
284 1753 498 1848 Promulgata
514 1753 586 1846 lege
600 1748 778 1819 Mahumc-

25 1907 31 1914 .
111 1870 209 1923 tanos
230 1857 458 1949 Aragonenses
479 1874 519 1922 ex
547 1847 708 1944 Hispania
722 1845 778 1935 eji-

111 1953 178 2023 cit.
194 1955 311 2043 I.391.
334 1956 532 2022 Convocata
547 1948 720 2029 concione,
734 1945 777 2016 de

113 2050 241 2121 ratione
266 2046 510 2146 oppugnandae
538 2044 680 2114 Tunetis'
701 2067 777 2114 sen·

111 2148 232 2219 tentias
265 2144 509 2241 praefectorum
545 2144 715 2238 exquirit.
746 2148 776 2214 1.

117 2266 199 2340 395.
222 2243 404 2316 Charadini
419 2264 526 2316 tantas
554 2243 666 2341 copias
684 2239 778 2313 haud

113 2343 311 2444 spernendas
326 2344 512 2428 existimat,
541 2341 597 2414 sed
620 2343 702 2414 nihil
723 2341 776 2412 fa-

113 2464 210 2517 ctum
228 2443 324 2516 fuisse
340 2443 542 2527 arbitratur,
570 2443 630 2512 nisi
646 2440 778 2512 Chara-

113 2543 235 2626 dinus,
255 2543 357 2636 atque
379 2527 676 2638 adeo'Solymanus
698 2542 777 2612 Tu-

114 2643 199 2716 netis
224 2642 364 2738 imperio
397 2640 614 2730 dejiciantur.
641 2647 670 2710 Ι.
699 2658 776 2732 397.

114 2741 252 2816 Andrea
274 2742 383 2812 Doria
414 2742 576 2814 Goletam
598 2739 686 2809 tueri
706 2742 776 2829 jus-

114 2866 152 2913 so
169 2891 180 2926 ,
209 2863 328 2938 agmen
351 2836 396 2909 ad
413 2841 584 2910 Tunetem
600 2860 707 2909 versus
721 2839 777 2909 in-

116 2939 229 3013 ducit.
257 2946 285 3011 Ι.
318 2955 394 3031 397.
428 2943 468 3008 10
501 2936 615 3010 favore
650 2936 778 3011 Christi

114 3040 182 3112 Dei
204 3062 293 3135 spem
313 3036 472 3108 victoriae
495 3041 649 3109 collocat.
662 3042 776 3131 I.397.

113 3136 530 3220 Laetitiaexsultat,videns
545 3136 776 3211 Charadinum

114 3237 259 3335 copiase
281 3239 416 3306 Tunete
431 3235 618 3309 deducere.
645 3243 674 3307 Ι.
696 3255 776 3330 399.

114 3339 260 3413 Primam
281 3334 384 3407 aciem
412 3337 455 3407 ad
474 3338 635 3434 praelium
657 3336 777 3408 cohor*

113 3455 205 3510 tatus
219 3434 263 3506 ad
283 3433 426 3505 mediam
450 3437 644 3537 regreditur.
657 3440 686 3506 Ι.
693 3459 777 3528 400.

115 3541 250 3635 Agmen
274 3534 472 3628 obequitans
488 3559 580 3632 equo
598 3537 777 3634 prolaben-

116 3654 152 3706 te
182 3634 362 3720 concidit,
389 3654 423 3706 et
455 3637 607 3734 protinus
628 3659 660 3706 sc
680 3637 779 3736 erigit

117 3734 263 3806 illaesus.
295 3741 324 3807 I.
341 3756 422 3827 400·
462 3740 548 3809 Mox
579 3754 713 3808 mutato
742 3757 777 3806 et

116 3858 295 3907 conscenso
312 3857 420 3928 equo,
437 3835 480 3907 ad
500 3836 667 3930 reliquum
684 3857 779 3934 prae-

117 3934 201 4005 lium
229 3931 526 4007 administrandum
548 3938 653 4007 laetus
678 3984 689 4019 ‚
716 3956 780 4007 nec

118 4031 308 4126 quidquam
340 4035 452 4105 omine
488 4035 621 4107 territus
663 4056 780 4132 proce-

119 4132 192 4203 dit.
232 4134 261 4200 Ι.
288 4153 371 4223 400.
409 4133 564 4207 Admoto
597 4135 665 4225 jam
702 4134 781 4208 urbi

118 4228 270 4331 agmine,
286 4231 381 4302 Vasti
397 4233 627 4306 Marchionem
657 4233 701 4306 ad
728 4236 782 4307 vi-

118 4357 198 4405 cum
209 4329 438 4402 suburbanum
454 4328 690 4430 occupandum
707 4335 783 4406 mit·
821 4328 831 4342 ’”

118 4433 183 4502 tit.
207 4436 236 4500 Ι.
252 4454 336 4525 403.
352 4436 499 4528 Recepta
513 4434 580 4521 jam
603 4457 689 4518 arce,
706 4437 784 4507 Ha-

120 4553 239 4600 zenum
262 4530 306 4602 ad
332 4553 365 4600 se
386 4552 512 4615 vocat,
533 4551 700 4604 eteorum
734 4535 784 4606 ci-

124 4628 216 4697 vium
239 4629 372 4701 nomina
396 4629 475 4702 dare
497 4633 614 4720 jubet,
635 4655 783 4726 quorum

121 4728 209 4798 inse
234 4726 314 4796 fides
337 4731 521 4814 extitisset,
545 4732 671 4825 nequid
707 4733 786 4808 mali

125 4827 161 4898 in
184 4825 276 4897 urbis
299 4823 483 4923 direptione
506 4831 579 4926 ipsis
612 4831 786 4904 inferatur.

124 4931 155 5001 Ι.
170 4947 254 5023 403.
272 4927 495 5026 Captivorum
518 4930 784 5010 Christianorum

884 547 1077 623 liberatione
1103 547 1148 620 ad
1179 550 1297 648 viginti
1325 550 1426 623 millia
1456 575 1550 626 sum-

885 672 1022 746 mopere
1040 647 1253 732 delectatur,
1277 652 1336 744 qui
1360 676 1421 723 suo
1435 673 1551 726 sumtu

884 773 999 822 omnes
1022 747 1178 832 alendos,
1191 767 1224 817 et
1244 748 1278 818 in
1289 753 1420 823 Italiam
1436 772 1468 823 et
1486 752 1553 824 Hi-

884 850 1032 947 spaniam
1054 847 1262 922 reducendos
1281 871 1393 922 curat.
1422 856 1450 920 Ι.
1467 874 1553 944 404.
1615 860 1620 866 ”

884 946 1028 1021 Tunetis
1053 950 1210 1048 praedam
1236 948 1396 1021 militibus
1412 953 1553 1049 permit-

884 1049 945 1121 tit.
964 1055 993 1121 I.
1004 1073 1089 1142 404.
1114 1049 1277 1146 Captivos
1298 1050 1448 1122 Gallicos
1462 1053 1551 1123 Gal·

884 1151 996 1222 lorum
1025 1152 1127 1252 Regis
1150 1149 1277 1222 oratori
1322 1149 1410 1221 tradi
1436 1150 1551 1239 jubet.

883 1254 914 1320 Ι.
929 1271 1013 1343 404.
1030 1253 1168 1322 Tunete
1187 1252 1329 1322 Hazeno
1344 1249 1478 1332 tradita,
1495 1275 1552 1321 co·

884 1352 951 1448 pias
975 1350 1053 1421 inde
1077 1349 1212 1428 Radam
1236 1348 1391 1420 deducit.
1420 1355 1448 1419 I.
1464 1371 1549 1442 405.

884 1447 975 1523 Afris
994 1452 1153 1523 omnibus
1179 1450 1309 1521 veniam
1328 1473 1386 1547 per
1408 1472 1549 1546 praeco-

884 1572 961 1620 nem
974 1548 1050 1621 dat.
1073 1556 1103 1622 Ι.
1118 1572 1203 1642 405.
1236 1549 1391 1621 Andreae
1419 1550 1547 1621 Doriae

882 1649 995 1740 jubet,
1014 1670 1052 1720 ut
1077 1652 1222 1745 aliquem
1249 1647 1490 1745 praefectorum
1504 1647 1548 1723 ad

881 1747 1058 1845 capiendas
1076 1751 1217 1845 reliquas
1241 1748 1425 1820 Charadini
1451 1750 1547 1821 taire«

882 1871 948 1918 mes
973 1850 1058 1933 ,vel
1091 1846 1312 1929 incendendas
1340 1848 1474 1919 mittat.
1517 1852 1548 1919 1.

881 1949 964 2038 406.
991 1944 1146 2016 Andreae
1170 1948 1297 2017 Doriae
1312 1946 1494 2042 praecipit,
1507 1964 1548 2016 ut

881 2046 1026 2139 aliquem
1063 2045 1282 2117 raefectorum
1298 2044 1482 2138 mittat,qui
1497 2063 1549 2114 re⁴

882 2145 989 2238 liquas
1013 2069 1195 2218 Cinaradini
1214 2147 1360 2217 triremes
1385 2146 1547 2242 Hippone

881 2244 1016 2341 capiat,
1030 2263 1089 2316 aut
1112 2244 1287 2316 incendat.
1315 2250 1343 2315 Ι.
1359 2249 1443 2336 406.
1473 2245 1545 2315 Mi-

836 2387 838 2398 =
883 2343 1063 2415 nistrorum
1093 2342 1128 2416 in
1148 2368 1189 2415 eo
1212 2343 1348 2442 negotio
1375 2344 1546 2441 negligen-

883 2443 966 2513 tiam
983 2442 1159 2540 periniquo
1182 2444 1295 2513 animo
1315 2441 1389 2513 fert.
1420 2451 1449 2515 1.
1461 2465 1545 2535 407.

883 2547 924 2613 In
945 2543 1106 2614 Goletam
1130 2567 1277 2614 reversus
1306 2545 1484 2615 Hazenum
1504 2542 1549 2616 ad

883 2665 916 2712 se
953 2663 1049 2712 vocat
1080 2693 1091 2727 ,
1126 2662 1165 2714 ut
1209 2640 1251 2711 de
1296 2641 1547 2714 conditionibus

883 2738 1023 2814 foederis
1044 2743 1131 2811 inter
1162 2739 1250 2838 ipsos
1271 2737 1412 2811 faciendi
1438 2762 1547 2811 trans-

881 2842 1011 2939 igatur.
1041 2845 1069 2909 Ι.
1100 2863 1183 2932 407.
1213 2839 1369 2910 Venienti
1389 2864 1478 2934 equo
1494 2840 1547 2910 in-

883 2940 990 3012 sidens
1007 2937 1047 3010 lit
1070 2939 1231 3023 obviam,
1247 2956 1281 3008 et
1303 2939 1347 3009 ad
1363 2940 1459 3038 pedes
1488 2939 1548 3011 de-

884 3038 1038 3112 scendere
1052 3041 1219 3110 volentem
1241 3040 1408 3136 probibet.
1424 3047 1546 3133 I.407.

885 3139 943 3211 Ab
988 3161 1030 3208 eo
1073 3140 1232 3210 salutatus
1278 3159 1378 3235 caput
1418 3141 1545 3238 aperit,

884 3239 1060 3336 ipsumque
1089 3240 1122 3307 in
1154 3239 1319 3309 sinistrum
1343 3240 1429 3309 latus
1463 3240 1548 3311 acci⁴

884 3340 957 3436 pit,
978 3356 1012 3406 et
1036 3359 1093 3432 pet
1109 3338 1322 3434 interpretem
1350 3340 1548 3432 colloquen-

886 3439 933 3510 do
952 3437 986 3507 in
1010 3438 1211 3532 praetorium
1232 3435 1388 3507 deducit.
1417 3442 1445 3507 I.
1461 3461 1545 3530 407.

884 3536 1094 3630 Quibusnam
1110 3559 1187 3607 cum
1206 3540 1348 3607 Hazeno
1364 3533 1405 3605 de
1429 3534 1548 3607 foede-

885 3661 920 3709 re
949 3633 1198 3706 conditionibus
1230 3635 1393 3732 transigit.
1418 3640 1446 3707 Ι.
1462 3659 1549 3730 407.

884 3741 940 3810 Ex
959 3733 1090 3806 foedere
1111 3757 1189 3805 cum
1214 3737 1356 3807 Hazeno
1385 3736 1548 3810 Goletam

886 3834 1031 3909 retinet.
1066 3837 1095 3903 I.
1124 3834 1207 3924 408.
1249 3834 1416 3905 Clientem
1449 3861 1549 3909 suum

886 3941 1065 4010 Hazenum
1086 3933 1153 4023 ejus
1167 3934 1340 4004 voluntate
1363 3936 1549 4006 constituit.

886 4043 916 4111 I.
932 4035 1016 4126 408.
1043 4032 1254 4105 Fernandum
1276 4036 1478 4134 Gonzagam
1502 4036 1550 4106 Si-

887 4137 980 4210 ciliae
1011 4141 1186 4233 Proregem
1212 4134 1409 4204 constituit.
1427 4140 1553 4224 I.411.

887 4234 1055 4311 Nuntium
1083 4233 1203 4330 accipit
1219 4233 1261 4303 de
1288 4234 1447 4305 Francisci
1462 4235 1551 4307 sfor-

889 4338 954 4409 tiae
981 4332 1283 4405 Mediolanensium
1306 4335 1413 4403 Ducis
1435 4335 1553 4406 obitu.

889 4441 920 4508 Ι.
936 4456 1022 4526 411·
1058 4433 1150 4504 Huic
1182 4433 1325 4503 Carolus
1357 4434 1482 4505 volenti
1517 4450 1554 4504 et

890 4531 1080 4632 astipulanti
1118 4530 1401 4605 Mediolanensem
1433 4536 1554 4605 Duca-

891 4655 965 4706 tum
982 4632 1170 4731 permiserat
1185 4656 1222 4701 ea
1239 4634 1329 4730 lege,
1342 4653 1380 4703 ut
1393 4684 1406 4718 ,
1420 4632 1443 4704 si
1456 4639 1552 4704 Fran*

893 4735 996 4806 ciscus
1018 4733 1084 4804 sine
1103 4732 1210 4803 libetis
1229 4731 1389 4816 decedat,
1417 4733 1554 4805 Medio-⁸

859 4884 862 4886 -
891 4836 1008 4907 lanum
1025 4834 1058 4904 in
1079 4832 1194 4906 Caroli
1214 4833 1263 4925 jus
1288 4852 1554 4930 potestatemque

896 4933 1088 5012 redeat.1.
1125 4956 1210 5028 411.
1252 4933 1422 5007 Omnibus
1453 4929 1556 5046 copiis

1242 5045 1300 5106 Da
1497 5053 1558 5105 rm
