4102 5864
374 430 458 538 328
751 434 834 514 nu
885 432 1094 513 nanus
1143 430 1370 515 oustts

323 578 586 734 parabatur,
627 568 873 732 suspicione
923 628 1165 735 cogeret,
1198 591 1490 692 Andream
1476 632 1666 760 ipsum,
1703 633 1809 740 quo

324 733 602 841 familiariter
638 737 881 862 utebatur,
918 737 1191 877 alloquitur,
1226 737 1446 878 sibique
1434 777 1481 840 m
1518 742 1672 844 animo
1709 785 1805 846 esse

323 880 557 986 confirmat
590 923 684 985 non
719 885 816 984 otio
853 919 1029 1024 torpere
1065 882 1336 1024 ignavorum
1377 922 1544 1005 more,
1582 888 1658 988 sed
1691 895 1802 989 An-

324 1029 499 1127 dteae
488 1030 620 1172 rpsius
637 1029 895 1192 exemplo,
931 1026 1075 1169 longis
1125 1025 1311 1127 navibus
1364 1029 1669 1190 comparatis,
1701 1028 1799 1134 for

323 1207 480 1272 tunam
515 1174 645 1275 maris
696 1172 919 1315 expetiti,
952 1207 994 1271 et
1030 1171 1205 1271 navales
1260 1210 1510 1272 occasiones
1547 1214 1794 1314 quaerere,

324 1316 489 1457 quibus
527 1321 584 1420 ad
619 1359 725 1462 opes
762 1353 805 1417 et
841 1316 1111 1461 gloriam
1068 1354 1142 1420 vta
1194 1315 1406 1417 soleat
1364 1315 1469 1420 vitis
1504 1312 1699 1422 fortibus
1753 1366 1802 1426 a-

212 1524 216 1528 ι
322 1462 484 1603 peliri.

396 1616 546 1712 XXV
625 1617 730 1708 Hoc
764 1604 950 1708 consilio
987 1647 1031 1708 et
1067 1603 1219 1708 animo
1263 1642 1339 1745 per
1374 1607 1641 1729 Andream,
1678 1609 1801 1716 nihil

322 1742 489 1851 fraudis
543 1750 711 1854 subesse
776 1753 1125 1894 suspicantem,
1168 1748 1361 1893 probato
1417 1788 1459 1851 et
1508 1687 1800 1884 colladdato,

322 1892 544 1996 Fliscus
532 1933 760 2040 inceptum
811 1895 1100 1998 confidentius
1151 1934 1304 2038 urgere
1361 1896 1555 2039 pergit,
1590 1901 1802 2002 conscios
1887 2025 1891 2029 ‚
1962 1956 1963 1960 ι

320 2035 578 2180 appellare,
614 2078 867 2182 comparare
918 2040 1186 2158 necessaria,
1223 2079 1376 2141 manus
1428 2080 1636 2206 cogere,
1678 2082 1803 2186 quae

318 2219 399 2320 per
431 2186 627 2329 speciem
662 2185 954 2286 instituendae
1006 2183 1214 2328 piraticae
1265 2185 1519 2285 domum
1480 2224 1641 2348 tpsrus
1702 2184 1804 2290 fre-

264 2329 266 2333 ’
317 2316 681 2464 quentabant,
669 2366 731 2429 rta
766 2365 818 2429 ut
854 2329 1127 2466 Joannetino
1178 2367 1242 2428 res
1278 2327 1326 2428 in
1377 2328 1678 2470 suspicionem
1718 2371 1804 2438 ve-

267 2608 269 2611 .
321 2468 439 2571 niret
474 2472 658 2572 Pliscum
695 2471 808 2574 male
842 2473 1069 2615 cogitare,
1102 2476 1419 2634 Andreamque
1469 2474 1663 2574 solicitus
1720 2479 1805 2578 ad·-

319 2647 549 2719 moneret
587 2615 668 2718 Sed
695 2617 767 2718 ille
802 2657 881 2717 nec
906 2615 1166 2752 joannetini
1198 2613 1369 2735 verbis,
1390 2656 1469 2717 nec
1504 2616 1662 2717 litteris
1702 2631 1804 2723 Fet·

317 2749 455 2860 nandi
492 2770 729 2903 Gonzagae
766 2801 819 2862 ex
852 2761 1114 2862 Mediolano
1150 2758 1288 2860 missis
1334 2694 1471 2862 lidem
1506 2759 1761 2874 habuit,
1746 2805 1802 2868 m

317 2901 480 3042 quibus
516 2905 671 3004 litteris
707 2904 920 3046 scriptum
956 2942 1089 3005 erat:
1125 2913 1190 3003 Ex
1226 2903 1363 3004 Gallia
1400 2945 1479 3048 pet
1531 2905 1806 3046 explorato

317 3083 385 3145 res
423 3050 478 3149 ad
516 3089 559 3148 se
596 3049 808 3187 perlatum
846 3089 961 3169 esse,
992 3049 1047 3148 ad
1084 3046 1228 3146 aulam
1263 3048 1396 3189 Regis
1434 3048 1664 3154 occultum
1703 3093 1806 3156 ser-

317 3226 503 3291 monem
541 3228 788 3312 emanasse,
810 3203 990 3293 Genuae
1026 3191 1169 3290 civem
1206 3194 1448 3330 quemdam
1486 3232 1680 3335 magnae
1718 3239 1805 3300 au

315 3335 531 3437 ctoritatis
567 3378 619 3436 ex
655 3337 893 3437 Fliscorum
927 3329 1126 3454 familia,
1162 3335 1215 3433 de
1254 3335 1362 3437 urbe
1398 3338 1659 3477 occupanda
1700 3419 1714 3464 ,
1754 3382 1802 3446 et

315 3479 436 3622 Regi
471 3481 600 3582 Gallo
636 3481 846 3581 tradenda
881 3478 1162 3580 consilium
1151 3476 1382 3579 inivisse:
1418 3482 1605 3622 proinde
1645 3527 1673 3586 a
1714 3487 1802 3587 Fli

316 3662 397 3722 scis
433 3663 604 3727 caveret
641 3627 836 3727 Andreas
872 3625 1047 3743 Doria,
1085 3621 1277 3723 maxime
1328 3663 1355 3722 a
1390 3625 1569 3726 Comrte
1606 3633 1804 3764 Joanne

315 3768 527 3889 Aloisio,
565 3771 644 3910 qui
680 3810 723 3869 se
759 3770 819 3869 ita
854 3802 1065 3909 gereret,
1099 3801 1148 3865 ut
1186 3804 1248 3864 res
1297 3804 1435 3867 novas
1488 3767 1641 3870 moliri
1697 3814 1801 3875 non
1939 3801 1949 3883 J

315 3911 407 4015 sine
441 3952 568 4014 causa
603 3912 855 4018 videretutt
900 3910 1192 4054 quamobrem
1229 3907 1313 4010 sibi
1357 3911 1620 4053 civitatique
1680 3957 1798 4023 con-

316 4057 508 4177 suleret,
545 4096 656 4157 neve
701 4055 1034 4176 committeret,
1069 4093 1120 4157 ut
1169 4055 1276 4154 dolo
1313 4091 1357 4154 et
1392 4054 1558 4157 insidiis
1607 4100 1797 4224 capere

317 4238 413 4303 tur
450 4203 531 4303 Sed
568 4203 797 4322 Andreas,
834 4201 906 4299 cui
949 4204 1139 4332 jucunda
1193 4235 1285 4298 erat
1334 4194 1555 4302 familiaris
1592 4206 1792 4307 Comitis

318 4347 641 4467 consuetud0,
680 4344 730 4446 id
779 4344 904 4486 quod
956 4342 1040 4444 sibi
1093 4376 1404 4483 persuaserat,
1456 4347 1789 4486 respondebat:

308 4468 391 4590 'Ab
428 4425 698 4590 adolesceine
735 4487 942 4630 simplicis
993 4487 1132 4587 animi
1168 4522 1209 4588 et
1247 4506 1401 4589 natura
1434 4491 1618 4620 jucundi
1669 4491 1779 4592 nibil

318 4632 572 4735 insidiarum
609 4675 696 4734 esse
731 4634 1048 4734 metuendum.
1086 4646 1295 4734 Ceterum
1330 4671 1380 4731 ea
1416 4669 1481 4732 res
1515 4669 1565 4734 ut
1602 4632 1662 4734 ab
1689 4641 1793 4734 An-

318 4781 421 4881 drea
457 4777 654 4920 neglecta
688 4773 815 4900 fuit,
849 4776 931 4919 qui
965 4775 1021 4879 ab
1058 4773 1404 4878 adolescentibus
1441 4776 1592 4882 amicis
1632 4813 1677 4880 et
1713 4774 1813 4878 fas

1697 4919 1807 5042 mi-¹
