4170 5866
460 448 542 508 202
849 420 934 499 DE
982 420 1186 502 REBUS
1234 417 1452 503 GESTIS

426 593 610 718 tetjecto
660 573 844 683 flumine
903 575 1221 710 collocarentur
1249 651 1264 691 ,
1297 609 1347 671 ut
1400 611 1589 693 murus,
1627 611 1715 716 qua
1766 569 1893 674 infir-

432 731 549 836 mior
603 761 739 846 erat,
777 757 1031 865 quateretur
1068 799 1083 841 ,
1119 718 1323 860 Hispanis
1374 754 1418 819 et
1467 718 1625 820 Italicis
1677 716 1894 820 militibus

436 915 515 1020 per
551 909 719 1015 apertos
757 868 979 971 cuniculos
1004 881 1059 967 'et
1090 866 1188 969 loca
1225 898 1473 1004 opportuna
1509 865 1565 964 ad
1596 863 1893 967 invadendum

438 1013 653 1163 patefacto
691 1015 816 1116 aditu
851 1011 1099 1153 dispositis.
1156 1011 1235 1110 Sed
1273 1012 1382 1109 dum
1416 1008 1524 1111 haec
1562 1045 1765 1148 parantur
1816 1011 1893 1110 ad-

439 1164 865 1299 ministranturque,
900 1171 1004 1259 Dux
1055 1157 1145 1297 ipse
1181 1154 1481 1275 Guilietmus‚
1517 1151 1643 1255 rebus
1693 1156 1896 1296 despera·

440 1308 526 1427 tis,
563 1306 682 1407 nulla
718 1303 804 1405 fide
873 1299 1050 1417 ublica,
1088 1301 1160 1401 sed
1196 1295 1466 1400 humanitate
1502 1336 1678 1400 tantum
1720 1337 1764 1400 et
1807 1300 1893 1400 cle-

441 1453 610 1554 mentia
646 1450 798 1551 Caroli
832 1343 999 1562 lictus,
1037 1445 1092 1543 ad
1129 1444 1275 1584 ipsum
1324 1442 1369 1543 in
1405 1482 1541 1545 castra
1593 1484 1696 1546 cum
1749 1444 1896 1586 paucis

443 1634 622 1697 suorum
659 1595 809 1713 venit,
834 1594 889 1693 ad
907 1598 1258 1730 Perenotumque
1283 1590 1547 1691 Granvelam
1576 1588 1783 1691 divertit.
1823 1599 1898 1689 Po

444 1741 591 1840 stridie
627 1778 767 1859 vero,
803 1778 906 1837 cum
943 1733 997 1836 ab
1033 1732 1124 1833 aliis
1158 1733 1340 1853 amicis,
1374 1772 1474 1836 turn
1509 1774 1535 1832 a
1569 1746 1693 1837 Duce
1727 1747 1897 1834 Brunz-

443 1883 645 2002 vicensi‚
683 1917 726 1981 et
771 1877 1031 1982 Coloniensi
1066 1918 1189 1979 novo
1240 1913 1283 1976 et
1318 1879 1475 2019 prioris
1525 1882 1730 2012 adjutore
1780 1916 1898 2018 prae-

444 2027 533 2128 sule
570 2025 669 2159 (his
707 2028 826 2127 enim
878 2020 1233 2165 deprecatoribus
1282 2024 1350 2122 uti
1386 2024 1560 2160 voluit)
1595 2025 1652 2124 ad
1687 2022 1899 2124 Carolum

444 2172 654 2272 deductus
690 2207 752 2271 est
785 2248 800 2290 ,
836 2169 917 2309 qui
968 2207 1072 2268 cum
1123 2178 1346 2303 majestate
1398 2168 1547 2267 sedens
1581 2163 1898 2309 ,principibus

444 2316 618 2455 suisque
653 2314 900 2458 purpuratis
935 2313 1234 2434 adstantibus,
1270 2312 1509 2414 adventum
1552 2321 1642 2446 ejus
1692 2310 1900 2454 opperie-

444 2455 597 2558 batur.

515 2613 638 2703 XVI.
713 2613 764 2701 In
799 2602 950 2702 Caroli
985 2638 1273 2743 conspectum
1308 2600 1569 2704 Guilietmus
1605 2640 1708 2700 cum
1749 2595 1901 2700 venis-

411 2782 507 2846 'set
528 2823 543 2865 ‚
565 2785 710 2887 seque
758 2748 815 2849 ad
852 2758 943 2880 ejus
996 2749 1126 2887 pedes
1175 2784 1277 2846 curn
1326 2742 1673 2888 deprecatoribus
1716 2741 1903 2877 abjecis-

444 2889 506 2990 set
522 2967 536 3009 ,
573 2890 898 2991 Brunzvicensis
932 2904 1037 2992 Dux
1072 2893 1120 2991 in
1157 2889 1269 2991 hanc
1305 2890 1565 2991 sententiam
1600 2892 1772 2989 locutus
1810 2926 1901 2989 est:

444 3033 723 3174 „Singularis
758 3032 1008 3136 humanitas
1050 3072 1160 3155 tua,
1197 3035 1356 3135 Carole
1390 3047 1630 3176 Imperator
1664 3033 1906 3134 invictissi-

443 3214 597 3296 „me,
633 3213 677 3276 et
712 3180 879 3298 cunctis
915 3215 1134 3320 perspecta
1169 3178 1399 3280 clementia
1434 3174 1566 3300 facit,
1595 3215 1645 3281 ut
1680 3217 1819 3278 nemo
1856 3176 1906 3277 in

442 3397 474 3440 „
493 3355 536 3420 te
572 3356 665 3423 tarn
702 3325 892 3465 graviter
928 3323 1196 3465 deliquerit,
1229 3326 1301 3425 cui
1337 3324 1463 3427 venia
1499 3325 1768 3467 desperanda
1814 3362 1901 3422 esse

440 3541 473 3586 „
488 3464 726 3585 videatur,
764 3468 798 3566 si
835 3467 1030 3608 supplice
1067 3510 1116 3569 ac
1153 3468 1408 3608 poenitente
1444 3469 1596 3569 animo
1643 3505 1768 3569 tuam
1811 3467 1902 3567 mi-

364 3647 371 3649 *
441 3685 473 3728 „
491 3609 770 3711 sericordiam
823 3610 1062 3754 imploret,
1103 3612 1356 3754 praesertim
1412 3611 1548 3755 siquis
1597 3653 1692 3714 non
1732 3610 1902 3712 malitia

439 3828 472 3872 „
488 3787 532 3850 et
568 3754 677 3852 odio
713 3753 994 3876 inveterato,
1029 3758 1103 3856 sed
1139 3795 1281 3856 errore
1333 3756 1483 3897 aliquo
1536 3793 1610 3858 aut
1655 3755 1899 3857 temeritate

444 3894 631 4033 „lapsus
669 3897 757 4021 sit,
797 3902 923 4040 quod
975 3899 1080 3999 huic
1115 3901 1232 4002 Duci
1269 3902 1516 4003 Guiliermo
1567 3900 1769 4002 accidisse
1797 3939 1901 4001 cer-

435 4116 469 4160 „
485 4073 584 4142 tum
619 4036 799 4162 habe0,
836 4044 916 4183 qui
966 4044 1110 4184 pravis
1145 4045 1322 4186 Imperii
1372 4045 1440 4145 tui
1476 4084 1609 4188 atque
1644 4046 1783 4146 laudis
1828 4046 1900 4144 in-

324 4253 331 4265 ·
401 4184 691 4303 *„vidorum
725 4187 1076 4328 persuasionibus
1125 4185 1395 4308 abstractus,
1434 4225 1477 4289 et
1511 4190 1696 4325 juvenili
1743 4189 1900 4290 ardore

434 4402 466 4447 „
480 4327 723 4470 impulsus,
762 4327 819 4433 ab
870 4329 1022 4437 officio
1075 4333 1301 4454 discessit,
1342 4332 1515 4476 tibique
1566 4337 1688 4436 dicto
1738 4370 1900 4474 parunt

431 4473 657 4590 „audiens
700 4473 824 4597 fuit,
861 4489 981 4611 cujus
1018 4518 1120 4579 eum
1170 4479 1343 4580 consilii
1391 4481 1526 4582 etiam
1576 4515 1708 4620 atque
1763 4478 1901 4578 etiam

426 4689 459 4732 „
473 4618 699 4753 poenitet,
726 4623 1069 4763 auctoribusque
1105 4657 1353 4741 succenset,
1387 4662 1585 4764 quorum
1622 4621 1813 4724 infidam
1851 4663 1901 4722 aa

424 4761 684 4878 „mititiam
720 4765 846 4866 stulte
883 4802 1082 4889 secutus,
1123 4805 1242 4868 nunc
1296 4805 1508 4909 magnam
1544 4806 1740 4910 poenam
1799 4803 1897 4867 suae

1629 4954 1674 5002 .:
1771 4986 1806 5027 ‚‚
1828 4943 1898 5008 te-
