<?xml version="1.0" encoding="UTF-8"?>
<!DOCTYPE html PUBLIC "-//W3C//DTD XHTML 1.0 Transitional//EN"
    "http://www.w3.org/TR/xhtml1/DTD/xhtml1-transitional.dtd">
<html xmlns="http://www.w3.org/1999/xhtml" xml:lang="en" lang="en">
 <head>
  <title>
</title>
<meta http-equiv="Content-Type" content="text/html;charset=utf-8" />
  <meta name='ocr-system' content='tesseract 3.04.00' />
  <meta name='ocr-capabilities' content='ocr_page ocr_carea ocr_par ocr_line ocrx_word'/>
</head>
<body>
  <div class='ocr_page' id='page_1' title='image "./joannisgenesiis00sepgoog_0112.png"; bbox 0 0 4124 5880; ppageno 0'>
   <div class='ocr_carea' id='block_1_1' title="bbox 520 413 1549 534">
    <p class='ocr_par' dir='ltr' id='par_1_1' title="bbox 520 413 1549 534">
     <span class='ocr_line' id='line_1_1' title="bbox 520 413 1549 534; baseline 0.003 -34"><span class='ocrx_word' id='word_1_1' title='bbox 520 413 764 500; x_wconf 75' lang='lat' dir='ltr'><strong>canori</strong></span> <span class='ocrx_word' id='word_1_2' title='bbox 806 414 859 497; x_wconf 91' lang='lat' dir='ltr'><strong>v.</strong></span> <span class='ocrx_word' id='word_1_3' title='bbox 902 414 1017 534; x_wconf 72' lang='lat' dir='ltr'><strong>ers.</strong></span> <span class='ocrx_word' id='word_1_4' title='bbox 1060 421 1212 502; x_wconf 77' lang='lat' dir='ltr'><strong>xvir.</strong></span> <span class='ocrx_word' id='word_1_5' title='bbox 1494 439 1549 528; x_wconf 83' lang='lat'><strong>41</strong></span> 
     </span>
    </p>
   </div>
   <div class='ocr_carea' id='block_1_2' title="bbox 109 571 1643 4770">
    <p class='ocr_par' dir='ltr' id='par_1_2' title="bbox 119 571 1588 866">
     <span class='ocr_line' id='line_1_2' title="bbox 120 571 1588 719; baseline 0.005 -43"><span class='ocrx_word' id='word_1_6' title='bbox 120 571 275 678; x_wconf 63' lang='lat' dir='ltr'><strong>sti&#39;ncta</strong></span> <span class='ocrx_word' id='word_1_7' title='bbox 307 654 322 700; x_wconf 90' lang='lat'><strong>,</strong></span> <span class='ocrx_word' id='word_1_8' title='bbox 360 615 477 719; x_wconf 90' lang='lat' dir='ltr'><strong>quae</strong></span> <span class='ocrx_word' id='word_1_9' title='bbox 513 614 697 676; x_wconf 88' lang='lat' dir='ltr'><strong>munera</strong></span> <span class='ocrx_word' id='word_1_10' title='bbox 732 575 828 714; x_wconf 91' lang='lat' dir='ltr'><strong>plus</strong></span> <span class='ocrx_word' id='word_1_11' title='bbox 874 573 1150 715; x_wconf 79' lang='lat' dir='ltr'>septuaginta</span> <span class='ocrx_word' id='word_1_12' title='bbox 1184 577 1448 681; x_wconf 80' lang='lat' dir='ltr'><strong>ducatorum</strong></span> <span class='ocrx_word' id='word_1_13' title='bbox 1483 581 1588 684; x_wconf 87' lang='lat' dir='ltr'><strong>mil·</strong></span> 
     </span>
     <span class='ocr_line' id='line_1_3' title="bbox 119 718 1455 866; baseline -0.001 -43"><span class='ocrx_word' id='word_1_14' title='bbox 119 721 230 823; x_wconf 91' lang='lat' dir='ltr'><strong>libus</strong></span> <span class='ocrx_word' id='word_1_15' title='bbox 268 764 294 825; x_wconf 89' lang='lat' dir='ltr'><strong>a</strong></span> <span class='ocrx_word' id='word_1_16' title='bbox 331 758 607 866; x_wconf 88' lang='lat' dir='ltr'><strong>gemmarum</strong></span> <span class='ocrx_word' id='word_1_17' title='bbox 643 718 794 860; x_wconf 87' lang='lat' dir='ltr'><strong>periris</strong></span> <span class='ocrx_word' id='word_1_18' title='bbox 829 718 1205 823; x_wconf 85' lang='lat' dir='ltr'><strong>aestimabantur.</strong></span> <span class='ocrx_word' id='word_1_19' title='bbox 1451 732 1455 738; x_wconf 72' lang='grc'><strong><em>’</em></strong></span> 
     </span>
    </p>

    <p class='ocr_par' dir='ltr' id='par_1_3' title="bbox 109 858 1643 4770">
     <span class='ocr_line' id='line_1_4' title="bbox 190 858 1586 1014; baseline 0.003 -44"><span class='ocrx_word' id='word_1_20' title='bbox 190 876 303 970; x_wconf 84' lang='lat' dir='ltr'><strong>XX.</strong></span> <span class='ocrx_word' id='word_1_21' title='bbox 375 866 531 967; x_wconf 91' lang='lat' dir='ltr'><strong>Paulus</strong></span> <span class='ocrx_word' id='word_1_22' title='bbox 568 858 818 983; x_wconf 84' lang='lat' dir='ltr'>Pontifex,</span> <span class='ocrx_word' id='word_1_23' title='bbox 859 861 1110 967; x_wconf 82' lang='lat' dir='ltr'><strong>triremibus</strong></span> <span class='ocrx_word' id='word_1_24' title='bbox 1147 906 1219 966; x_wconf 84' lang='lat' dir='ltr'><strong>sex</strong></span> <span class='ocrx_word' id='word_1_25' title='bbox 1254 906 1280 965; x_wconf 90' lang='lat' dir='ltr'><strong>a</strong></span> <span class='ocrx_word' id='word_1_26' title='bbox 1315 879 1484 1014; x_wconf 86' lang='lat' dir='ltr'>Rege,</span> <span class='ocrx_word' id='word_1_27' title='bbox 1534 917 1586 978; x_wconf 87' lang='lat' dir='ltr'><strong>ac</strong></span> 
     </span>
     <span class='ocr_line' id='line_1_5' title="bbox 119 1006 1584 1154; baseline 0.008 -44"><span class='ocrx_word' id='word_1_28' title='bbox 119 1011 310 1113; x_wconf 88' lang='lat' dir='ltr'><strong>totidem</strong></span> <span class='ocrx_word' id='word_1_29' title='bbox 346 1009 530 1154; x_wconf 90' lang='lat' dir='ltr'><strong>acceptis</strong></span> <span class='ocrx_word' id='word_1_30' title='bbox 573 1050 600 1110; x_wconf 86' lang='lat' dir='ltr'><strong>a</strong></span> <span class='ocrx_word' id='word_1_31' title='bbox 636 1006 843 1128; x_wconf 67' lang='lat' dir='ltr'><strong>Catolo‚</strong></span> <span class='ocrx_word' id='word_1_32' title='bbox 890 1049 1020 1110; x_wconf 90' lang='lat' dir='ltr'><strong>naves</strong></span> <span class='ocrx_word' id='word_1_33' title='bbox 1056 1010 1224 1111; x_wconf 86' lang='lat' dir='ltr'><strong>Nicaea</strong></span> <span class='ocrx_word' id='word_1_34' title='bbox 1259 1012 1392 1114; x_wconf 90' lang='lat' dir='ltr'><strong>solvit</strong></span> <span class='ocrx_word' id='word_1_35' title='bbox 1425 1021 1584 1124; x_wconf 88' lang='lat' dir='ltr'><strong>eodem</strong></span> 
     </span>
     <span class='ocr_line' id='line_1_6' title="bbox 118 1150 1584 1296; baseline 0.001 -40"><span class='ocrx_word' id='word_1_36' title='bbox 118 1157 216 1277; x_wconf 91' lang='lat' dir='ltr'><strong>die,</strong></span> <span class='ocrx_word' id='word_1_37' title='bbox 253 1153 335 1296; x_wconf 91' lang='lat' dir='ltr'><strong>qui</strong></span> <span class='ocrx_word' id='word_1_38' title='bbox 369 1150 457 1255; x_wconf 87' lang='lat' dir='ltr'><strong>fuit</strong></span> <span class='ocrx_word' id='word_1_39' title='bbox 492 1155 548 1255; x_wconf 92' lang='lat' dir='ltr'><strong>ad</strong></span> <span class='ocrx_word' id='word_1_40' title='bbox 585 1154 767 1255; x_wconf 88' lang='lat' dir='ltr'><strong>tertium</strong></span> <span class='ocrx_word' id='word_1_41' title='bbox 803 1153 1025 1255; x_wconf 89' lang='lat' dir='ltr'><strong>decimum</strong></span> <span class='ocrx_word' id='word_1_42' title='bbox 1060 1156 1278 1255; x_wconf 84' lang='lat' dir='ltr'><strong>Kalendas</strong></span> <span class='ocrx_word' id='word_1_43' title='bbox 1314 1158 1428 1294; x_wconf 86' lang='lat' dir='ltr'><strong>Julii</strong></span> <span class='ocrx_word' id='word_1_44' title='bbox 1469 1163 1584 1264; x_wconf 90' lang='lat' dir='ltr'><strong>circa</strong></span> 
     </span>
     <span class='ocr_line' id='line_1_7' title="bbox 115 1297 1584 1441; baseline 0.005 -40"><span class='ocrx_word' id='word_1_45' title='bbox 115 1301 216 1401; x_wconf 89' lang='lat' dir='ltr'><strong>solis</strong></span> <span class='ocrx_word' id='word_1_46' title='bbox 252 1338 500 1420; x_wconf 91' lang='lat' dir='ltr'><strong>occasum,</strong></span> <span class='ocrx_word' id='word_1_47' title='bbox 534 1338 673 1441; x_wconf 91' lang='lat' dir='ltr'><strong>quem</strong></span> <span class='ocrx_word' id='word_1_48' title='bbox 709 1297 892 1400; x_wconf 88' lang='lat' dir='ltr'><strong>Carolus</strong></span> <span class='ocrx_word' id='word_1_49' title='bbox 926 1297 974 1398; x_wconf 92' lang='lat' dir='ltr'><strong>in</strong></span> <span class='ocrx_word' id='word_1_50' title='bbox 1010 1334 1142 1440; x_wconf 88' lang='lat' dir='ltr'><strong>portu</strong></span> <span class='ocrx_word' id='word_1_51' title='bbox 1177 1299 1414 1441; x_wconf 92' lang='lat' dir='ltr'><strong>navique,</strong></span> <span class='ocrx_word' id='word_1_52' title='bbox 1460 1342 1509 1405; x_wconf 91' lang='lat' dir='ltr'><strong>ut</strong></span> <span class='ocrx_word' id='word_1_53' title='bbox 1545 1308 1584 1408; x_wconf 83' lang='lat' dir='ltr'><strong>i-</strong></span> 
     </span>
     <span class='ocr_line' id='line_1_8' title="bbox 119 1442 1610 1593; baseline 0 -49"><span class='ocrx_word' id='word_1_54' title='bbox 119 1483 252 1587; x_wconf 91' lang='lat' dir='ltr'><strong>psum</strong></span> <span class='ocrx_word' id='word_1_55' title='bbox 276 1456 495 1545; x_wconf 90' lang='lat' dir='ltr'><strong>Savonam</strong></span> <span class='ocrx_word' id='word_1_56' title='bbox 531 1484 671 1587; x_wconf 91' lang='lat' dir='ltr'><strong>usque</strong></span> <span class='ocrx_word' id='word_1_57' title='bbox 706 1442 1392 1588; x_wconf 88' lang='lat' dir='ltr'><strong>prosequeretur,exspectabat.</strong></span> <span class='ocrx_word' id='word_1_58' title='bbox 1430 1458 1610 1593; x_wconf 88' lang='lat' dir='ltr'><strong>Itaque.</strong></span> 
     </span>
     <span class='ocr_line' id='line_1_9' title="bbox 118 1589 1581 1732; baseline 0.005 -42"><span class='ocrx_word' id='word_1_59' title='bbox 118 1589 260 1690; x_wconf 91' lang='lat' dir='ltr'><strong>noctis</strong></span> <span class='ocrx_word' id='word_1_60' title='bbox 294 1589 548 1732; x_wconf 90' lang='lat' dir='ltr'><strong>crepusculo</strong></span> <span class='ocrx_word' id='word_1_61' title='bbox 584 1624 932 1730; x_wconf 89' lang='lat' dir='ltr'><strong>praetervectum</strong></span> <span class='ocrx_word' id='word_1_62' title='bbox 967 1589 1162 1690; x_wconf 89' lang='lat' dir='ltr'><strong>celeriter</strong></span> <span class='ocrx_word' id='word_1_63' title='bbox 1198 1589 1508 1730; x_wconf 89' lang='lat' dir='ltr'><strong>consequitur,</strong></span> <span class='ocrx_word' id='word_1_64' title='bbox 1537 1634 1581 1698; x_wconf 91' lang='lat' dir='ltr'><strong>et</strong></span> 
     </span>
     <span class='ocr_line' id='line_1_10' title="bbox 118 1730 1581 1874; baseline 0.005 -42"><span class='ocrx_word' id='word_1_65' title='bbox 118 1738 359 1837; x_wconf 91' lang='lat' dir='ltr'><strong>commoda</strong></span> <span class='ocrx_word' id='word_1_66' title='bbox 404 1769 659 1874; x_wconf 89' lang='lat' dir='ltr'><strong>tempestate</strong></span> <span class='ocrx_word' id='word_1_67' title='bbox 704 1733 817 1853; x_wconf 90' lang='lat' dir='ltr'><strong>usi,</strong></span> <span class='ocrx_word' id='word_1_68' title='bbox 867 1730 1076 1874; x_wconf 86' lang='lat' dir='ltr'><strong>postridie</strong></span> <span class='ocrx_word' id='word_1_69' title='bbox 1119 1774 1248 1836; x_wconf 90' lang='lat' dir='ltr'><strong>mane</strong></span> <span class='ocrx_word' id='word_1_70' title='bbox 1291 1733 1340 1835; x_wconf 91' lang='lat' dir='ltr'><strong>in</strong></span> <span class='ocrx_word' id='word_1_71' title='bbox 1374 1738 1581 1840; x_wconf 90' lang='lat' dir='ltr'><strong>Onellam</strong></span> 
     </span>
     <span class='ocr_line' id='line_1_11' title="bbox 119 1873 1584 2021; baseline 0.005 -42"><span class='ocrx_word' id='word_1_72' title='bbox 119 1881 339 2021; x_wconf 91' lang='lat' dir='ltr'><strong>oppidum</strong></span> <span class='ocrx_word' id='word_1_73' title='bbox 374 1880 584 2021; x_wconf 89' lang='lat' dir='ltr'><strong>appulsi,</strong></span> <span class='ocrx_word' id='word_1_74' title='bbox 632 1877 696 1978; x_wconf 92' lang='lat' dir='ltr'><strong>rei</strong></span> <span class='ocrx_word' id='word_1_75' title='bbox 732 1876 907 1980; x_wconf 88' lang='lat' dir='ltr'><strong>divinae</strong></span> <span class='ocrx_word' id='word_1_76' title='bbox 942 1879 1081 2020; x_wconf 87' lang='lat' dir='ltr'><strong>gratia</strong></span> <span class='ocrx_word' id='word_1_77' title='bbox 1115 1879 1164 1980; x_wconf 93' lang='lat' dir='ltr'><strong>in</strong></span> <span class='ocrx_word' id='word_1_78' title='bbox 1199 1914 1358 1981; x_wconf 89' lang='lat' dir='ltr'><strong>terram</strong></span> <span class='ocrx_word' id='word_1_79' title='bbox 1398 1873 1584 1987; x_wconf 61' lang='lat' dir='ltr'><strong>descen</strong></span> 
     </span>
     <span class='ocr_line' id='line_1_12' title="bbox 117 2022 1579 2166; baseline 0.003 -43"><span class='ocrx_word' id='word_1_80' title='bbox 117 2024 306 2127; x_wconf 87' lang='lat' dir='ltr'><strong>derunt.</strong></span> <span class='ocrx_word' id='word_1_81' title='bbox 349 2023 536 2164; x_wconf 87' lang='lat' dir='ltr'><strong>Vesperi</strong></span> <span class='ocrx_word' id='word_1_82' title='bbox 571 2022 753 2166; x_wconf 85' lang='lat' dir='ltr'><strong>digressi</strong></span> <span class='ocrx_word' id='word_1_83' title='bbox 786 2098 802 2141; x_wconf 92' lang='lat'><strong>,</strong></span> <span class='ocrx_word' id='word_1_84' title='bbox 836 2034 1038 2124; x_wconf 88' lang='lat' dir='ltr'><strong>Genuam</strong></span> <span class='ocrx_word' id='word_1_85' title='bbox 1074 2022 1192 2159; x_wconf 92' lang='lat' dir='ltr'><strong>(huc</strong></span> <span class='ocrx_word' id='word_1_86' title='bbox 1226 2025 1348 2125; x_wconf 91' lang='lat' dir='ltr'><strong>enim</strong></span> <span class='ocrx_word' id='word_1_87' title='bbox 1382 2028 1579 2149; x_wconf 90' lang='lat' dir='ltr'><strong>Catolo‚</strong></span> 
     </span>
     <span class='ocr_line' id='line_1_13' title="bbox 116 2167 1580 2311; baseline 0.002 -42"><span class='ocrx_word' id='word_1_88' title='bbox 116 2207 293 2271; x_wconf 91' lang='lat' dir='ltr'><strong>mutato</strong></span> <span class='ocrx_word' id='word_1_89' title='bbox 329 2169 515 2271; x_wconf 90' lang='lat' dir='ltr'><strong>consilio</strong></span> <span class='ocrx_word' id='word_1_90' title='bbox 543 2245 558 2288; x_wconf 94' lang='lat'><strong>,</strong></span> <span class='ocrx_word' id='word_1_91' title='bbox 598 2168 831 2309; x_wconf 88' lang='lat' dir='ltr'><strong>procedere</strong></span> <span class='ocrx_word' id='word_1_92' title='bbox 871 2167 1078 2308; x_wconf 89' lang='lat' dir='ltr'><strong>placuit)</strong></span> <span class='ocrx_word' id='word_1_93' title='bbox 1117 2170 1347 2311; x_wconf 90' lang='lat' dir='ltr'><strong>praeterita</strong></span> <span class='ocrx_word' id='word_1_94' title='bbox 1378 2182 1580 2295; x_wconf 88' lang='lat' dir='ltr'><strong>Savona,</strong></span> 
     </span>
     <span class='ocr_line' id='line_1_14' title="bbox 114 2310 1578 2458; baseline 0.001 -43"><span class='ocrx_word' id='word_1_95' title='bbox 114 2315 328 2456; x_wconf 87' lang='lat' dir='ltr'><strong>proximo</strong></span> <span class='ocrx_word' id='word_1_96' title='bbox 362 2314 434 2415; x_wconf 92' lang='lat' dir='ltr'><strong>die</strong></span> <span class='ocrx_word' id='word_1_97' title='bbox 467 2312 756 2457; x_wconf 89' lang='lat' dir='ltr'><strong>perveniunt,</strong></span> <span class='ocrx_word' id='word_1_98' title='bbox 792 2347 836 2411; x_wconf 91' lang='lat' dir='ltr'><strong>et</strong></span> <span class='ocrx_word' id='word_1_99' title='bbox 872 2310 1107 2455; x_wconf 88' lang='lat' dir='ltr'><strong>magnifica</strong></span> <span class='ocrx_word' id='word_1_100' title='bbox 1138 2315 1414 2458; x_wconf 89' lang='lat' dir='ltr'><strong>solemnique</strong></span> <span class='ocrx_word' id='word_1_101' title='bbox 1448 2355 1578 2456; x_wconf 85' lang='lat' dir='ltr'><strong>pom-</strong></span> 
     </span>
     <span class='ocr_line' id='line_1_15' title="bbox 113 2451 1578 2602; baseline 0.003 -44"><span class='ocrx_word' id='word_1_102' title='bbox 113 2498 175 2600; x_wconf 88' lang='lat' dir='ltr'><strong>pa</strong></span> <span class='ocrx_word' id='word_1_103' title='bbox 219 2459 528 2602; x_wconf 66' lang='lat' dir='ltr'><strong>excipiunturs</strong></span> <span class='ocrx_word' id='word_1_104' title='bbox 566 2456 817 2601; x_wconf 85' lang='lat' dir='ltr'><strong>praesertim</strong></span> <span class='ocrx_word' id='word_1_105' title='bbox 844 2451 1087 2578; x_wconf 85' lang='lat' dir='ltr'><strong>Pontifex,</strong></span> <span class='ocrx_word' id='word_1_106' title='bbox 1134 2459 1189 2559; x_wconf 95' lang='lat' dir='ltr'><strong>de</strong></span> <span class='ocrx_word' id='word_1_107' title='bbox 1226 2469 1348 2593; x_wconf 89' lang='lat' dir='ltr'><strong>cujus</strong></span> <span class='ocrx_word' id='word_1_108' title='bbox 1384 2459 1578 2563; x_wconf 89' lang='lat' dir='ltr'><strong>adventu</strong></span> 
     </span>
     <span class='ocr_line' id='line_1_16' title="bbox 115 2601 1579 2748; baseline 0.004 -48"><span class='ocrx_word' id='word_1_109' title='bbox 115 2603 275 2705; x_wconf 89' lang='lat' dir='ltr'><strong>civitas</strong></span> <span class='ocrx_word' id='word_1_110' title='bbox 322 2640 724 2748; x_wconf 86' lang='lat' dir='ltr'><strong>praecognoverat.</strong></span> <span class='ocrx_word' id='word_1_111' title='bbox 774 2601 959 2703; x_wconf 93' lang='lat' dir='ltr'><strong>Carolus</strong></span> <span class='ocrx_word' id='word_1_112' title='bbox 1000 2603 1120 2703; x_wconf 90' lang='lat' dir='ltr'><strong>enim</strong></span> <span class='ocrx_word' id='word_1_113' title='bbox 1158 2640 1327 2747; x_wconf 88' lang='lat' dir='ltr'><strong>praeter</strong></span> <span class='ocrx_word' id='word_1_114' title='bbox 1370 2606 1579 2706; x_wconf 90' lang='lat' dir='ltr'><strong>omnium</strong></span> 
     </span>
     <span class='ocr_line' id='line_1_17' title="bbox 115 2742 1580 2891; baseline 0.001 -44"><span class='ocrx_word' id='word_1_115' title='bbox 115 2748 388 2889; x_wconf 90' lang='lat' dir='ltr'><strong>opinionem</strong></span> <span class='ocrx_word' id='word_1_116' title='bbox 430 2784 473 2851; x_wconf 90' lang='lat' dir='ltr'><strong>et</strong></span> <span class='ocrx_word' id='word_1_117' title='bbox 508 2751 823 2891; x_wconf 86' lang='lat' dir='ltr'><strong>inexspectatus</strong></span> <span class='ocrx_word' id='word_1_118' title='bbox 864 2747 1084 2868; x_wconf 90' lang='lat' dir='ltr'><strong>advenit,</strong></span> <span class='ocrx_word' id='word_1_119' title='bbox 1120 2749 1200 2888; x_wconf 92' lang='lat' dir='ltr'><strong>qui</strong></span> <span class='ocrx_word' id='word_1_120' title='bbox 1236 2749 1345 2849; x_wconf 91' lang='lat' dir='ltr'><strong>dum</strong></span> <span class='ocrx_word' id='word_1_121' title='bbox 1380 2742 1580 2849; x_wconf 82' lang='lat' dir='ltr'><strong>Pontifex</strong></span> 
     </span>
     <span class='ocr_line' id='line_1_18' title="bbox 113 2886 1579 3037; baseline -0.002 -42"><span class='ocrx_word' id='word_1_122' title='bbox 113 2932 175 2995; x_wconf 74' lang='lat' dir='ltr'><strong>ex</strong></span> <span class='ocrx_word' id='word_1_123' title='bbox 207 2893 362 3014; x_wconf 90' lang='lat' dir='ltr'><strong>mole,</strong></span> <span class='ocrx_word' id='word_1_124' title='bbox 395 2934 507 3037; x_wconf 90' lang='lat' dir='ltr'><strong>quae</strong></span> <span class='ocrx_word' id='word_1_125' title='bbox 545 2929 725 3036; x_wconf 91' lang='lat' dir='ltr'><strong>portum</strong></span> <span class='ocrx_word' id='word_1_126' title='bbox 761 2886 933 3011; x_wconf 82' lang='lat' dir='ltr'><strong>efficit,</strong></span> <span class='ocrx_word' id='word_1_127' title='bbox 969 2933 995 2992; x_wconf 86' lang='lat' dir='ltr'><strong>a</strong></span> <span class='ocrx_word' id='word_1_128' title='bbox 1027 2893 1162 2993; x_wconf 92' lang='lat' dir='ltr'><strong>Clero</strong></span> <span class='ocrx_word' id='word_1_129' title='bbox 1196 2928 1239 2994; x_wconf 92' lang='lat' dir='ltr'><strong>et</strong></span> <span class='ocrx_word' id='word_1_130' title='bbox 1275 2886 1579 3034; x_wconf 87' lang='lat' dir='ltr'><strong>frequentissi-</strong></span> 
     </span>
     <span class='ocr_line' id='line_1_19' title="bbox 112 3035 1580 3180; baseline 0.001 -44"><span class='ocrx_word' id='word_1_131' title='bbox 112 3074 201 3136; x_wconf 91' lang='lat' dir='ltr'><strong>mo</strong></span> <span class='ocrx_word' id='word_1_132' title='bbox 235 3039 402 3180; x_wconf 93' lang='lat' dir='ltr'><strong>populo</strong></span> <span class='ocrx_word' id='word_1_133' title='bbox 432 3040 544 3141; x_wconf 87' lang='lat' dir='ltr'><strong>intra</strong></span> <span class='ocrx_word' id='word_1_134' title='bbox 572 3038 747 3139; x_wconf 90' lang='lat' dir='ltr'><strong>moenia</strong></span> <span class='ocrx_word' id='word_1_135' title='bbox 778 3036 827 3136; x_wconf 92' lang='lat' dir='ltr'><strong>in</strong></span> <span class='ocrx_word' id='word_1_136' title='bbox 856 3035 1162 3180; x_wconf 89' lang='lat' dir='ltr'><strong>templumque</strong></span> <span class='ocrx_word' id='word_1_137' title='bbox 1190 3036 1458 3158; x_wconf 87' lang='lat' dir='ltr'><strong>deducitur,</strong></span> <span class='ocrx_word' id='word_1_138' title='bbox 1486 3037 1580 3178; x_wconf 90' lang='lat' dir='ltr'><strong>ipse</strong></span> 
     </span>
     <span class='ocr_line' id='line_1_20' title="bbox 115 3179 1579 3286; baseline 0.001 -6"><span class='ocrx_word' id='word_1_139' title='bbox 115 3183 177 3280; x_wconf 89' lang='lat' dir='ltr'><strong>ad</strong></span> <span class='ocrx_word' id='word_1_140' title='bbox 208 3183 480 3285; x_wconf 89' lang='lat' dir='ltr'><strong>Praetorium</strong></span> <span class='ocrx_word' id='word_1_141' title='bbox 514 3185 717 3285; x_wconf 84' lang='lat' dir='ltr'><strong>Andreae</strong></span> <span class='ocrx_word' id='word_1_142' title='bbox 748 3180 910 3285; x_wconf 91' lang='lat' dir='ltr'><strong>Doriae</strong></span> <span class='ocrx_word' id='word_1_143' title='bbox 946 3182 1246 3286; x_wconf 88' lang='lat' dir='ltr'><strong>suburbanum</strong></span> <span class='ocrx_word' id='word_1_144' title='bbox 1279 3180 1364 3283; x_wconf 91' lang='lat' dir='ltr'><strong>sibi</strong></span> <span class='ocrx_word' id='word_1_145' title='bbox 1398 3179 1579 3281; x_wconf 89' lang='lat' dir='ltr'><strong>solitum</strong></span> 
     </span>
     <span class='ocr_line' id='line_1_21' title="bbox 116 3320 1580 3469; baseline 0.001 -47"><span class='ocrx_word' id='word_1_146' title='bbox 116 3321 367 3467; x_wconf 90' lang='lat' dir='ltr'><strong>hospitium</strong></span> <span class='ocrx_word' id='word_1_147' title='bbox 405 3329 627 3449; x_wconf 88' lang='lat' dir='ltr'><strong>divertit,</strong></span> <span class='ocrx_word' id='word_1_148' title='bbox 660 3367 753 3469; x_wconf 89' lang='lat' dir='ltr'><strong>quo</strong></span> <span class='ocrx_word' id='word_1_149' title='bbox 790 3364 897 3426; x_wconf 89' lang='lat' dir='ltr'><strong>mox</strong></span> <span class='ocrx_word' id='word_1_150' title='bbox 929 3327 1146 3428; x_wconf 90' lang='lat' dir='ltr'><strong>salutandi</strong></span> <span class='ocrx_word' id='word_1_151' title='bbox 1185 3320 1412 3466; x_wconf 84' lang='lat' dir='ltr'><strong>officiique</strong></span> <span class='ocrx_word' id='word_1_152' title='bbox 1443 3324 1580 3466; x_wconf 87' lang='lat' dir='ltr'><strong>gratia</strong></span> 
     </span>
     <span class='ocr_line' id='line_1_22' title="bbox 126 3468 1580 3613; baseline 0 -45"><span class='ocrx_word' id='word_1_153' title='bbox 126 3470 336 3613; x_wconf 89' lang='lat' dir='ltr'><strong>pleraque</strong></span> <span class='ocrx_word' id='word_1_154' title='bbox 371 3468 579 3573; x_wconf 88' lang='lat' dir='ltr'><strong>nobilitas</strong></span> <span class='ocrx_word' id='word_1_155' title='bbox 613 3509 656 3573; x_wconf 91' lang='lat' dir='ltr'><strong>et</strong></span> <span class='ocrx_word' id='word_1_156' title='bbox 689 3485 899 3589; x_wconf 88' lang='lat' dir='ltr'><strong>Senatus,</strong></span> <span class='ocrx_word' id='word_1_157' title='bbox 929 3470 1144 3573; x_wconf 85' lang='lat' dir='ltr'><strong>Pontifice</strong></span> <span class='ocrx_word' id='word_1_158' title='bbox 1173 3470 1221 3571; x_wconf 94' lang='lat' dir='ltr'><strong>in</strong></span> <span class='ocrx_word' id='word_1_159' title='bbox 1253 3470 1393 3571; x_wconf 93' lang='lat' dir='ltr'><strong>domo</strong></span> <span class='ocrx_word' id='word_1_160' title='bbox 1433 3474 1580 3603; x_wconf 85' lang='lat' dir='ltr'><strong>Joan-</strong></span> 
     </span>
     <span class='ocr_line' id='line_1_23' title="bbox 122 3612 1579 3741; baseline -0.001 -28"><span class='ocrx_word' id='word_1_161' title='bbox 122 3613 189 3713; x_wconf 92' lang='lat' dir='ltr'><strong>nis</strong></span> <span class='ocrx_word' id='word_1_162' title='bbox 198 3626 209 3677; x_wconf 67' lang='lat'><strong>&#39;³</strong></span> <span class='ocrx_word' id='word_1_163' title='bbox 236 3615 399 3718; x_wconf 81' lang='lat' dir='ltr'><strong>Aloisii</strong></span> <span class='ocrx_word' id='word_1_164' title='bbox 437 3616 558 3718; x_wconf 85' lang='lat' dir='ltr'><strong>Flisci</strong></span> <span class='ocrx_word' id='word_1_165' title='bbox 589 3616 828 3741; x_wconf 88' lang='lat' dir='ltr'><strong>Comitis,</strong></span> <span class='ocrx_word' id='word_1_166' title='bbox 865 3615 944 3716; x_wconf 93' lang='lat' dir='ltr'><strong>ubi</strong></span> <span class='ocrx_word' id='word_1_167' title='bbox 975 3615 1213 3715; x_wconf 89' lang='lat' dir='ltr'><strong>diversatus</strong></span> <span class='ocrx_word' id='word_1_168' title='bbox 1257 3648 1320 3714; x_wconf 91' lang='lat' dir='ltr'><strong>est</strong></span> <span class='ocrx_word' id='word_1_169' title='bbox 1348 3691 1363 3731; x_wconf 96' lang='lat'><strong>,</strong></span> <span class='ocrx_word' id='word_1_170' title='bbox 1400 3612 1579 3731; x_wconf 89' lang='lat' dir='ltr'><strong>relict0,</strong></span> 
     </span>
     <span class='ocr_line' id='line_1_24' title="bbox 113 3750 1583 3903; baseline -0.002 -46"><span class='ocrx_word' id='word_1_171' title='bbox 113 3765 467 3864; x_wconf 88' lang='lat' dir='ltr'><strong>contenderunt.</strong></span> <span class='ocrx_word' id='word_1_172' title='bbox 514 3774 642 3865; x_wconf 87' lang='lat' dir='ltr'><strong>Sexto</strong></span> <span class='ocrx_word' id='word_1_173' title='bbox 679 3795 780 3903; x_wconf 92' lang='lat' dir='ltr'><strong>post</strong></span> <span class='ocrx_word' id='word_1_174' title='bbox 822 3757 893 3858; x_wconf 91' lang='lat' dir='ltr'><strong>die</strong></span> <span class='ocrx_word' id='word_1_175' title='bbox 926 3750 1131 3859; x_wconf 85' lang='lat' dir='ltr'><strong>Pontifex</strong></span> <span class='ocrx_word' id='word_1_176' title='bbox 1165 3757 1378 3860; x_wconf 88' lang='lat' dir='ltr'><strong>salutandi</strong></span> <span class='ocrx_word' id='word_1_177' title='bbox 1410 3795 1454 3857; x_wconf 91' lang='lat' dir='ltr'><strong>et</strong></span> <span class='ocrx_word' id='word_1_178' title='bbox 1490 3757 1583 3856; x_wconf 77' lang='lat' dir='ltr'><strong>&#39;col-</strong></span> 
     </span>
     <span class='ocr_line' id='line_1_25' title="bbox 109 3899 1583 4048; baseline -0.001 -50"><span class='ocrx_word' id='word_1_179' title='bbox 109 3899 336 4042; x_wconf 91' lang='lat' dir='ltr'><strong>loquendi</strong></span> <span class='ocrx_word' id='word_1_180' title='bbox 377 3905 519 4048; x_wconf 86' lang='lat' dir='ltr'><strong>gratia</strong></span> <span class='ocrx_word' id='word_1_181' title='bbox 554 3907 609 4007; x_wconf 88' lang='lat' dir='ltr'><strong>ad</strong></span> <span class='ocrx_word' id='word_1_182' title='bbox 643 3904 857 4007; x_wconf 91' lang='lat' dir='ltr'><strong>Carolum</strong></span> <span class='ocrx_word' id='word_1_183' title='bbox 889 3942 942 4004; x_wconf 89' lang='lat' dir='ltr'><strong>ex</strong></span> <span class='ocrx_word' id='word_1_184' title='bbox 975 3901 1159 4046; x_wconf 90' lang='lat' dir='ltr'><strong>pedibus</strong></span> <span class='ocrx_word' id='word_1_185' title='bbox 1194 3899 1470 4003; x_wconf 86' lang='lat' dir='ltr'><strong>laborantem</strong></span> <span class='ocrx_word' id='word_1_186' title='bbox 1508 3937 1583 3998; x_wconf 84' lang='lat' dir='ltr'><strong>ve-</strong></span> 
     </span>
     <span class='ocr_line' id='line_1_26' title="bbox 110 4045 1584 4191; baseline -0.001 -47"><span class='ocrx_word' id='word_1_187' title='bbox 110 4045 223 4153; x_wconf 80' lang='lat' dir='ltr'><strong>nit3</strong></span> <span class='ocrx_word' id='word_1_188' title='bbox 256 4084 312 4146; x_wconf 54' lang='lat' dir='ltr'><strong>et¹</strong></span> <span class='ocrx_word' id='word_1_189' title='bbox 333 4052 516 4152; x_wconf 88' lang='lat' dir='ltr'><strong>Carolus</strong></span> <span class='ocrx_word' id='word_1_190' title='bbox 554 4049 775 4169; x_wconf 87' lang='lat' dir='ltr'><strong>vicissim,</strong></span> <span class='ocrx_word' id='word_1_191' title='bbox 812 4045 939 4148; x_wconf 91' lang='lat' dir='ltr'><strong>brevi</strong></span> <span class='ocrx_word' id='word_1_192' title='bbox 969 4084 1140 4191; x_wconf 88' lang='lat' dir='ltr'><strong>recepta</strong></span> <span class='ocrx_word' id='word_1_193' title='bbox 1170 4048 1444 4164; x_wconf 88' lang='lat' dir='ltr'><strong>valetudine,</strong></span> <span class='ocrx_word' id='word_1_194' title='bbox 1466 4053 1584 4144; x_wconf 66' lang='lat' dir='ltr'><strong>Pau⁴</strong></span> 
     </span>
     <span class='ocr_line' id='line_1_27' title="bbox 112 4188 1643 4336; baseline -0.001 -49"><span class='ocrx_word' id='word_1_195' title='bbox 112 4188 219 4288; x_wconf 91' lang='lat' dir='ltr'><strong>lum</strong></span> <span class='ocrx_word' id='word_1_196' title='bbox 246 4190 464 4331; x_wconf 87' lang='lat' dir='ltr'><strong>proficisci</strong></span> <span class='ocrx_word' id='word_1_197' title='bbox 499 4232 727 4336; x_wconf 90' lang='lat' dir='ltr'><strong>parantem</strong></span> <span class='ocrx_word' id='word_1_198' title='bbox 761 4191 929 4301; x_wconf 64' lang='lat' dir='ltr'><strong>adivit,</strong></span> <span class='ocrx_word' id='word_1_199' title='bbox 958 4231 1052 4334; x_wconf 93' lang='lat' dir='ltr'><strong>quo</strong></span> <span class='ocrx_word' id='word_1_200' title='bbox 1089 4192 1230 4336; x_wconf 92' lang='lat' dir='ltr'><strong>pridie</strong></span> <span class='ocrx_word' id='word_1_201' title='bbox 1262 4188 1474 4291; x_wconf 88' lang='lat' dir='ltr'><strong>Kalendas</strong></span> <span class='ocrx_word' id='word_1_202' title='bbox 1501 4195 1586 4327; x_wconf 81' lang='lat' dir='ltr'><strong>Ju-</strong></span> <span class='ocrx_word' id='word_1_203' title='bbox 1640 4279 1643 4288; x_wconf 83' lang='lat'><strong>.</strong></span> 
     </span>
     <span class='ocr_line' id='line_1_28' title="bbox 112 4331 1585 4479; baseline 0 -47"><span class='ocrx_word' id='word_1_204' title='bbox 112 4331 198 4434; x_wconf 88' lang='lat' dir='ltr'><strong>lias</strong></span> <span class='ocrx_word' id='word_1_205' title='bbox 228 4347 428 4438; x_wconf 88' lang='lat' dir='ltr'><strong>Romam</strong></span> <span class='ocrx_word' id='word_1_206' title='bbox 461 4377 606 4441; x_wconf 87' lang='lat' dir='ltr'><strong>versus</strong></span> <span class='ocrx_word' id='word_1_207' title='bbox 650 4332 890 4479; x_wconf 89' lang='lat' dir='ltr'><strong>profect0,</strong></span> <span class='ocrx_word' id='word_1_208' title='bbox 924 4336 1107 4438; x_wconf 87' lang='lat' dir='ltr'><strong>Carolus</strong></span> <span class='ocrx_word' id='word_1_209' title='bbox 1143 4338 1303 4476; x_wconf 91' lang='lat' dir='ltr'><strong>quinto</strong></span> <span class='ocrx_word' id='word_1_210' title='bbox 1350 4371 1450 4476; x_wconf 90' lang='lat' dir='ltr'><strong>post</strong></span> <span class='ocrx_word' id='word_1_211' title='bbox 1483 4333 1585 4452; x_wconf 91' lang='lat' dir='ltr'><strong>die,</strong></span> 
     </span>
     <span class='ocr_line' id='line_1_29' title="bbox 118 4477 1588 4625; baseline 0 -49"><span class='ocrx_word' id='word_1_212' title='bbox 118 4478 305 4580; x_wconf 90' lang='lat' dir='ltr'><strong>navibus</strong></span> <span class='ocrx_word' id='word_1_213' title='bbox 336 4483 463 4605; x_wconf 81' lang='lat' dir='ltr'><strong>suis,</strong></span> <span class='ocrx_word' id='word_1_214' title='bbox 499 4524 611 4625; x_wconf 91' lang='lat' dir='ltr'><strong>quae</strong></span> <span class='ocrx_word' id='word_1_215' title='bbox 644 4478 909 4583; x_wconf 86' lang='lat' dir='ltr'><strong>Pontificem</strong></span> <span class='ocrx_word' id='word_1_216' title='bbox 953 4515 995 4577; x_wconf 90' lang='lat' dir='ltr'><strong>et</strong></span> <span class='ocrx_word' id='word_1_217' title='bbox 1024 4480 1207 4578; x_wconf 91' lang='lat' dir='ltr'><strong>Clerum</strong></span> <span class='ocrx_word' id='word_1_218' title='bbox 1235 4491 1495 4581; x_wconf 87' lang='lat' dir='ltr'><strong>Romanum</strong></span> <span class='ocrx_word' id='word_1_219' title='bbox 1531 4477 1588 4577; x_wconf 88' lang='lat' dir='ltr'><strong>ad</strong></span> 
     </span>
     <span class='ocr_line' id='line_1_30' title="bbox 119 4621 1590 4770; baseline 0.003 -51"><span class='ocrx_word' id='word_1_220' title='bbox 119 4625 302 4725; x_wconf 86' lang='lat' dir='ltr'><strong>Veneris</strong></span> <span class='ocrx_word' id='word_1_221' title='bbox 342 4637 529 4730; x_wconf 90' lang='lat' dir='ltr'><strong>Portum</strong></span> <span class='ocrx_word' id='word_1_222' title='bbox 566 4629 946 4770; x_wconf 85' lang='lat' dir='ltr'><strong>deportaverant,</strong></span> <span class='ocrx_word' id='word_1_223' title='bbox 987 4623 1200 4747; x_wconf 70' lang='lat' dir='ltr'><strong>retersit,</strong></span> <span class='ocrx_word' id='word_1_224' title='bbox 1234 4625 1283 4729; x_wconf 91' lang='lat' dir='ltr'><strong>in</strong></span> <span class='ocrx_word' id='word_1_225' title='bbox 1324 4621 1590 4765; x_wconf 90' lang='lat' dir='ltr'><strong>Hispaniam</strong></span> 
     </span>
    </p>
   </div>
   <div class='ocr_carea' id='block_1_3' title="bbox 7 4762 1602 5016">
    <p class='ocr_par' dir='ltr' id='par_1_4' title="bbox 7 4762 1602 5016">
     <span class='ocr_line' id='line_1_31' title="bbox 130 4762 442 4903; baseline 0.035 -39"><span class='ocrx_word' id='word_1_226' title='bbox 130 4762 415 4903; x_wconf 89' lang='lat' dir='ltr'><strong>proficiscitur</strong></span> <span class='ocrx_word' id='word_1_227' title='bbox 432 4855 442 4876; x_wconf 90' lang='lat'><strong>.</strong></span> 
     </span>
     <span class='ocr_line' id='line_1_32' title="bbox 7 4905 1602 5016; baseline -0.003 -4"><span class='ocrx_word' id='word_1_228' title='bbox 7 4920 8 4924; x_wconf 8' lang='grc' dir='ltr'><strong><em>Ν</em></strong></span> <span class='ocrx_word' id='word_1_229' title='bbox 203 4912 319 5016; x_wconf 73' lang='lat' dir='ltr'><strong>Tam.</strong></span> <span class='ocrx_word' id='word_1_230' title='bbox 341 4925 398 5016; x_wconf 91' lang='lat' dir='ltr'><strong>Il.</strong></span> <span class='ocrx_word' id='word_1_231' title='bbox 1209 4927 1238 5012; x_wconf 90' lang='lat' dir='ltr'><strong>F</strong></span> <span class='ocrx_word' id='word_1_232' title='bbox 1529 4905 1602 5008; x_wconf 89' lang='lat' dir='ltr'><strong>Ad</strong></span> 
     </span>
    </p>
   </div>
   <div class='ocr_carea' id='block_1_4' title="bbox 0 0 2066 5880">
    <p class='ocr_par' dir='ltr' id='par_1_5' title="bbox 0 0 2066 5880">
     <span class='ocr_line' id='line_1_33' title="bbox 0 0 2066 5880; baseline 0 0"><span class='ocrx_word' id='word_1_233' title='bbox 0 0 2066 5880; x_wconf 95' lang='lat' dir='ltr'><strong> </strong></span> 
     </span>
    </p>
   </div>
  </div>
 </body>
</html>
