4124 5880
528 412 772 503 ennom
815 418 867 500 V.
916 416 1036 501 LIB.
1076 419 1232 500 XVII.
1511 426 1571 522 43

140 570 477 697 recedentibus,
511 584 603 709 jam
638 575 969 717 propemodum
1018 572 1319 698 coduntibus,
1354 576 1436 683 tria
1480 581 1608 684 circi-

138 760 195 828 ter
232 723 376 826 millia
410 758 615 863 passuum
650 720 698 821 in
745 756 906 821 terram
951 719 1187 843 immisso,
1224 721 1390 828 bonam
1435 766 1607 870 partem

135 871 354 972 castellum
388 865 584 968 ambitur
610 900 862 1011 ,stagnum
901 902 1086 1011 quoque
1122 906 1311 1012 augente
1345 868 1602 997 Rhodano,

134 1055 272 1158 quem
309 1012 420 1115 olim
456 1012 624 1114 Marius
660 1051 737 1155 per
773 1004 972 1132 fossam,
1006 1015 1125 1115 unde
1160 1053 1326 1116 nomen
1361 1016 1493 1142 loco,
1522 1023 1600 1123 dc·
1673 1002 1680 1023 ,

132 1158 324 1261 rivavit.
360 1164 504 1298 Prope
539 1156 782 1260 Massiliam
819 1194 1049 1301 progresso
1085 1156 1284 1280 Carolo,
1319 1165 1495 1265 Laudus
1531 1177 1608 1269 Se·-

130 1301 329 1427 dantus,
370 1340 506 1447 quem
556 1342 684 1446 supra
727 1302 993 1423 nominavi,
1027 1337 1071 1403 et
1116 1300 1405 1406 Massilienses
1448 1309 1620 1453 magi*

131 1484 285 1553 stratus
332 1487 383 1549 ac
421 1448 620 1590 primarii
674 1447 791 1551 cives
826 1445 1011 1551 obviam
1046 1448 1294 1590 procedunt
1329 1488 1433 1552 cum
1468 1453 1596 1555 trite·

129 1593 277 1695 mibus
329 1591 512 1695 navibus
546 1592 708 1735 viginti
759 1591 929 1712 tribus,
967 1631 1082 1735 quae
1130 1593 1255 1695 nullo
1305 1594 1485 1718 milite,
1520 1599 1593 1701 sed

128 1737 370 1881 remigibus
407 1739 633 1839 dumtaxat
670 1772 714 1838 et
742 1736 883 1838 nautis
920 1771 1041 1839 erant
1076 1734 1335 1842 instructae.
1376 1735 1454 1841 Ad
1490 1780 1593 1885 pro-

126 1885 404 1986 montorium
440 1891 644 2006 Cruzetam
680 1883 818 2025 vulgo
855 1880 1062 2001 dictum,
1099 1882 1156 1985 ab
1192 1880 1298 1986 urbe
1333 1884 1416 1985 tria
1452 1886 1591 1988 millia

124 2068 338 2169 passuum
373 2026 592 2170 congressi
616 2025 761 2146 Galli,
780 2023 898 2128 urbis
933 2061 1065 2169 atque
1101 2026 1210 2128 arcis
1237 2027 1430 2130 clavibus
1467 2027 1590 2132 obla·

123 2174 213 2299 tis,
252 2170 493 2293 Carolum,
514 2208 566 2272 ut
601 2170 843 2273 Massiliam
879 2170 1142 2291 diverteret,
1161 2172 1427 2276 invitarunt.
1474 2175 1590 2297 Qui-

120 2319 204 2420 bus
238 2319 310 2420 ille
344 2356 429 2460 pto
466 2314 777 2419 benevolentia
814 2352 858 2418 et
894 2316 1106 2457 praestito
1143 2311 1299 2419 officio
1341 2318 1498 2462 gratias
1536 2361 1593 2431 a-,

115 2501 264 2604 gens,
300 2466 383 2564 ad'
410 2474 584 2607 Regem
619 2499 662 2561 st
697 2499 932 2604 properare
981 2460 1135 2581 dixit,
1174 2496 1218 2563 et
1253 2498 1356 2564 ante
1405 2501 1586 2605 portum

98 2600 441 2709 'Massiliensem
475 2646 604 2708 mane
639 2643 920 2752 progressus,
955 2605 1153 2708 constitit
1189 2607 1237 2708 in
1271 2605 1503 2730 anchoris,
1542 2645 1586 2712 et

108 2751 347 2894 reliquum
383 2750 471 2853 diei
507 2752 790 2873 consumsit,
831 2749 982 2852 multis
1017 2751 1228 2892 Hispanis
1264 2751 1486 2893 Gallisque
1529 2754 1585 2853 ad

108 2894 282 2997 urbem
317 2935 359 2999 et
394 2935 527 3000 naves
561 2897 678 2997 ultro
716 2930 758 2996 et
792 2895 905 2997 citro
941 2893 1293 2996 commeantibus
1340 2934 1442 2996 cum
1486 2934 1585 2996 ma·

109 3080 210 3182 gna
261 3077 553 3185 utrorumque
597 3037 909 3167 benevolentia
955 3075 999 3139 et
1038 3038 1202 3141 laetitia
1245 3079 1296 3141 ac
1331 3038 1589 3143 Massilien*
1626 3116 1628 3120 -

111 3186 234 3286 sium
269 3186 479 3329 singulari
515 3186 765 3296 comitate3
798 3186 879 3329 qui
915 3184 1204 3287 Massilienses
1239 3183 1403 3285 Carolo
1452 3185 1582 3286 navi-

109 3327 261 3429 culam
298 3328 543 3433 recentibus
579 3328 752 3433 cibariis
793 3366 1026 3450 onustam,
1061 3366 1239 3474 gratum
1274 3329 1583 3432 munusculum

116 3508 164 3572 et
201 3476 397 3616 tempori
433 3477 813 3596 accomodatum,
849 3474 1085 3578 miserunt.

186 3630 352 3723 XXIII.
428 3621 574 3721 Prima
609 3619 799 3762 vigilia,
833 3617 1016 3722 Carolus
1053 3617 1232 3723 sublatis
1269 3613 1469 3720 anchoris
1512 3612 1585 3717 di·

103 3764 339 3903 greditur.
385 3771 577 3866 Euntem
611 3763 726 3864 Galli
761 3801 865 3865 cum
901 3763 1056 3863 eadem
1092 3762 1256 3886 classe,
1292 3758 1355 3863 ut
1383 3759 1487 3893 jussi
1532 3801 1584 3859 e·-

100 3941 216 4006 1ant
234 3986 248 4026 ,
265 3948 400 4051 usque
436 3911 495 4012 ad
531 3946 742 4053 portum,
762 3907 845 4051 qui
881 3943 944 4007 est
981 3941 1081 4007 ante
1110 3919 1287 4009 Fossam
1309 3904 1583 4022 Marianam,

108 4043 259 4151 oflicii
295 4055 434 4193 gratia
487 4088 841 4198 prosequuntur.
897 4051 981 4153 Sed
1032 4092 1129 4154 non
1176 4053 1312 4195 longe
1354 4085 1582 4191 progressa

108 4192 280 4316 classe,
311 4232 431 4300 tanta
464 4199 623 4304 nebula
659 4235 869 4343 tantaque
905 4195 1050 4341 caligo
1088 4235 1151 4300 est
1187 4197 1334 4301 subito
1370 4231 1582 4292 consecu-

112 4372 199 4462 ta,
236 4376 287 4442 ut
323 4342 450 4444 omni
484 4379 632 4485 erepta
668 4342 805 4461 luce,
838 4383 893 4444 ne
929 4385 954 4445 a
990 4341 1202 4485 proximis
1238 4338 1420 4481 quidem
1455 4336 1584 4437 navi·-

113 4475 199 4581 bus
222 4486 408 4588 lumina
448 4522 760 4610 cernerentur,
797 4524 910 4629 quat
957 4485 1007 4586 in
1047 4486 1190 4629 puppi
1231 4483 1351 4585 navis
1387 4493 1583 4624 Impera-

115 4627 254 4726 toriae
312 4634 592 4773 proposita,
630 4665 820 4774 spectate
869 4666 1033 4733 ceterae
1082 4668 1221 4731 noctu
1273 4663 1405 4771 atque
1456 4624 1579 4765 sequi

132 4804 461 4878 consueverant.
512 4791 576 4881 Ita
612 4778 712 4881 licet
749 4812 903 4882 ventus
938 4775 1065 4879 flaret
1108 4815 1199 4877 non
1241 4775 1478 4891 adversus,
1518 4802 1588 4867 ta-

1120 4934 1148 5021 F
1169 4962 1193 5019 2
1486 4947 1591 5010 men
