4192 5858
511 282 596 345 οπο
871 326 874 339 ,
898 269 983 351 DE
1030 268 1236 349 REBUS
1280 261 1500 346 GEsrrs

474 425 601 569 quod
638 457 730 525 erat
764 418 954 524 maxime
990 425 1307 542 necessarium,
1343 419 1615 523 muniretur.
1669 554 1671 559 Ι
1846 558 1885 565 -.

473 559 477 569 ⁴
547 575 765 672 XXXVI.
841 573 941 667 Nec
976 603 1085 665 vero
1120 565 1260 665 solum
1296 562 1426 696 hujus
1461 564 1581 665 navis
1618 557 1811 665 absentia
1845 575 1929 669 Co·

478 751 571 818 mes
607 710 882 850 angebatur,
917 708 992 808 sed
1025 708 1289 808 Nomadum
1323 706 1457 807 etiam
1491 703 1700 848 perfidia,
1728 707 1811 846 qui
1844 704 1928 810 sibi

370 914 374 919 »
479 889 524 957 et
558 850 815 954 Abaudillae
834 927 859 972 ,1
885 851 964 991 qui
999 851 1056 951 ad
1090 858 1295 950 Oranum
1331 851 1512 969 aderat,
1547 887 1805 990 quemque,
1838 846 1929 950 fra·

479 1034 545 1099 tre
581 993 847 1096 Mahumeto
895 990 1158 1111 debellato,
1195 1033 1239 1092 se
1285 998 1561 1092 Tremezeno
1610 986 1930 1131 praefecturam

479 1153 641 1244 Comes
677 1133 982 1277 praedicabat,
1017 1173 1140 1236 suam
1175 1172 1353 1274 operam
1388 1137 1444 1236 ad
1479 1135 1527 1234 id
1560 1130 1726 1234 bellum
1771 1175 1927 1276 geren·

480 1284 622 1401 dum,
657 1289 938 1420 jumentaque
973 1279 1030 1378 ad
1064 1310 1282 1378 tormenta
1326 1274 1571 1396 trahenda,
1601 1314 1929 1381 commeatum-

481 1464 570 1565 que
611 1458 653 1521 et
706 1423 887 1521 sarcinas
935 1419 1254 1560 deportandum
1304 1419 1523 1559 polliciti,
1557 1455 1661 1519 cum
1708 1457 1772 1520 res
1823 1416 1929 1525 offi-

481 1565 604 1665 cium
640 1561 876 1703 poscebat,
913 1562 1023 1666 nihil
1073 1599 1224 1662 eorum
1277 1563 1546 1701 praestitere.
1597 1569 1698 1662 Nec
1744 1562 1928 1663 mium:

483 1707 713 1810 Nomades
761 1707 881 1806 enim
929 1741 1100 1806 versuta
1149 1701 1312 1821 nati0,
1347 1743 1450 1808 cum
1503 1741 1581 1842 pro
1632 1704 1832 1806 simulata
1881 1705 1928 1804 in

482 1846 764 1951 Abaudillam
799 1847 992 1949 amicitia
1028 1851 1324 1988 rogarentur,
1358 1843 1406 1947 id
1441 1845 1601 1947 scilicet
1636 1882 1813 1989 egerant
1849 1874 1929 1988 pro

483 1990 614 2094 insito
651 1990 788 2109 dolo,
822 2024 871 2089 ut
907 1989 1029 2112 ipani
1064 2027 1138 2129 spe
1172 1988 1365 2119 injecta,
1399 1986 1668 2090 Christianos
1703 1989 1930 2090 redderent

483 2132 821 2274 negligentiores
857 2133 913 2232 ad
947 2130 1178 2233 necessaria
1226 2127 1344 2231 bello
1391 2132 1771 2272 comparandum,
1806 2131 1930 2273 quod

483 2271 530 2376 in
556 2272 893 2376 Mahometanos
927 2275 1089 2375 amicos
1117 2310 1273 2372 torum
1299 2305 1342 2372 et
1366 2275 1736 2417 consanguineos,
1755 2310 1798 2375 et
1832 2312 1930 2375 cer-

484 2451 529 2518 te
563 2417 756 2548 ejusdem
792 2416 1014 2558 religionis
1043 2453 1086 2518 et
1109 2398 1392 2556 provinciae,
1419 2414 1785 2558 comparabaturr
1819 2455 1933 2558 quae

481 2558 749 2661 necessitudo
784 2568 892 2662 solet
926 2594 1125 2658 mutuam
1162 2556 1516 2660 benevolentiam
1550 2555 1803 2662 bominibus
1853 2559 1933 2658 ad·

483 2738 627 2803 versus
661 2735 855 2802 externos
895 2701 1143 2802 naturaliter
1198 2699 1481 2840 ingenerare,
1515 2737 1566 2801 ut
1614 2698 1772 2803 talibus
1825 2739 1934 2842 pro-

483 2844 622 2943 missis
676 2881 941 2986 magnopere
990 2842 1208 2946 confidete
1255 2843 1547 2982 periculosum
1582 2844 1637 2948 sit
1693 2878 1737 2944 et
1777 2841 1934 2944 homi-

483 3023 553 3085 ms
589 3020 780 3089 mcautr.
826 3062 829 3067 2
1027 3097 1029 3101 ,
1941 3057 1950 3137 3.

554 3135 803 3247 XXXVII⁸¹
860 3127 946 3229 His
1000 3126 1325 3231 difficultatibus
1373 3127 1549 3235 affectus
1598 3141 1793 3251 Comes,
1829 3141 1944 3294 curd

480 3263 635 3371 frustra
671 3269 931 3410 quindecim
963 3272 1148 3413 amplius
1182 3274 1274 3373 dies
1317 3273 1438 3373 navis
1480 3273 1711 3414 appulsum
1747 3308 1790 3372 et
1826 3312 1930 3416 prop·

481 3411 609 3512 missa
643 3412 902 3513 Nomadum
938 3450 1253 3556 exspectasset,
1289 3452 1345 3514 ne
1379 3449 1548 3557 tempus
1584 3454 1659 3555 spe
1692 3415 1817 3516 inani
1870 3434 1920 3556 tp

479 3589 621 3671 teret,
660 3594 772 3655 neve
808 3589 1011 3698 congesta
1046 3554 1208 3659 cibaria
1242 3594 1658 3698 corrumperentur,
1692 3546 1910 3700 profectid

477 3732 581 3794 nem
616 3735 875 3837 comparats
911 3698 1020 3800 inita
1054 3700 1256 3819 ratione,
1294 3738 1381 3839 qua
1432 3701 1582 3842 inopia
1632 3698 1898 3832 jumentori

475 3838 803 3938 sarcinariorum
839 3835 1131 3942 sublevaretur
1152 3918 1167 3963 ,
1187 3840 1462 3982 pronuntiari
1494 3840 1652 3976 jubet,
1686 3878 1737 3944 ut
1772 3717 1896 4019 milig

409 4018 413 4028 ’
473 4018 530 4078 se·
568 3980 714 4082 itineri
749 4017 1091 4120 compararent,
1127 4020 1171 4083 et
1205 4020 1310 4084 octo
1360 3984 1530 4086 dierum
1584 3985 1797 4087 viaticum
1850 4012 1871 4138 p

473 4122 659 4264 quisque
695 4127 940 4265 deportaret
976 4134 1139 4256 ‚cujus
1176 4127 1239 4228 rei
1274 4128 1410 4268 gratia
1447 4165 1608 4270 magna
1627 4129 1708 4236 ,vis
1746 4125 1860 4267 blsscl

468 4266 593 4401 panis
627 4268 685 4365 ad
729 4266 881 4369 turrim
917 4276 1171 4369 Sanctorum
1222 4269 1618 4410 cognominatam,
1656 4268 1777 4397 extra
1822 4288 1849 4436 g

465 4443 535 4505 ros
587 4445 794 4547 congesta
831 4445 947 4510 erat.
1002 4422 1152 4526 Quem
1206 4411 1254 4508 in
1307 4410 1456 4511 locum
1508 4411 1698 4552 copiae,
1722 4408 1785 4511 ¹ut
1811 4439 1835 4520 ,’

460 4547 765 4691 imperatum,
798 4588 900 4652 curn
935 4552 1272 4694 convenissent,
1311 4563 1475 4654 Comes
1522 4589 1725 4657 coactum
1762 4442 1836 4743 ‘ll
