4170 5866
551 428 638 520 124
683 340 686 346 ⁸
755 413 767 439 ·
822 379 828 388 ’
940 409 1024 492 os
1072 402 1275 486 ussus
1324 380 1544 484 cussis

506 570 783 704 Catholicis,
819 565 1007 671 totidem
1043 609 1095 705 ert
1130 563 1388 666 Luthoranis
1432 599 1570 665 essent
1607 555 1738 666 initio
1780 560 1842 670 'ad
1880 565 1976 675 dis-⁴

510 723 803 870 putandum,
839 749 889 815 ut
941 716 1289 815 demonstratum
1324 749 1386 811 est
1403 790 1419 833 ,
1468 709 1661 832 delecti,
1698 750 1852 815 omnes
1902 754 1976 820 ta-

511 912 616 978 men
653 899 773 967 erant
809 860 987 961 natione
1024 857 1274 978 Germani,
1311 893 1354 956 et
1390 855 1576 996 quidam
1613 856 1747 956 etiam
1788 901 1841 960 ex
1882 902 1975 965 un-

509 1015 656 1117 decim
692 1007 846 1110 nostris
884 1004 1070 1145 suspecti
1107 1002 1300 1142 fideique
1337 1000 1538 1139 ancipitis
1574 998 1876 1108 habebantur.

581 1165 771 1271 xxxi·
830 1164 949 1252 Cum
992 1147 1225 1248 Granvella
1256 1145 1535 1250 Vorrnatiam
1578 1147 1767 1287 septimo
1803 1153 1978 1256 Kalen-¹

509 1306 584 1404 das
642 1293 896 1401 Decembris
947 1292 1258 1432 pervenisset,
1308 1299 1399 1421 jam
1446 1290 1606 1389 eodem
1656 1293 1875 1396 Felrrensis
1931 1334 1978 1398 et

507 1443 771 1546 Mutinensis
807 1437 1015 1578 Episcopi
1054 1432 1331 1534 Nuntiorum
1366 1433 1547 1533 nomine
1583 1476 1610 1534 a
1645 1438 1780 1537 Paulo
1816 1443 1979 1542 Ponti-2

508 1590 591 1689 lice
627 1589 792 1728 legati,
830 1620 1021 1721 cumque
1059 1578 1126 1679 his
1163 1613 1354 1720 quatuor
1390 1577 1529 1677 Italici
1555 1577 1784 1722 Theologi
1804 1657 1820 1706 ,
1840 1584 1976 1686 item-

398 1786 401 1792 ’
511 1773 597 1874 que
629 1729 764 1871 Regis
801 1725 1012 1826 Fernandi
1040 1733 1229 1865 Legatus
1266 1761 1368 1821 cum
1404 1718 1539 1822 tribus
1575 1719 1821 1864 Theologis
1857 1769 1977 1829 con-

403 1897 407 1905 '
510 1910 744 1978 venerant.
785 1872 866 1971 Sed
903 1903 1002 2010 post
1038 1869 1219 2008 longam
1256 1868 1497 1966 multorum
1535 1866 1706 1968 dierum
1743 1871 1797 1968 dc
1829 1874 1978 1973 ratio-

218 2622 315 2701 Auu,
334 2643 478 2692 uuam.

510 2058 564 2121 ne
599 2015 832 2117 disserendi
870 2012 1203 2114 contentionem
1239 2051 1289 2110 ac
1326 2010 1713 2131 deliberationem,
1740 2052 1834 2116 non
1870 2056 1977 2157 per-

509 2158 786 2265 mittentibus
823 2157 1086 2277 Germanis,
1121 2192 1172 2256 ut
1208 2154 1443 2296 quisquam
1492 2192 1610 2256 extra
1659 2197 1780 2257 suam
1832 2163 1977 2262 natio<

510 2345 615 2408 nem
651 2309 698 2407 in
734 2304 896 2445 viginti
948 2300 1120 2402 duobus
1173 2299 1446 2437 disceptandi
1496 2301 1635 2442 gratia
1683 2306 1977 2444 congressuris

512 2489 656 2571 esset,
690 2454 868 2550 tandem
921 2484 1069 2546 mense
1112 2444 1342 2581 Januario¹
1381 2444 1648 2584 insequentis
1700 2448 1852 2567 anni,
1893 2451 1979 2590 qui

513 2595 602 2698 fuit
638 2636 664 2694 a
700 2592 879 2694 Christo
915 2629 1021 2692 nato
1070 2588 1324 2689 millesimus
1367 2588 1737 2729 quingentesimus
1786 2595 1978 2731 quadra-

511 2739 700 2884 gesimus
737 2739 934 2881 primus,
972 2730 1146 2835 duobus
1181 2730 1398 2872 theologis
1424 2732 1596 2868 Joanni
1631 2734 1769 2833 Eckio
1804 2735 1977 2836 Catho-

509 2889 597 2987 lico
634 2962 649 3002 ,
686 2919 730 2983 et
783 2881 989 3021 Philippo
1038 2873 1379 2978 Melanchehoni
1431 2876 1681 2977 Lutberano
1733 2878 1977 3020 disputatio

510 3028 738 3171 permissa.
777 3037 880 3141 Qua
916 3063 1019 3122 curn
1057 3021 1252 3120 triduum
1289 3022 1623 3142 consumsissenr
1639 3097 1655 3140 ,
1676 3019 1789 3121 nihil
1826 3058 1981 3126 tamen

510 3169 837 3314 propemodum
874 3167 986 3266 inter
1023 3204 1097 3264 eos
1134 3164 1371 3267 convenire
1409 3165 1581 3305 potuit.

586 3324 777 3419 XXXII,
852 3321 958 3410 Hoc
1009 3308 1235 3452 cognito,
1276 3309 1505 3429 Carolus,
1541 3310 1620 3452 qui
1669 3322 1759 3444 jam
1808 3313 1983 3455 Spiram

512 3457 666 3559 urbem
704 3491 965 3599 processerat
985 3532 1000 3574 ,
1019 3489 1061 3554 et
1096 3452 1333 3595 impeditus
1371 3457 1568 3596 podagra
1604 3454 1847 3557 substiterat
1869 3536 1884 3578 ,
1906 3458 1987 3560 in-

514 3602 699 3702 termitti
747 3599 979 3742 negotium
1030 3593 1201 3728 jubet,
1249 3638 1299 3696 ac
1349 3595 1639 3701 Ratisbonam
1691 3600 1856 3735 rejici,
1899 3601 1988 3742 qui

513 3745 808 3844 conveniendi
846 3744 964 3842 locus
1001 3741 1230 3840 Germanis
1268 3739 1410 3841 dictus
1447 3777 1569 3865 erat,
1594 3781 1685 3882 quo
1723 3745 1840 3885 ipse,
1863 3784 1984 3846 mor-

512 3884 896 4014 bo‘remirtente,
944 3888 1136 3986 tamdem
1174 3886 1229 3984 ad
1264 3886 1504 4026 septimum
1540 3887 1756 3986 Kalendas
1795 3890 1987 3989 Martias

513 4032 711 4174 pervenit
745 4109 759 4151 ,
799 4031 1048 4171 eodemque
1084 4027 1305 4170 Principes
1352 4031 1616 4131 Germaniae
1674 4046 1990 4135 convenerunt

513 4176 758 4278 Cardinalis
780 4175 1090 4316 Moguntinus
1119 4252 1134 4294 ,
1167 4208 1209 4272 et
1246 4170 1452 4272 Matcbio
1489 4170 1890 4318 Brandeburgensis
1933 4218 1992 4281 ex

514 4321 788 4460 Imperatoris
824 4317 1157 4420 Delectoribus.
1217 4326 1439 4416 Praeterea
1488 4316 1715 4458 Philippus
1766 4330 1993 4459 Lantgrae

513 4464 610 4562 vius
646 4467 863 4583 Hessiae,
902 4464 1118 4604 Georgius
1153 4459 1551 4601 Brandeburgensis
1599 4457 1835 4579 Matcbio,
1888 4465 1990 4589 duo

511 4601 661 4707 fratres
696 4609 895 4715 Bavariae
929 4619 1112 4727 Duces,
1149 4601 1408 4702 Guilielmus
1446 4639 1489 4701 et
1526 4603 1827 4727 Ludovicus,
1871 4592 1999 4708 item

511 4750 839 4857 Bronzviccnsis
888 4764 1041 4868 Dux,
1077 4785 1121 4849 et
1171 4744 1394 4851 Pometiae
1445 4761 1663 4865 Comes,
1708 4747 1790 4889 qui
1841 4751 1997 4891 paulo

1877 4931 1987 5090 Plpst
