4170 5866
476 453 809 537 CAROLIV.
850 455 970 535 LIB.
1014 460 1160 537 XXII.
1425 473 1507 566 209

82 645 179 734 tes,
217 652 321 714 curn
358 652 516 756 parum
552 609 869 754 profecissent,
911 613 1040 745 (narn
1077 621 1168 743 ejus
1211 610 1467 735 firmitudo,
1491 651 1542 717 ut

82 792 145 855 est
182 758 230 857 in
265 798 432 899 magno
478 758 688 899 editoque
726 795 829 854 saxo
876 754 991 874 sita,
1027 793 1209 856 omnem
1259 760 1539 860 administra

81 899 256 1004 tionem
292 844 606 1040 friistrabatur)
644 941 690 1003 re
725 893 921 1020 infecta,
957 832 1267 1010 discesserunts
1307 942 1400 1002 non
1433 946 1536 1005 mo-

79 1043 142 1142 do
182 1047 284 1184 quia
319 1053 409 1174 jam
445 1049 500 1145 de
536 1044 860 1207 expugnatione
896 1047 1115 1185 desperare
1158 1083 1421 1188 coeperant,
1461 1051 1537 1150 sed

80 1185 224 1287 multo
261 1187 393 1287 etiarn
445 1230 584 1331 magis
621 1227 727 1332 quia
762 1187 888 1290 Vasti
923 1188 1130 1289 Marchio
1166 1229 1270 1288 cum
1316 1192 1537 1313 exercitu,

79 1363 128 1428 ut
177 1370 203 1428 a
267 1333 432 1432 Carolo
482 1330 684 1434 fuerat
658 1367 970 1496 rmperatum,
1021 1373 1074 1432 ex
1122 1332 1345 1472 Cisalpina
1395 1337 1536 1436 Gallia

79 1468 339 1614 profectus,
372 1474 569 1577 subsidio
604 1477 813 1578 Nicaenis
867 1476 1050 1596 venire,
1087 1516 1166 1576 nec
1217 1478 1459 1616 amplius
1444 1520 1534 1608 Jam

78 1619 272 1719 duorum
308 1621 533 1719 dierum
522 1621 676 1721 itinere
711 1618 856 1720 abesse
891 1616 1200 1721 nuntiabatur.
1246 1622 1361 1721 Galli
1397 1661 1535 1762 erg0,

79 1799 273 1901 quorum
309 1802 513 1864 numerus
550 1802 655 1864 octo
691 1764 859 1865 circiter
894 1763 1085 1864 millium
1120 1801 1254 1882 erat,
1291 1800 1405 1865 trans
1442 1777 1533 1867 Va-

79 1923 177 2004 rum
231 1906 397 2007 flumen
447 1944 729 2010 recesserunt.
782 1915 951 2008 Turcae
1009 1907 1253 2008 conscensis
1320 1906 1534 2030 navibus,

79 2049 367 2214 Antipolim,
400 2050 502 2153 inde
537 2052 780 2177 Massiliam
816 2051 1172 2192 navigaverunt,
1204 2091 1285 2154 nec
1337 2050 1402 2152 ibi
1457 2054 1548 2192 diu

79 2196 282 2320 morari,
318 2196 641 2297 Tauroentium
692 2193 970 2331 hybernandi
1022 2234 1149 2295 causa
1201 2196 1544 2337 migraverunt,

79 2373 228 2477 portus
280 2341 643 2460 commoditatem
679 2339 853 2457 secuti,
894 2337 1047 2480 ibique
1084 2338 1276 2441 hiemem
1313 2378 1533 2503 transege

79 2518 202 2582 runt.
266 2493 418 2624 Itaque
452 2486 640 2584 Turcica
675 2483 814 2583 classis
850 2483 1042 2583 solidum
1079 2522 1216 2623 paene
1252 2523 1420 2584 annum
1455 2485 1534 2583 sti·-

79 2626 236 2763 pendio
273 2628 443 2729 Gallico
493 2629 796 2769 nequidquam
846 2626 1135 2746 consumsit,
1174 2666 1253 2725 nec
1306 2666 1382 2767 per
1433 2668 1533 2729 eam

79 2779 170 2870 Rex
205 2771 448 2874 Franciscus
484 2773 732 2914 quidquam
769 2812 820 2872 ex
855 2772 941 2891 iis,
971 2811 1084 2911 quae
1121 2767 1328 2909 petebat,
1365 2792 1425 2868 est'
1462 2810 1531 2869 as

79 2947 280 3036 secutus,
315 2918 389 3016 sed
437 2954 646 3059 magnam
696 2956 838 3057 opum
887 2916 1172 3053 nominisque
1209 2923 1450 3044 jacturam,
1487 2946 1531 3014 et

79 3058 276 3159 omnium
312 3003 666 3161 Christiariorum
702 3056 870 3160 factum
905 3058 1217 3165 detestantium
1254 3057 1467 3156 odium
1456 3095 1529 3157 rn-

79 3202 207 3300 :urrit
233 3242 390 3345 ,quos
426 3206 602 3306 veniens
638 3204 893 3345 rediensque
929 3201 1199 3304 Charadinus
1235 3201 1384 3300 multis
1420 3200 1531 3302 cala-

79 3279 297 3447 mitatibus
334 3388 385 3447 ac
421 3349 691 3449 detrimentis
727 3346 898 3450 affecit.
983 3434 985 3441 s

141 3499 312 3593 XXIV.
390 3493 538 3594 Soluta
584 3491 858 3610 obsidione,
900 3491 1024 3594 Vasti
1060 3488 1262 3591 Marchio
1313 3486 1528 3590 Nicaeam

79 3671 125 3731 eo
162 3634 300 3735 biduo
335 3674 438 3736 cum
468 3637 774 3800 pervenisset,
812 3673 855 3736 et
891 3675 1037 3736 arcem
1087 3632 1404 3734 commeatibus
1456 3672 1526 3733 re-

79 3816 241 3918 >usque
276 3781 518 3880 necessariis
553 3782 844 3901 munivisset,
855 3783 1101 3881 exercitum
1138 3780 1197 3878 cis
1232 3778 1364 3918 Alpes
1400 3777 1527 3876 redu·

79 3958 166 4039 nr,
188 3957 232 4020 et
266 3925 568 4025 Mondenium
603 3924 849 4086 oppidum,
868 3925 991 4065 quod
1028 3962 1129 4023 curn
1165 3920 1389 4024 Gallorum
1427 3918 1527 4018 Hel·

79 4064 381 4227 retiorumque
417 4070 566 4170 valido
603 4068 821 4208 praesidio
857 4068 1041 4168 Carolus
1077 4080 1189 4168 Dost
1329 4103 1394 4162 ιιι
1431 4102 1525 4162 ma

79 4247 158 4348 rno
196 4249 351 4313 anrmo
386 4249 427 4313 et
462 4213 676 4331 consiliu,
704 4212 878 4314 tenebat
896 4065 1444 4375 ,oppugnasls’titiit,
1476 4241 1526 4306 ut

79 4303 286 4455 iraleficio
323 4392 366 4456 et
401 4357 573 4490 injuriis
609 4395 882 4476 occurrerer,
917 4354 1126 4496 quibus
1115 4355 1187 4453 rsti
1224 4350 1410 4450 finitima
1447 4387 1527 4490 op-

79 4496 179 4635 pida
216 4534 260 4599 et
297 4502 463 4601 castella
491 4540 653 4642 ,quae
689 4435 907 4642 praesidiis
943 4496 1209 4597 Caesarianis
1245 4491 1528 4611 tenebantur,

79 4678 225 4740 vexare
263 4684 357 4745 non
392 4644 679 4747 desistebant.
718 4657 869 4764 Quam
904 4642 1185 4744 obsidionem
1222 4677 1265 4739 et
1301 4678 1532 4780 oppugna

79 4782 208 4884 :iones
245 4787 325 4886 diu
379 4790 495 4892 Galli
542 4782 711 4891 fortiter
759 4829 865 4890 cum
917 4787 1254 4906 sustinuissent,
1287 4786 1343 4883 ad
1393 4820 1533 4880 extre»

144 4930 256 5029 Tom.
274 4940 331 5031 Π.
665 4951 668 4958 ’
896 5042 897 5045 ¹
1048 4933 1124 5033 Dd
1411 4962 1539 5024 mum
